2040 3464
90 110 229 176 ιιι-τοο]
430 113 564 162 emm.
839 112 886 164 ιιι

87 193 298 268 Βαβυλωνίοισι
325 191 456 268 Ζώπυρος
484 193 529 250 καὶ
553 191 733 272 στρατάρχης
755 217 787 252 τε
810 188 889 255 οὗτός

87 289 143 356 σφι
164 283 209 340 καὶ
225 279 400 359 τειχοφύλαξ
420 279 595 339 άπεδεδεκτο.
637 278 819 358 Προσβολῆν
839 279 868 337 δὲ
880 281 935 342 158

89 371 211 446 Δαρείου
232 369 302 428 κατά
323 368 359 427 τά
381 368 550 448 συγκείμενα
570 370 734 445 ποιευμένου
755 367 838 445 πέριξ
855 367 889 428 τά

88 462 190 536 τεῖχος,
205 458 324 517 ε’νθαΰτα
338 455 372 532 δη
386 455 479 515 πάντα
491 455 540 515 τὸν
554 455 639 515 δόλον
655 456 671 516 ά
688 456 819 533 Ζώπυρος
834 455 888 526 ε’ξέ-

88 551 180 620 φαινε·
209 549 236 604 οἶ
257 546 309 621 μὲν
329 541 386 625 γάρ
409 543 589 619 Βαβυλώνιοι
611 543 765 621 ἀναβάντες
789 543 835 602 ε’πὶ
856 542 889 603 τά

86 637 186 711 τεῖχος,
207 632 346 708 η’μύνοντο
367 630 421 706 την
442 631 564 707 Δαρείου
584 631 720 708 στρατιὴν
740 631 889 708 προσβάλ-

86 724 205 780 λουσαν·
227 720 243 780 ὁ
259 720 290 779 δὲ
306 717 437 796 Ζώπυρος
449 719 499 782 τάς
514 744 546 779 τε
563 720 689 783 Κισσίας
705 721 751 778 καὶ
766 719 890 794 Βηλίδας

87 808 257 884 καλεομένας
275 808 368 877 πύλας
386 805 572 877 α’ναπετάσας,
589 811 674 883 ε’σῆκε
690 807 756 870 τούς
774 808 890 884 Πέρσας

85 899 115 957 ἐς
132 896 165 954 τά
187 900 288 973 τεῖχος·
313 900 368 954 τῶν
388 895 418 953 δὲ
436 896 625 971 Βαβυλωνίων
644 894 672 954 οἳ
692 897 744 972 μὲν
766 895 838 954 εἶδον
855 896 888 954 τά

86 985 203 1058 ποιηθὲν
223 981 300 1043 οὗτοι
319 985 438 1064 ἔφευγον
459 988 486 1046 ἐς
506 987 558 1042 τοῦ
577 983 646 1047 Διὸς
666 988 716 1043 τοῦ
739 983 835 1058 Βήλου
855 983 888 1042 τὰ

88 1070 155 1145 ἱρὸν,
168 1073 194 1131 οἳ
204 1073 234 1131 δὲ
244 1071 294 1131 ούκ
306 1071 378 1131 εἶδον
389 1073 485 1148 ἔμενον
493 1076 522 1130 ἐν
532 1075 567 1149 τῇ
578 1075 679 1131 ἑωυτοῦ
688 1071 751 1142 τάξι
763 1072 889 1142 ἕκαστος,

88 1163 116 1221 ἐς
129 1158 145 1218 δ
159 1159 193 1235 δη
208 1160 254 1218 καὶ
268 1158 345 1219 οὗτοι
359 1160 462 1235 ἔμαθον
475 1159 682 1235 προδεδομένοι.
916 1156 918 1160 ’

128 1246 270 1323 Βαβυλών
296 1248 348 1323 μέν
376 1273 425 1306 νυν
451 1246 522 1305 οὕτω
547 1247 580 1306 τά
610 1247 735 1324 δεύτερον
762 1247 867 1323 αἱρέθη.
877 1248 934 1306 159

88 1340 207 1408 Δαρεῖος
220 1336 250 1394 δὲ
264 1336 325 1394 ε’πεί
335 1361 366 1393 τε
380 1333 516 1412 ἐκράτησε
529 1339 585 1394 τῶν
598 1337 795 1410 Βαβυλωνίων,
805 1339 889 1394 τοῦτο

87 1424 140 1497 μέν
153 1432 249 1499 σφεων
261 1424 294 1483 τά
308 1427 401 1500 τεῖχος
416 1427 539 1498 περιεῖλε
556 1423 601 1481 καὶ
618 1423 669 1484 τοῖς
685 1422 777 1485 πύλας
794 1421 889 1486 πάσας

88 1509 250 1571 ἀπέσπασε·
270 1512 303 1570 τά
319 1511 374 1591 γάρ
388 1509 524 1587 πρότερον
538 1510 607 1570 ἑλών
624 1513 717 1587 Κῦρος
729 1509 781 1584 τὴν
794 1511 888 1585 Βαβυ-

88 1602 165 1658 λῶνα
179 1599 294 1676 ἐποίησε
307 1598 411 1659 τούτων
425 1597 577 1675 οὐδέτερον·
598 1603 681 1658 τοῦτο
699 1599 728 1657 δὲ
741 1598 756 1656 ὁ
772 1601 889 1675 Δαρεῖος

87 1691 142 1746 τῶν
155 1686 261 1764 ἀνδρῶν
273 1686 338 1750 τούς
352 1687 520 1764 κορυφαίους
532 1685 662 1763 μάλιστα
676 1692 703 1749 ἐς
715 1686 889 1765 τρισχιλίους

89 1773 305 1845 ἀνεσκολόπισε,
318 1777 396 1834 τοῖσι
414 1774 443 1832 δὲ
456 1777 584 1833 λοιποῖσι
598 1773 809 1851 Βαβυλωνίοισι
822 1772 888 1833 οἷπέ·

89 1861 157 1921 δωκε
176 1862 229 1938 τὴν
248 1863 333 1923 πόλιν
353 1862 459 1921 οἰκέειν.
495 1861 529 1923 ὥς
549 1861 572 1920 δ’
594 1862 689 1931 ἕξουσι
708 1865 840 1942 γυναῖκας
860 1865 887 1922 οἶ

89 1950 268 2025 Βαβυλώνιοι
285 1951 329 2009 ἵνα
343 1957 399 2025 σφι
411 1950 492 2030 γένεα
506 1949 678 2029 ὑπογίνηται,
691 1949 758 2009 τάδε
772 1955 890 2026 Δαρεῖος

89 2038 209 2114 προῖδών
223 2039 347 2114 ἐποίησε·
363 2038 412 2101 τάς
425 2038 479 2118 γάρ
494 2042 606 2109 ἑωυτῶν,
622 2038 657 2102 ώς
671 2040 716 2097 καὶ
731 2037 788 2098 κατ’
799 2038 888 2117 άρχοῖς

89 2127 248 2203 δεδήλωται,
263 2128 416 2196 ἀπέπνιξαν
429 2129 455 2185 οἱ
468 2126 647 2202 Βαβυλώνιοι
663 2132 713 2186 τοῦ
727 2128 808 2187 σίτου
821 2153 888 2203 προ-

89 2217 226 2291 ορέωντες·
249 2216 363 2286 ἐπέταξε
375 2219 452 2275 τοῖσι
467 2216 634 2292 περιοίκοισι
654 2217 745 2275 ἔθνεσι
758 2219 889 2297 γυναῖκας

89 2309 116 2366 ἐς
130 2306 290 2380 Βαβυλῶνα
303 2303 473 2372 κατιστάναι,
486 2302 555 2365 ὅσας
569 2303 602 2378 δη
615 2303 760 2362 ἑκάστοισι
774 2302 888 2361 ἐπιτάσ·

89 2419 147 2452 σων
165 2392 237 2452 ὥστε
255 2393 338 2452 πέντε
355 2391 493 2469 μυριάδων
510 2391 543 2449 τά
566 2392 749 2467 κεφαλαίωμα
768 2394 823 2450 τῶν
838 2417 886 2471 γυ-

88 2485 188 2541 ναικῶν
202 2482 336 2556 συνῆλθε·
358 2485 388 2538 ἔκ
400 2480 519 2539 τουτέων
534 2479 563 2537 δὲ
581 2483 636 2538 τῶν
649 2482 783 2559 γυναικῶν
796 2481 823 2536 οἶ
839 2482 888 2538 νῦν

88 2569 266 2644 Βαβυλώνιοι
280 2568 424 2649 γεγόνασι.

131 2658 262 2734 Ζωπύρου
276 2660 305 2717 δὲ
322 2657 409 2718 οὐδεὶς
425 2655 611 2736 ἀγαθοεργίην
624 2655 758 2732 Περσέων
773 2654 932 2731 impe-160

88 2746 197 2822 βάλετο
215 2745 291 2823 παρά
305 2745 414 2822 Δαρείῳ
428 2749 516 2822 κριτῇ,
531 2742 593 2802 οὔτε
611 2747 666 2802 τῶν
681 2743 799 2820 ὕστερον
811 2769 888 2824 γενο-

87 2835 177 2911 μένων
200 2833 263 2893 ούτε
286 2838 341 2894 τῶν
363 2832 499 2908 πρότερον
522 2831 565 2890 ὅτι
591 2830 630 2907 μὴ
658 2835 753 2906 Κῦρος
775 2835 886 2906 μοῦνος·

87 2922 175 3000 τούτῳ
191 2922 246 3002 γάρ
265 2921 354 2984 οὐδεὶς
373 2919 506 2994 Περσέων
523 2918 627 2994 ἠξίωσέ
643 2945 680 2977 κω
698 2916 798 2977 ἑωυτάν
818 2944 888 2993 συμ-

86 3011 214 3086 βαλέειν.
243 3009 383 3071 πολλάκις
393 3008 422 3066 δὲ
433 3010 552 3081 Δαρεῖον
563 3008 675 3087 λέγεται
684 3006 797 3086 γνώμην
806 3006 888 3081 τήνδε

87 3097 288 3167 ἀποδέξασθαι,
302 3097 337 3160 ώς
350 3096 486 3172 βούλοιτο
502 3094 536 3153 ἂν
550 3094 682 3171 Ζώπυρον
696 3094 764 3152 εἶναι
780 3093 893 3153 ἀπαθέα

86 3191 138 3257 τῆς
150 3185 268 3262 αἐικείης
278 3180 434 3264 μάλλον,ἢ
448 3183 631 3262 Βαβυλῶνάς
645 3186 675 3243 ολ
685 3183 782 3241 {mom
791 3179 923 3253 παδςτῗκ

76 3272 166 3350 εὀάσρ
179 3275 410 3358 προσγενέσθαι.
451 3270 577 3356 ἐτίμησε
594 3275 630 3336 δὲ
650 3297 700 3354 μιν
719 3266 869 3349 mest&
894 3252 938 3312 *Β
