2040 3464
115 106 225 172 ιι-υο]
437 109 601 156 καύσαιμι.
870 110 918 157 ιιυ

114 189 219 265 θέρεος.
251 187 304 265 τήν
316 189 476 268 χειμερινὴν
487 188 559 266 ὥρην
572 188 796 265 ἀπελαυνόμενος
810 186 826 247 ό
838 186 919 263 ἥλιος

116 282 145 336 ἐκ
163 280 214 351 τῆς
229 275 346 355 οἰρχαίης
362 275 484 346 διεξόδου
500 276 555 336 ύπό
572 281 627 336 τῶν
643 276 792 355 χειμώνων,
811 276 920 354 ἔρχεται

115 369 166 440 της
178 364 289 440 Λιβύης
301 364 337 422 τοί
350 363 415 423 ἅνω.
456 364 491 427 οἷς
504 365 556 440 μέν
570 391 618 424 νυν
632 369 662 424 ἐν
676 366 817 442 ἐλαχίστῳ
831 364 919 439 δηλῶ-

115 477 174 522 σαι,
196 458 253 511 πᾶν
273 451 388 529 εἰρηται·
421 456 472 527 τῆς
491 452 547 533 γοίρ
567 450 602 511 όν
622 451 769 531 ἀγχοτάτω
789 451 809 530 ᾖ
828 451 920 530 χώρης

115 538 196 602 οὗτος
210 539 226 599 ό
241 539 311 608 θεός,
326 540 372 597 καὶ
386 540 456 598 κατοί
469 539 574 615 ἥντινα,
588 539 691 614 ταύτην
704 541 777 603 οἰκός
792 540 875 617 διψῆν
888 565 920 599 τε

115 626 222 687 ύδοίτων
231 627 360 703 μάλιστα
371 628 416 685 καί
426 626 462 686 ταί
473 626 593 707 ἐγχώρια
601 627 725 704 ῥεύματα
732 628 919 704 μαραίνεσθαι

115 719 171 774 τῶν
183 720 327 791 ποταμῶν.
367 714 417 777 Ὡς
429 715 459 774 δὲ
473 721 502 774 ἐν
514 716 614 775 πλέονι
627 716 704 794 λόγῳ
718 715 852 790 δηλῶσαι,
869 713 919 775 ὧδε
929 718 965 776 25

116 803 183 881 ἔχει·
201 803 306 873 διεξιών
318 807 369 879 τῆς
377 802 488 878 Λιβύης
497 803 533 862 τοί
545 803 601 863 α”νω
615 802 631 863 ό
645 802 732 877 ἥλιος,
744 803 809 862 τάδε
822 805 919 862 ποιέει·

116 889 166 949 ἅτε
190 890 236 950 διοί
256 890 360 954 παντός
380 895 431 950 τοῦ
450 890 554 968 χρόνου
576 893 685 967 αἰθρίου
705 917 736 950 τε
758 891 850 954 ἐόντος
869 895 919 951 τοῦ

118 978 197 1054 ἠέρος
220 984 271 1038 τοῦ
293 978 363 1038 κατοί
384 981 472 1037 ταῦτα
491 979 527 1038 τοί
548 981 637 1058 χωρία
657 979 703 1037 καί
724 978 849 1053 α’λεεινῆς
869 983 920 1053 τῆς

116 1066 208 1144 χώρης
227 1067 334 1144 ἐούσης,
355 1067 405 1126 ούκ
427 1067 526 1128 ἐόντων
544 1068 651 1145 ἀνέμων
670 1072 792 1146 ψυχρῶν,
814 1069 871 1137 διεξ

116 1157 204 1214 ποιέει
225 1156 284 1216 οἶόν
305 1183 358 1233 περ
381 1157 426 1214 καί
447 1155 479 1215 τό
503 1157 582 1234 θέρος
605 1156 670 1215 ἐωθε
691 1158 794 1215 ποιέειν
818 1155 865 1215 ἰαίν
885 1156 918 1216 τό

117 1244 207 1318 μέσον
226 1247 276 1304 τοῦ
295 1244 423 1321 ούρανοῦ·
445 1243 520 1302 ἕλκει
536 1244 591 1325 γοίρ
611 1243 652 1302 ἐπ’
671 1243 771 1302 ἑωυτόν
788 1243 820 1302 τό
839 1242 918 1319 ὕδωρ,

118 1331 239 1410 ἑλκύσας
265 1333 295 1391 δὲ
316 1331 435 1392 ἀπωθέει
455 1336 483 1394 ἐς
502 1331 538 1391 τιί
559 1332 614 1390 ἄνω
633 1333 730 1409 χωρία,
750 1330 918 1407 ὑπολαμβά-

116 1443 210 1482 νοντες
228 1420 258 1478 δὲ
277 1423 303 1478 οἰ
323 1420 419 1496 ἄνεμοι
436 1421 482 1478 καὶ
501 1419 705 1481 διασκιδνάντες
724 1417 851 1494 τήκουσι·
872 1420 920 1478 καί

117 1510 174 1565 εἰσι
188 1507 300 1570 οἰκότως
314 1511 341 1568 οἰ
354 1508 410 1567 α’πό
424 1507 525 1583 ταύτης
539 1512 589 1583 τῆς
601 1506 693 1586 χώρης
709 1508 845 1576 πνέοντες,
859 1506 919 1567 ὅτε

118 1593 198 1658 νότος
213 1596 259 1653 καὶ
278 1595 294 1655 ό
312 1596 374 1672 λίψ,
394 1595 501 1672 ιίνέμων
517 1595 629 1654 πολλόν
647 1600 701 1654 τῶν
713 1594 823 1654 πάντων
838 1594 918 1655 ύετώ-

116 1708 206 1741 τατοι·
227 1684 328 1763 (δοκέει
342 1684 373 1741 δέ
389 1709 438 1758 μοι
458 1683 520 1742 οὐδὲ
536 1687 592 1742 πᾶν
607 1683 640 1742 τό
657 1681 727 1760 ὕδωρ
746 1681 779 1743 τό
797 1683 918 1744 ἐπέτειον

118 1771 251 1831 ἑκάστοτε
270 1772 490 1848 ἀποπέμπεσθαι
503 1776 553 1832 τοῦ
573 1773 680 1830 Νείλου
702 1772 717 1830 ὁ
739 1771 827 1846 ἥλιος,
842 1770 920 1832 ἅλλοῖ

118 1860 165 1917 καὶ
177 1859 382 1942 ύπολείπεσθαι
395 1860 459 1935 περὶ
481 1859 601 1937 ἑωυτόν)
622 1861 812 1936 πρηϋνομένου
826 1861 856 1918 δὲ
868 1865 919 1920 τοῦ

117 1951 259 2025 χειμῶνος,
278 1947 428 2026 αἰπέρχεται
446 1946 461 2006 ό
480 1947 560 2021 ἥλιος
578 1953 606 2011 ἐς
622 1949 712 2024 μέσον
732 1948 781 2007 τόν
802 1948 918 2025 οὐρανόν

117 2035 218 2105 ὀπίσω,
233 2037 278 2093 καί
292 2035 324 2095 τό
339 2037 463 2094 ἐνθεῦτεν
476 2035 529 2111 ἤδη
540 2035 640 2112 ὁμοίως
652 2035 709 2095 α’πδ
723 2036 832 2096 πάντων
842 2037 917 2096 ἕλκει

117 2126 171 2181 τῶν
184 2128 326 2200 ποταμῶν·
347 2125 414 2187 τέως
428 2123 457 2182 δέ
480 2127 507 2182 οἱ
526 2127 578 2199 μὲν
594 2122 715 2200 ἰμβρίου
731 2124 830 2188 ύδατος
846 2151 918 2202 συμ·

117 2213 290 2292 μισγομέναν
316 2215 429 2271 πολλοῦ
455 2211 574 2281 αὐτοῖσι,
594 2210 644 2271 ἅτε
669 2212 786 2288 ὑομένης
811 2239 842 2272 τε
868 2218 918 2288 τῆς

117 2297 210 2375 χώρης
223 2301 269 2358 καὶ
289 2300 540 2378 κεχαραδρωμένης,
554 2300 651 2376 ῥέουσι
669 2301 798 2379 μεγάλοι·
819 2302 917 2360 τοῦδέ

117 2387 219 2461 θέρεος,
233 2392 288 2448 τῶν
300 2414 331 2447 τε
345 2387 460 2464 ὄμβρων
473 2387 670 2447 ἐπιλειπόντων
688 2387 787 2451 αύτούς
804 2389 849 2446 καί
861 2387 916 2449 ύπό

117 2479 168 2533 τοῦ
180 2474 263 2551 ἡλίου
277 2475 429 2552 ἑλκόμενοι,
444 2476 574 2538 α’σθενέες
588 2476 652 2534 εἰσί·
673 2475 689 2534 ὁ
704 2476 733 2534 δὲ
747 2479 851 2538 Νεῖλος
865 2476 915 2535 ε’ὠν

117 2561 269 2641 ἄνομβρος,
284 2564 431 2640 ἑλκόμενος
451 2563 481 2621 δὲ
500 2562 554 2622 ύπό
575 2568 624 2622 τοῦ
645 2563 736 2638 η’λίου,
750 2567 851 2638 μοῦνος
867 2590 918 2623 πο·

116 2657 212 2727 ταμών
224 2657 323 2712 τοῦτον
336 2653 385 2711 τόν
397 2652 500 2729 χρόνον
519 2651 631 2714 οἰκότως
649 2651 731 2713 αύτός
749 2655 848 2710 ἑωυτοῦ
861 2652 917 2727 ῥέει

117 2745 216 2820 πολλῷ
236 2741 435 2817 ύποδεέστερος
456 2737 474 2815 ἢ
495 2744 545 2798 τοῦ
568 2741 671 2815 θέρεος·
704 2738 769 2797 τότε
789 2741 841 2814 μὲν
860 2739 917 2819 γιίρ

117 2829 188 2905 μεταί
201 2828 311 2889 πόντων
319 2833 374 2888 τῶν
385 2828 492 2887 ύδότων
506 2829 569 2888 ἴσον
583 2828 701 2896 ἕλκεται,
711 2825 761 2886 τόν
774 2827 804 2886 δὲ
816 2831 916 2906 χειμῶ-

117 2943 152 2976 να
164 2921 267 2992 μοῦνος
279 2917 411 2988 πιέζεται·
431 2914 501 2974 οὕτω
513 2914 564 2975 τόν
577 2915 659 2990 ἥλιον
672 2913 802 2992 νενόμικα
815 2915 918 2975 τούτων

117 3006 206 3064 αἴτιον
223 3005 300 3064 εἶναι.
342 3004 440 3068 Λίτιος
459 3003 489 3064 δὲ
508 3003 597 3069 οἰυτδς
616 3001 710 3077 οὗτος,
728 3003 804 3064 κατὰ
819 3001 992 3081 ηυςλρηυὶλῆ

106 3090 158 3163 τήν
169 3091 246 3166 ε’μιρν,
258 3095 307 3153 καί
320 3093 374 3155 τόν
387 3094 461 3174 ἠέρα
475 3097 566 3178 ξηρὸν
579 3096 635 3160 τὸν
645 3094 743 3177 ταύτῃ
754 3084 966 3184 ἓιναιιλ·ω*ἕ““

91 3199 132 3232 ων
150 3176 206 3251 τήν
226 3180 359 3252 διέξοδον
383 3187 487 3250 αὐτοῦ·
522 3190 604 3253 οὕτω
629 3193 688 3268 τῆς
715 3181 841 3264 λιβίιηὶ
863 3174 908 3234 'ff‘
929 3187 997 3263 Q

77 3259 164 3334 θεζοος
187 3269 245 3326 αἰεί
271 3277 408 3359 κατέχει.
462 3285 488 3343 εἰ
515 3283 554 3347 δὲ
575 3282 600 3363 ἡ
629 3280 753 3345 στάσις
777 3272 936 3350 ἤλλακτο
956 3271 1006 3306 τω

872 1068 918 1127 mlv
