2040 3464
87 108 228 173 ιιι-ιιι]
376 110 602 158 Μακαοιιιικιι.
840 119 885 164 341

86 186 224 263 α’ποικίην.
260 190 323 247 ἐπεί
339 215 371 248 τε
395 189 424 247 δὲ
447 193 532 249 κακοῦ
553 190 631 250 οὐδὲν
653 191 688 267 ἦν
709 200 766 268 σφι
789 197 888 271 μῆχος,

86 278 230 352 πέμπουσι
258 283 285 339 ἐς
313 277 428 353 Κρήτην
455 277 593 357 ἀγγέλους
620 280 779 356 διζημένους
803 283 828 339 εἶ
849 308 891 345 τις

88 369 205 441 Κρητῶν
218 364 236 440 ἢ
249 365 383 440 μετοίκων
397 365 549 442 ἀπιγμένος
566 367 607 442 εἴη
622 366 649 428 ἐς
663 369 791 444 Λιβύην;
814 395 889 446 περι-

85 452 263 528 πλανώμενοι
277 452 306 509 δέ
325 452 410 527 αὐτήν
430 451 506 510 οὗτοι
522 453 655 513 α’πίκοντο
675 457 720 513 καὶ
739 455 767 518 ε’ς
780 455 892 517 Ἴτανον

87 540 179 599 πόλιν·
199 539 228 599 έν
242 540 328 617 ταύτῃ
343 540 371 598 δέ
386 541 583 622 συμμίσγουσι
601 541 680 617 οἶνδρὶ
697 545 836 620 πορφυρέϊ
853 549 892 623 τῷ

87 627 191 704 ούνομα
203 630 248 704 ἔην
260 628 422 705 Κορώβιος·
437 629 466 691 ὃς
481 630 535 704 ἔφη
546 629 591 688 ὑπ’
603 629 709 706 α’νέμων
720 631 892 709 ἀπενειχθεὶς

86 715 236 776 ἀπικέσθαι
248 722 274 779 ἐς
288 717 407 792 Αιβύην,
423 719 468 775 καὶ
482 718 592 793 Λιβύης
607 723 633 779 ἐς
644 720 778 777 Πλατέαν
789 725 888 794 νῆσον·

85 806 179 882 μισθῷ
199 805 228 864 δὲ
248 809 347 864 τοῦτον
367 807 514 868 πείσαντες
535 805 605 885 ἦγον
626 812 653 868 ἐς
674 807 780 882 Θήρην·
810 813 839 866 ἐκ
861 809 891 866 δέ

86 891 179 968 Θήρης
193 895 293 952 ἔπλεον
308 893 481 952 κατάσκοποι
499 892 601 969 ἄνδρες,
616 895 650 953 ταὶ
664 899 760 970 πρῶτα
774 893 806 953 ού
820 901 888 953 πολ-

85 981 140 1049 λοὶ,
156 983 387 1061 κατηγησαμένου
406 981 435 1038 δὲ
453 985 505 1040 τοῦ
524 985 674 1056 Κορωβίου
695 988 721 1044 ἐς
734 981 785 1057 τήν
799 986 888 1057 νήσον

85 1067 188 1144 ταύτην
201 1069 234 1144 δή
248 1069 299 1143 τήν
314 1070 454 1138 Πλατέαν,
469 1068 517 1128 τόν
530 1072 581 1144 μὲν
594 1069 744 1145 Κορώβιον
758 1072 889 1130 λείπουσι

85 1157 163 1214 σιτία
176 1156 375 1218 καταλιπόντες
391 1156 465 1215 ὅσων
479 1155 513 1231 δή
530 1161 631 1232 μηνῶν,
646 1157 724 1215 αὐτοὶ
743 1157 772 1214 δὲ
789 1159 890 1218 ἔπλεον

85 1244 136 1319 τήν
163 1246 301 1323 ταχίστην
327 1244 548 1325 ἀπαγγελέοντες
572 1246 721 1320 Θηραίοισι
748 1247 813 1322 περὶ
840 1250 890 1322 τῆς

85 1331 183 1406 νήσου.
213 1331 443 1406 Ἀποδημεόντων
457 1333 487 1391 δὲ
500 1332 602 1391 τούτων
617 1333 694 1391 πλέω
705 1333 808 1411 χρόνον
819 1339 869 1392 τοῦ
880 1337 936 1394 152

85 1422 277 1500 συγκειμένου,
290 1420 340 1479 τῶν
354 1421 504 1496 Κορώβιον
518 1421 633 1479 ἐπέλιπε
645 1419 681 1479 τῶ
695 1419 799 1479 πάντα·
817 1421 888 1496 μετ’ῶ-

85 1508 122 1575 δέ,
135 1513 199 1583 νηῦς
210 1509 302 1584 Σαμίη
316 1513 365 1582 τῆς
378 1509 532 1584 ναύκληρος
546 1510 592 1582 έην
607 1512 745 1577 Κωλαῖος,
760 1510 890 1567 πλέουσα

85 1594 126 1653 ἐπ’
152 1597 295 1676 Αἰγύπτου
314 1594 470 1673 ἀπηνείχθη
493 1601 520 1657 ἐς
540 1595 592 1670 τήν
615 1599 747 1655 Πλατέαν
769 1596 886 1671 ταύτην·

84 1683 236 1760 πυθόμενοι
257 1687 286 1742 δὲ
314 1687 340 1743 οἶ
368 1684 470 1760 Σάμιοι
491 1684 567 1760 παρῶ
590 1689 639 1742 τοῦ
664 1685 815 1760 Κορωβίου
837 1685 887 1744 τόν

84 1771 176 1830 πάντα
189 1772 284 1853 λόγον,
299 1774 376 1831 σιτία
391 1775 417 1830 οἱ
432 1776 555 1831 ἐνιαυτοῦ
572 1773 788 1830 καταλείπουσι·
805 1771 887 1831 αὐτοὶ

84 1859 114 1917 δὲ
128 1859 292 1938 α’ναχθέντες
306 1866 335 1918 ἐκ
349 1865 399 1935 τῆς
412 1859 500 1935 νήσου
512 1861 558 1918 καὶ
567 1859 734 1940 γλιχόμενοι
745 1859 888 1940 Αἰγύπτου

84 1949 185 2007 ἔπλεον
203 1948 410 2025 ἀποφερόμενοι
426 1948 573 2026 ιίπηλιώτη
590 1947 691 2026 ἀνέμῳ,
710 1949 763 2017 καὶ,
784 1947 815 2006 ού
831 1947 887 2029 γῶρ

83 2035 154 2095 ἀνίει
171 2036 204 2096 τό
222 2041 339 2112 πνεῦμα,
353 2036 512 2112 Ἡρακλέας
531 2037 640 2110 στήλας
655 2036 886 2112 διεκπερήσαντες

83 2123 217 2184 α’πίκοντο
231 2131 259 2186 ἐς
269 2123 447 2199 Ταρτησσόν,
464 2125 523 2201 θείη
538 2128 637 2200 πομπή
652 2124 813 2201 χρεώμενοι.
854 2123 887 2183 τό

83 2213 113 2270 δὲ
131 2213 264 2289 ἐμπόριον
279 2217 361 2271 τοῦτο
378 2211 414 2287 ἦν
432 2210 572 2287 ἀκήρατον
590 2215 690 2270 τοῦτον
708 2212 757 2270 τῶν
770 2211 886 2289 χρόνον·

83 2299 156 2359 ῶστε
168 2299 414 2374 ἀπονοστήσαντες
429 2296 505 2357 οὗτοι
519 2298 618 2367 ὀπίσω,
633 2300 755 2377 μέγιστα
770 2298 802 2373 δή
822 2298 887 2357 Ἑλ-

20 2400 23 2405 '
83 2389 174 2462 λήνων
187 2387 297 2447 πάντων
310 2393 365 2446 τῶν
382 2388 462 2463 ἡμεῖς
481 2386 610 2461 οἶτρεκίην
629 2386 707 2461 ἴδμεν
722 2392 751 2444 ἐκ
767 2387 888 2462 φορτίων

83 2476 243 2552 ἐκέρδησαν,
264 2475 335 2552 μετώ
359 2501 392 2555 γε
417 2472 585 2549 Σώστρατον
605 2472 654 2532 τόν
678 2474 887 2549 Λαοδάμαντος,

85 2564 244 2644 Αἰγινήτην·
265 2562 353 2642 τούτῳ
366 2566 421 2642 γάρ
436 2560 486 2620 ούκ
501 2559 546 2619 οἷό
559 2563 591 2619 τέ
603 2567 665 2620 ἐστι
679 2564 771 2638 ἐρίσαι
784 2560 885 2621 ἄλλον.

83 2655 110 2710 οἶ
130 2653 160 2711 δὲ
181 2652 283 2727 Σάμιοι
302 2651 353 2725 τήν
370 2650 487 2724 δεκάτην
504 2653 558 2707 τῶν
573 2650 732 2725 ἐπικερδίων
747 2649 888 2718 ἐξελόντες

83 2741 114 2809 ἐξ
125 2740 259 2808 τάλαντα,
274 2739 443 2814 ἐποιήσαντο
457 2736 595 2814 χαλκήϊον
609 2743 744 2813 κρητήρος
757 2737 886 2817 Ἀργολι-

82 2833 133 2887 κοῦ
154 2828 267 2904 τρόπον·
295 2828 375 2902 πέριξ
393 2827 423 2885 δὲ
442 2824 527 2883 αὐτοῦ
547 2828 660 2905 γρυπῶν
678 2826 800 2899 κεφαλαὶ
819 2824 887 2901 πρό·

83 2919 207 2994 κροσσοί
224 2921 288 2974 εἶσι·
311 2916 356 2973 καὶ
373 2914 510 2989 ἀνέθηκαν
528 2917 555 2975 ἐς
573 2911 605 2971 τό
619 2912 748 2988 Ἥραιον,
762 2912 887 2988 ύποστή-

82 3031 184 3068 σαντες
200 3005 273 3082 αὐτῷ
292 3009 364 3080 τρεῖς
383 3003 521 3081 χαλκέους
535 2999 695 3061 κολοσσούς
709 3001 888 3079 ἑπταπήχεας

81 3099 158 3152 τοῖσι
179 3090 298 3174 γούνασι
323 3090 543 3167 ἐρηρεισμένους.
579 3093 763 3163 Κυρηναίοισι
788 3088 817 3145 δὲ
839 3089 885 3146 καὶ

81 3183 233 3258 Θηραίοισι
252 3186 279 3242 ἐς
297 3180 418 3253 Σαμίους
439 3175 495 3235 ἀπό
514 3175 614 3236 τούτου
631 3179 682 3235 ταῶ
697 3178 781 3254 ἔρχου
793 3180 898 3248 πρῶτα

79 3270 173 3346 Mhi
197 3271 326 3349 μεγάλαι
352 3265 589 3346 συνεκρήθησαν.
632 3267 677 3324 ὒὶ
700 3263 738 3320 δε
761 3252 975 3423 ὒηρῶκοὼ]
