2040 3464
148 111 191 159 ιιι
460 112 633 160 ΗΡοιοιου
894 112 942 176 [11.

144 193 198 247 τῶν
211 190 352 265 προτέρων
365 191 512 264 βασιλέων
525 188 655 248 δεδόσθαι
670 189 825 267 ἐξαιρέτους
838 189 946 271 ἔκάστιρ

145 276 264 334 δυώδεκα
286 275 413 352 ἀρούρας·
434 276 504 352 μετά
529 277 566 346 δὲ,
592 276 633 335 ἐπ’
657 278 800 356 Αἴγυπτον
822 277 947 338 ἐλαύνειν

145 362 267 438 στρατόν
286 363 375 442 μέγαν
394 362 593 441 Σαναχάριβον
611 364 739 440 βασιλέα
753 364 896 442 Ἀραβίων
914 389 946 426 τι·

145 452 191 509 καὶ
214 450 382 527 Ἀσσυρίων·
421 450 507 510 ούκων
531 450 564 526 δι)
589 452 696 511 ἐθέλειν
717 451 783 515 τούς
805 454 946 531 μαχίμους

142 543 198 598 τῶν
224 541 382 619 Αἰγυπτίων
405 539 545 614 βοηθέειν,
569 538 618 598 τόν
639 539 669 597 δὲ
691 541 751 616 ἱρέα
773 545 801 602 ἐς
826 539 945 617 ἀπορίην

143 626 336 703 ἀπειλημένον,
349 626 503 685 ἐσελθόντα
514 631 541 688 ἐς
549 626 583 685 τό
592 627 716 706 μέγαρον
729 627 799 704 πρός
808 626 945 708 τῶγαλμα

143 713 332 792 ἀποδύρεσθαι
353 715 399 773 οἶα
419 712 566 773 κινδυνεύει
585 715 708 773 παθέειν·
732 714 944 792 ὀλοφυρόμενον

143 801 167 862 δ’
187 801 242 880 άρα
261 828 310 879 μιν
330 803 457 861 ἐπελθεῖν
477 801 571 870 ὕπνον,
587 802 635 861 καί
653 805 680 862 οἱ
701 801 779 870 δόξαι
796 807 825 862 ἐν
840 807 876 880 τῇ
894 802 943 882 ὄψι

143 890 295 950 ἐπιστάντα
317 890 367 949 τόν
391 889 454 950 θεόν
479 889 634 967 θαρσύνειν,
656 889 691 952 ὥς
715 889 793 951 οὐδὲν
815 893 943 951 πείσεται

143 976 228 1057 ἄχαρι
248 977 382 1048 α’ντιάζων
400 977 450 1036 τόν
469 976 612 1053 Ἀραβίων
633 976 765 1055 στρατόν·
787 977 869 1041 αύτός
887 978 943 1059 γάρ

143 1069 170 1124 οἶ
182 1066 303 1143 πέμψειν
316 1065 461 1142 τιμωρούς·
482 1065 607 1124 τούτοισι
625 1064 659 1140 δή
672 1091 721 1141 μιν
734 1065 853 1125 πίσυνον
866 1071 943 1127 τοῖσι

143 1153 303 1226 ἐνυπνίοισι,
329 1153 535 1230 παραλαβόντα
562 1154 719 1232 Αἰγυπτίων
744 1153 809 1216 τούς
836 1155 941 1228 βουλο·

142 1241 240 1327 μένους
253 1244 280 1300 οἱ
294 1241 411 1300 ἕπεσθαι
424 1240 721 1316 στρατοπεδεύσασθαι
735 1245 764 1300 ἐν
777 1243 942 1322 Πηλουσίῳ·

141 1329 227 1407 ταύτῃ
253 1328 313 1408 γάρ,
336 1333 391 1388 εἶσι
419 1332 448 1387 αἱ
474 1329 607 1402 ἐσβολαί·
639 1329 757 1388 ἕπεσθαι
784 1328 815 1387 δέ
838 1333 865 1388 οἱ
888 1335 943 1390 τῶν

142 1419 271 1496 μαχίμων
285 1419 336 1493 μὲν
350 1416 448 1475 ούδένα
461 1414 574 1492 ἀνδρῶν,
588 1416 731 1491 καπήλους
745 1416 773 1474 δὲ
787 1416 833 1474 καὶ
846 1417 942 1494 χειρά-

141 1531 241 1568 νακτας
264 1505 309 1562 καὶ
333 1503 481 1584 α’γοραίους
503 1502 673 1580 άνθρύπους·
704 1505 822 1563 ἐνθαῦτα
845 1504 941 1565 άπικο·

140 1593 239 1669 μένους
255 1597 332 1651 τοῖσι
351 1592 501 1652 ἐναντίοισι
518 1590 629 1650 αύτοῖσι
648 1592 827 1669 ἐπιχυθέντας
845 1593 941 1658 νυκτός

139 1685 192 1757 μῦς
206 1680 368 1757 οἷρουραίους
382 1680 452 1738 κατά
465 1681 517 1756 μὲν
533 1681 648 1760 φαγέειν
666 1680 731 1741 τούς
748 1686 940 1757 φαρετρεῶνας

141 1767 236 1837 αὐτῶν,
258 1766 327 1826 κατά
348 1767 377 1824 δὲ
397 1767 432 1826 τά
452 1767 528 1836 τόξα,
550 1766 621 1844 πρός
641 1766 671 1825 δὲ
688 1770 743 1826 τῶν
760 1766 885 1828 α’σπίδων
904 1770 940 1829 τὰ

140 1854 237 1933 ὄχανα,
252 1854 324 1912 ὥστε
341 1858 377 1930 τῇ
395 1854 528 1932 ύστεραίη
545 1853 707 1936 φευγόντων
720 1855 816 1928 σφέων
828 1861 940 1935 γυμνῶν

140 1941 258 2023 [ὅπλων]
280 1943 392 2001 πεσέειν
411 1942 546 2003 πολλούς.
589 1943 634 2000 καὶ
655 1946 703 2000 νῦν
723 1941 802 2005 οὗτος
819 1942 835 2002 ό
853 1945 939 2018 βασι-

139 2029 203 2092 λεύς
217 2030 317 2106 ἔστηκε
337 2034 421 2107 ἐντῷ
440 2033 488 2107 ἱρηΑ
503 2033 553 2088 τοῦ
571 2028 733 2105 Ἡφαίστου
750 2031 856 2092 λίθινος
870 2032 936 2110 ἔχων

139 2117 184 2176 ἐπὶ
196 2121 246 2192 τῆς
259 2116 352 2195 χειρός
367 2121 429 2193 μῦν,
444 2119 533 2196 λέγων
547 2116 592 2175 διαὶ
609 2116 780 2196 γραμμάτων
792 2117 867 2178 τάδε·
888 2121 937 2184 ΕΣ

137 2211 219 2263 ΕΜΕ
236 2207 298 2269 TI}
314 2205 455 2264 ὉΡΕΩΝ
471 2206 650 2268 ΕΥΣΕΒΗΣ
667 2207 775 2268 ΕΣΤΩ.

97 2295 149 2352 142
178 2292 225 2356 Ἐς
245 2296 297 2368 μὲν
315 2291 432 2352 τοσόνδε
451 2298 501 2352 τοῦ
522 2292 610 2373 λόγου
628 2292 779 2372 Αἰγύπτιοί
795 2320 826 2354 τε
845 2295 891 2354 καὶ
911 2297 938 2355 οἶ

141 2381 209 2458 ἱρέες
227 2383 332 2461 ἔλεγον,
348 2379 554 2443 ἀποδεικνύντες
574 2380 629 2439 α’πό
650 2385 700 2440 τοῦ
721 2380 832 2457 πριύτου
851 2385 938 2458 βασι·

137 2469 201 2532 λέος
224 2474 251 2532 ἐς
269 2474 321 2528 τοῦ
341 2468 504 2544 Ἡφαίστου
521 2468 570 2528 τόν
588 2469 647 2545 ἱρέα
668 2472 768 2528 τοῦτον
783 2470 833 2530 τόν
845 2475 937 2530 τελευ-

137 2561 216 2616 ταῖον
232 2556 447 2634 βασιλεύσαντα
463 2558 531 2632 μίαν
550 2581 581 2615 τε
602 2557 648 2614 καὶ
663 2556 871 2633 τεσσεράκοντα
892 2560 937 2618 καὶ

137 2646 298 2723 τριηκοσίας
315 2643 464 2720 α’νθριύπων
482 2644 578 2724 γενεάς
595 2645 753 2724 γενομένας,
768 2645 814 2704 καὶ
833 2650 862 2705 ἐν
874 2645 937 2705 ταύ-

136 2759 204 2810 τησι
230 2732 360 2812 α’ρχιρέας
387 2733 433 2791 καὶ
453 2733 594 2807 βασιλέας
621 2733 765 2809 ἑκατέρους
786 2733 938 2798 τοσούτους

138 2820 311 2901 γενομένους.
353 2821 457 2879 καίτοι
473 2818 631 2897 τριηκόσιαι
650 2822 702 2896 μὲν
720 2819 825 2897 ἄνδρων
844 2822 937 2902 γενεαὶ

138 2909 263 2968 δυνέαται
276 2908 361 2986 μύρια
375 2909 444 2966 ἔτεα·
461 2908 554 2988 γενεαὶ
566 2906 621 2988 γάρ
635 2912 708 2984 τρεῖς
721 2908 826 2985 ἀνδρῶν
840 2909 936 2970 ἑκατόν

137 2995 199 3055 ἐτεά
212 3002 282 3056 ἐστι·
303 3000 368 3073 μιῆς
382 2995 470 3054 δὲκαὶ
485 2995 692 3071 τεσσεράκοντα
709 2997 748 3055 ἔτι
763 3001 818 3056 τῶν
832 2998 936 3056 ἐπιλοί-

131 3109 194 3144 πων
214 3084 338 3166 γενεέων,
366 3083 396 3142 αἳ
425 3087 533 3159 ἐπῆσαν
563 3087 631 3161 τῇσι
659 3084 847 3164 τριηκοσίῃσι,
875 3087 936 3145 ἔστι

53 3196 75 3260 ι
115 3174 339 3252 τεσσεράκοντα
359 3173 411 3236 καὶ
427 3170 581 3254 τριηκόσια
600 3172 647 3232 καὶ
660 3173 743 3251 χίλια
757 3173 830 3231 'mm
867 3171 936 3232 οὕτω

112 3258 139 3317 έν
151 3263 303 3339 μυριδισί
317 3291 351 3328 τε
372 3266 456 3328 ἔτεσι
476 3264 526 3325 καὶ
542 3263 674 3344 χιλίοισι
692 3259 740 3319 καλ
759 3257 831 3334 πρὸς
847 3279 956 3331 mmm·
