2040 3464
145 106 190 153 ιιι
415 121 417 126 ·
455 107 628 157 ανοιουοτ
888 106 940 169 [τι.

97 186 270 264 168τέχνας.
311 188 398 263 Γέρεα
429 187 460 246 δέ
488 195 544 262 σφι
572 187 607 262 ἦν
640 187 705 246 τάδε
739 186 943 264 ἐξαραιρημένα

140 273 271 350 μούνοισι
297 276 463 354 Αἰγυπτίων,
490 275 580 351 πάρεξ
611 278 665 334 τῶν
698 275 784 350 ἱρέων·
825 272 942 350 ἄρουραι

143 361 276 436 ἐξαίρετοι
299 361 419 419 δυώδεκα
443 361 551 440 ἑκάστῳ
578 361 697 424 ἀτελέες·
731 359 762 440 (ἦ
784 361 814 420 δέ
836 360 942 438 ἄρουρα

143 448 239 508 ἑκατόν
254 449 369 527 ,πηχέων
390 450 451 509 ἐστὶ
471 451 630 529 Αἰγυπτίων
649 447 749 523 πάντη·
771 448 787 506 ὁ
808 447 838 507 δὲ
858 449 940 530 Αἰγῦ-

142 560 222 598 πτιος
239 541 330 613 πῆχυς
347 537 479 616 τυγχάνει
496 538 560 600 ἶσος
576 538 626 596 ἐών
643 541 682 614 τῷ
696 536 812 616 Σαμίῳ.)
853 541 942 595 ταῦτα

142 625 193 700 μὲν
214 624 247 699 δὴ
268 629 344 684 τοῖσι
364 625 455 684 ἅπασι
474 625 509 701 ῆν
530 625 738 701 ἐξαραιρημένα·
775 623 841 684 τάδε
861 623 891 682 δὲ
911 629 942 684 ἐν

142 718 296 790 περιτροπῇ
317 718 494 788 ἐκαρποῦντο,
517 715 562 771 καὶ
583 712 690 787 οῦδαμά
711 711 801 770 ώυτοί.
843 711 941 772 Καλα·

142 802 239 875 σιρίων
259 801 356 878 χίλιοι,
370 801 416 858 καὶ
435 799 628 876 Ἑρμοτυβίων
648 798 741 869 ἄλλοι,
757 797 942 876 ἐδορυφόρεον

143 886 266 946 ἐνιαυτάν
284 888 397 945 ἔκαστοι
415 887 464 946 τάν
484 888 620 961 βασιλέα·
640 884 767 944 τούτοισι
785 883 808 941 δ’
823 883 860 944 ὧν
874 885 941 945 τάδε

142 973 231 1050 πάρεξ
242 979 297 1033 τῶν
311 974 447 1051 ἀρουρέων
461 973 537 1032 ἀλλα
552 974 656 1032 ἐδίδοτο
671 971 712 1031 ἐπ’
723 973 813 1051 ἡμέρῃ
827 972 940 1052 ἑκάστη,

142 1059 230 1136 όπτοῦ
256 1064 337 1120 σίτου
364 1062 491 1137 σταθμός
516 1063 598 1120 πέντε
617 1060 698 1137 μνέαι
719 1061 834 1139 ἑκάστῷ,
855 1066 940 1138 κρεῶν

142 1149 233 1222 βοέων
246 1150 294 1208 δύο
307 1151 396 1226 μνέαι,
411 1150 486 1208 οἴνου
501 1151 633 1225 τέσσερες
649 1149 812 1225 ἀρυστῆρες.
853 1153 940 1208 ταῦτα

141 1240 218 1296 τοῖσι
231 1239 283 1296 αἰεὶ
297 1238 499 1315 δορυφορέουσι
513 1237 624 1296 ἐδίδοτο.

99 1325 152 1384 169
182 1324 263 1384 Ἐπεί
283 1351 314 1384 τε
340 1326 370 1384 δὲ
390 1325 537 1394 συνιόντες,
559 1323 574 1383 ὅ
594 1349 625 1382 τε
644 1321 760 1400 Ἀπρίης
783 1321 857 1404 ἀγων
877 1324 939 1384 τοῦς

143 1413 301 1490 ἐπικούρους
322 1414 367 1472 καὶ
387 1412 543 1488 ὁἈμασις
562 1411 666 1474 πάντας
686 1412 751 1474 τοῦς
763 1413 940 1491 Αἰγυπτίους,

143 1501 275 1561 ἀπίκοντο
290 1507 316 1564 ἐς
332 1500 494 1576 Μώμεμφιν
511 1499 603 1569 πόλιν,
618 1499 788 1575 συνέβαλον·
816 1500 862 1557 καὶ
875 1505 940 1574 ἐμα-

142 1590 264 1667 χέσαντο
276 1591 328 1666 μὲν
339 1588 367 1647 εὖ
379 1591 405 1647 οἱ
419 1589 510 1657 ξεῖνοι,
520 1586 624 1662 πλήθεϊ
634 1587 663 1646 δὲ
676 1590 776 1664 πολλῷ
786 1585 940 1650 ἐλάσσονες

144 1676 233 1739 ἐόντες
247 1677 317 1736 κατά
333 1681 416 1735 τοῦτο
434 1676 612 1750 ἑσσώθησαν.
652 1674 772 1751 Ἀπρίεω
786 1673 815 1732 δέ
829 1675 940 1754 λέγεται

144 1764 213 1822 εἶναι
226 1763 307 1839 ἥδεῆ
325 1763 438 1832 διάνοια,
459 1762 522 1838 μηδ’
537 1761 570 1822 άν
592 1761 655 1822 θεόν
674 1787 723 1837 μιν
738 1761 843 1836 μηδένα
863 1761 940 1821 δόνα-

144 1853 212 1910 σθαι
225 1856 332 1910 παῦσαι
344 1855 394 1925 τῆς
409 1850 573 1925 βασιληίης·
598 1849 668 1909 οὕτω
685 1848 837 1925 ἀσφαλέως
851 1853 939 1928 ἑωυτῷ

144 1939 272 2015 ἱδρῦσθαι
293 1938 392 1998 ἐδόκεε.
435 1939 480 1996 καὶ
500 1939 533 2012 δή
554 1937 618 1997 τότε
638 1937 796 2013 συμβαλών
816 1937 938 2013 ἑσσώθη·

145 2027 191 2083 καὶ
206 2027 361 2105 ζωγρηθεὶς,
380 2025 495 2104 ἀπήχθη
514 2031 540 2088 ἐς
558 2025 627 2089 Σάϊν
639 2025 732 2094 πόλιν,
752 2030 778 2088 ἐς
790 2024 826 2083 τά
840 2029 939 2085 ἑωυτοῦ

143 2112 238 2195 [οἰκία]
253 2113 388 2191 πρότερον
409 2113 496 2183 ἐόντα,
510 2112 573 2173 τότε
593 2113 622 2172 δὲ
634 2113 771 2188 Ἀμάσιος
787 2111 840 2187 ἤδη
852 2114 939 2189 βασι-

143 2201 219 2276 λη’“ι“α.
261 2203 378 2261 ἐνθαῦτα
411 2201 442 2260 δὲ
474 2202 539 2264 τέως
572 2203 623 2278 μὲν
649 2202 781 2278 ἐτρέφετο
809 2205 837 2260 ἐν
863 2205 938 2261 τοῖσι

143 2290 332 2365 βασιληίοισι,
346 2290 394 2348 καί
409 2315 457 2364 μιν
467 2289 592 2365 Ἄμασις
613 2289 642 2348 εῦ
658 2293 789 2365 περιεῖπε,
803 2288 884 2352 τέλος
901 2290 938 2360 δέ,

142 2379 328 2454 μεμφομένων
341 2378 498 2459 Αἰγυπτίων
520 2377 554 2440 ώς
571 2377 603 2435 οῦ
623 2382 701 2435 ποιοῖ
719 2377 809 2434 δίκαια
829 2378 939 2453 τρέφων

142 2466 192 2526 τόν
205 2468 293 2542 σφίσι
305 2494 335 2527 τε
348 2469 393 2525 καὶ
408 2470 496 2544 ἑωυτῷ
510 2467 649 2544 ἔχθιστον,
661 2465 731 2524 οῦτω
744 2465 777 2540 δη
792 2465 939 2541 παραδιδοῖ

142 2554 191 2614 τόν
203 2553 321 2632 Ἀπρίην
333 2558 409 2615 τοῖσι
423 2556 611 2634 Αἰγυπτίοισι·
633 2557 660 2612 οἱ
673 2553 704 2611 δέ
715 2579 764 2628 μιν
777 2551 937 2623 ἀπέπνιξαν,

144 2643 189 2700 καὶ
209 2644 302 2702 ἔπειτα
323 2644 428 2720 ἔθαψαν
447 2647 477 2701 ἐν
496 2645 564 2720 τῇσι
584 2640 729 2719 πατρῷησι
748 2645 869 2720 ταφῇσι.
908 2642 938 2701 αἱ

145 2731 175 2788 δέ
191 2735 246 2789 εἰσι
262 2735 290 2789 ἐν
308 2734 346 2808 τῷ
362 2734 410 2808 ἱρῷ
425 2734 475 2805 τῆς
487 2729 644 2804 Ἀθηναίης,
659 2729 805 2809 ἀγχοτάτω
822 2731 872 2789 τοῦ
890 2754 938 2804 με·

143 2818 238 2899 γάρου,
253 2816 357 2877 ἐσιόντι
370 2817 517 2895 ἀριστερῆς
533 2817 634 2895 χειρός.
674 2819 779 2894 ἔθαψαν
792 2819 823 2875 τέ
838 2810 939 2880 Σαῗται

143 2904 248 2969 πάντας
264 2905 328 2968 τοῦς
348 2911 377 2964 ἐκ
395 2911 481 2981 νομοῦ
496 2906 595 2966 τούτου
616 2906 780 2986 γενομένους
797 2905 939 2981 βασιλέας

144 2995 199 3053 ἔσω
219 2998 248 3054 ἐν
268 2997 306 3071 τῷ
330 2997 386 3073 ἱρῷ.
429 2995 474 3052 καὶ
495 2993 550 3074 γάρ
574 2994 606 3052 τῦ
628 2996 678 3053 τοῦ
698 2992 836 3069 Ἀμάσιος
859 2996 939 3069 σῆμα

137 3082 281 3159 ε’καστερω
297 3082 351 3158 μέν
373 3087 435 3142 ἐστι
454 3086 505 3142 τοῦ
526 3080 648 3162 μεγάρου
665 3077 684 3157 ἦ
702 3081 736 3140 τά
753 3085 803 3141 τοῦ
820 3079 939 3158 Ἀπρίεω

123 3169 174 3226 καὶ
188 3175 248 3231 τῶν
263 3171 370 3233 τούτου
388 3169 586 3252 προπατόρων·
609 3170 672 3230 ἐστι
688 3168 783 3245 μέντοι
799 3169 845 3226 καὶ
858 3172 941 3227 τοῦτο

109 3257 144 3312 6'1‘
171 3262 214 3338 τῇ
239 3259 325 3341 ου’λῇ
346 3268 402 3325 τοῦ
424 3266 501 3342 ἱροῦ,
522 3258 643 3324 παστὰς
665 3255 764 3330 λιθίνη
785 3255 899 3330 μεηῖιλα
915 3251 961 3309 *ὦ
