2040 3464
126 108 158 154 90
432 109 613 157 ὐτοκοτου
887 109 921 173 [1.

128 183 159 243 δέ
171 189 221 244 τοῦ
234 189 302 260 νηοῦ
314 185 412 263 βωμός
425 191 486 246 ἐστι
498 185 627 264 χρύσεος.
661 188 722 246 ἐστι
735 187 764 246 δὲ
778 187 824 246 καὶ
837 185 926 252 ἀλλος

126 270 224 348 βωμδς
240 272 336 352 μέγας,
355 272 426 331 ὅπου
443 272 536 333 θύεται
553 274 589 332 τά
601 273 685 333 τέλεα
698 278 752 333 τῶν
765 273 926 351 προβάτων.

128 360 174 417 ἐπὶ
190 358 245 440 γάρ
262 365 312 418 τοῦ
328 361 449 438 χρυσέου
462 363 561 437 βωμοῦ
575 361 624 419 οὐκ
637 362 729 430 ἔξεστι
742 362 817 421 θύειν
830 361 873 422 ὅτι
885 361 926 439 μή

126 448 272 526 γαλαθηνὰ
290 452 389 522 μοῦνα·
410 449 456 506 ἐπὶ
472 448 501 506 δὲ
514 451 564 506 τοῦ
577 449 692 523 μέζονος
704 450 804 525 βωμοῦ
819 451 865 508 καὶ
878 476 925 508 κα-

126 534 271 614 ταγίζουσι
289 537 448 609 λιβανωτοῦ
468 536 549 614 χίλια
568 535 694 594 τάλαντα
714 537 788 599 ἐτεος
808 535 925 596 ἑκάστου

126 624 153 680 οἱ
175 621 322 692 Χαλδαῖοι,
343 622 407 682 τότε
427 623 510 682 ἐπεάν
529 622 582 698 τήν
602 622 687 699 ὁρτήν
707 623 797 704 ἄγωσι
816 628 854 703 τῷ
874 626 925 703 θεῷ

125 709 222 788 τούτῳ.
263 708 298 784 ἦν
318 710 347 768 δὲ
368 715 397 769 ἐν
416 714 454 788 τῷ
471 712 578 786 τεμένεϊ
594 709 682 787 τούτῳ
702 710 742 768 ἐτι
757 710 808 770 τάν
824 711 926 789 χρόνον

125 800 227 856 ἐκεῖνον
248 798 293 855 καὶ
314 797 424 873 ἀνδριάς
444 797 564 856 δυώδεκα
582 798 701 876 πηχέων,
718 797 845 875 χρύσεος,
862 825 926 858 στε-

123 883 194 959 ρεός.
230 883 282 964 ἐγιῦ
303 885 355 960 μέν
375 911 423 960 μιν
448 885 496 943 οὐκ
520 885 601 944 εἶδον·
628 886 663 943 τά
687 885 716 943 δὲ
736 886 850 965 λέγεται
869 885 924 945 ῦπά

124 971 280 1041 Χαλδαίων,
293 976 381 1032 ταῦτα
394 972 477 1052 λέγω.
507 972 595 1050 τούτῳ
607 977 645 1050 τῷ
658 971 797 1049 ἀνδριάντι
808 978 925 1050 Δαρεῖος

122 1060 175 1134 μὲν
194 1058 210 1118 ἀ
229 1058 407 1122 Ὑστάσπεος
427 1059 642 1135 ἐπιβουλεύσας,
657 1058 706 1118 οῦκ
721 1058 861 1136 ἐτόλμησε
874 1066 924 1119 λα-

123 1154 196 1229 βεῖν·
238 1154 344 1230 Ξέρξης
367 1154 396 1212 δέ
420 1153 436 1214 ἀ
459 1155 577 1230 Δαρείου
602 1155 699 1230 ἔλαβε,
724 1154 770 1212 καὶ
791 1155 840 1214 τάν
865 1156 924 1232 ἱρέα

123 1240 264 1302 ἀπέκτεινε
285 1241 493 1322 ἀπαγορεύοντα
514 1241 555 1318 μή
577 1242 675 1301 κινέειν
694 1240 745 1302 τάν
765 1241 922 1318 ἀνδριάντα.

122 1328 155 1388 τῦ
174 1333 226 1406 μὲν
246 1328 279 1405 δή
302 1328 361 1407 ἱρόν
381 1334 464 1389 τοῦτο
481 1328 551 1388 οὕτω
571 1327 738 1404 κεκόσμητο,
755 1329 815 1388 ἐστι
829 1330 859 1388 δὲ
877 1331 922 1389 καὶ

123 1416 179 1475 ἴδια
192 1416 356 1493 ἀναθήματα
369 1415 475 1476 πολλά.

80 1505 135 1562 184
162 1510 219 1579 Τῆς
232 1504 261 1564 δὲ
275 1506 446 1580 Βαβυλῶνος
457 1502 559 1580 ταύτης
571 1504 677 1562 πολλοὶ
689 1503 742 1580 μέν
750 1529 800 1564 κου
814 1506 859 1563 καὶ
872 1510 922 1565 αλ·

123 1595 170 1651 λοι
186 1593 311 1673 ἐγένοντο
327 1593 471 1668 βασιλέες,
484 1595 539 1650 τῶν
553 1596 582 1650 ἐν
595 1596 670 1650 τοῖσι
683 1591 863 1666 Ἀσσυρίοισι
872 1592 922 1652 λό-

121 1705 199 1760 γοισι
207 1679 317 1755 μνήμην
330 1678 493 1755 ποιήσομαι,
503 1677 529 1737 οἳ
536 1677 571 1737 τοὶ
580 1677 673 1756 τείχεά
683 1703 713 1736 τε
723 1678 922 1754 ἐπεκόσμησαν

123 1767 169 1825 καὶ
178 1766 214 1826 τά
223 1766 276 1843 ἱρά·
291 1772 320 1825 ἐν
328 1766 357 1824 δὲ
370 1766 404 1840 δή
419 1767 464 1824 καὶ
471 1769 597 1845 γυναῖκες
605 1765 662 1825 δύο.
689 1765 708 1840 ἦ
722 1767 773 1841 μὲν
785 1765 922 1842 πρότερον

121 1853 231 1931 ἄρξασα
238 1858 288 1930 τῆς
295 1852 411 1931 ὕστερον
418 1858 532 1934 γενεῇσι
541 1854 622 1912 πέντε
632 1851 768 1928 πρότερον
777 1854 920 1933 γενομένη,

121 1945 157 2019 τῇ
171 1940 276 2018 οὕνομα
284 1940 319 2016 ἦν
329 1942 488 2018 Σεμίραμις,
500 1940 569 2016 αῦτη
579 1943 630 2017 μέν
641 1940 793 2009 ἀπεδέξατο
803 1940 922 2019 χώματα

124 2027 176 2088 ἀνά
187 2028 221 2088 τῦ
236 2028 332 2088 πεδίον
345 2028 425 2088 ἐόντα
439 2029 596 2103 ἀξιοθέητα·
618 2027 753 2105 πρότερον
767 2029 797 2087 δὲ
810 2027 891 2087 ἐώθεε
905 2027 921 2087 ἀ

78 2119 133 2176 185
142 2116 267 2192 ποταμάς
286 2115 339 2176 ἀνά
357 2117 390 2176 τῦ
411 2116 506 2175 πεδίον
518 2120 575 2175 πᾶν
590 2116 758 2197 πελαγίζειν.
791 2114 829 2174 Ἦ
844 2115 873 2173 δὲ
887 2114 921 2191 δή

122 2204 247 2281 δεύτερον
266 2207 399 2285 γενομένη
419 2203 520 2280 ταύτης
539 2205 686 2280 βασίλεια,
705 2207 741 2281 τῇ
762 2200 867 2278 οὕνομα
886 2201 922 2278 ἦν

121 2294 265 2370 Νίτωκρις,
274 2291 354 2372 (αῦτη
365 2292 394 2350 δὲ
405 2292 574 2368 συνετωτέρη
584 2291 718 2372 γενομένη
726 2295 777 2365 τῆς
786 2289 922 2366 πρότερον

122 2380 267 2462 ἀρξάσης)
296 2385 379 2440 τοῦτο
406 2382 458 2456 μὲν
484 2379 651 2456 μνημόσυνα
675 2379 786 2437 ἐλίπετο
808 2376 845 2436 τοὶ
867 2378 921 2457 ἐγω

122 2468 315 2548 ἀπηγήσομαι·
342 2471 425 2527 τοῦτο
453 2467 483 2526 δὲ
505 2466 558 2541 τήν
581 2465 686 2541 Μήδων
710 2463 806 2541 ὁρῶσα
829 2463 921 2543 ἀρχήν

121 2557 248 2638 μεγάλην
265 2581 296 2614 τε
314 2555 360 2613 καὶ
378 2554 428 2613 οὐκ
447 2553 657 2630 ἀτρεμίζουσαν,
672 2551 749 2611 ἀλλα
761 2577 793 2611 τε
809 2551 921 2629 ἀραιρη-

121 2645 192 2721 μένα
205 2642 293 2704 άστεα
306 2641 417 2702 αὐτοῖσι
430 2646 459 2700 ἐν
472 2641 502 2699 δὲ
516 2640 550 2716 δή
565 2641 610 2699 καὶ
622 2639 675 2715 τήν
690 2644 786 2709 Νῖνον,
799 2646 921 2715 προεφυ-

122 2732 227 2802 λάξατο
247 2730 304 2790 ὅσα
324 2728 437 2789 ἐδύνατο
457 2728 593 2805 μάλιστα,
612 2731 709 2804 πρῶτα
729 2729 780 2802 μὲν
796 2727 846 2786 τάν
867 2727 921 2786 Εὐ-

122 2819 232 2897 φρήτην
251 2816 378 2893 ποταμάν
397 2817 495 2894 ῥέοντα
514 2815 650 2892 πρότερον
671 2814 739 2882 ίθῦν,
756 2813 786 2877 ὅς
801 2821 858 2891 σφι
875 2814 922 2876 διά

120 2913 171 2983 τῆς
187 2906 287 2969 πόλιος
304 2906 394 2982 μέσης
407 2904 470 2980 ῥέει,
484 2907 583 2963 τοῦτον
597 2902 699 2962 ἀνωθεν
713 2902 846 2982 διώρυχας
859 2902 921 2980 ὀρύ·

90 3051 96 3062 ,
122 2996 197 3065 ξασα
217 2993 287 3053 οὕτω
305 2991 339 3067 δή
352 3017 380 3052 τι
399 2991 515 3066 ἐποίησε
535 2989 660 3058 σκολιὸν,
676 2988 748 3049 ὥστε
767 2991 801 3065 δή
815 2991 874 3068 τρὶς
893 2995 922 3054 ἐς

118 3088 175 3142 τῶν
194 3081 256 3142 τινά
278 3080 388 3156 κωμέων
410 3082 465 3137 τῶν
488 3081 517 3136 ἐν
537 3081 573 3155 τῇ
596 3076 736 3156 Ἀσσυρίη
763 3077 920 3138 ἀπικνέεται

96 3169 187 3238 ρ’ίων·
207 3173 248 3247 τῇ
258 3168 292 3227 δὲ
304 3165 386 3248 κάμῃ
403 3162 511 3246 οὔνομά
527 3168 589 3225 ἐστι
609 3169 636 3228 ἐς
655 3163 707 3240 τήν
727 3164 884 3224 ἀπικνέεται
904 3165 920 3224 ὁ

83 3251 254 3330 Ε’Ῐῷρῆτης
269 3255 453 3335 Ἀρδέρικκα·
479 3255 526 3317 καὶ
539 3257 589 3316 νῦν
604 3252 633 3312 οἳ
649 3249 681 3312 δν
697 3252 860 3325 κομίζωνται
874 3252 930 3309 {mk
