2040 3464
87 107 226 172 130-134]
371 112 602 161 ’ΜΕΛΠΟΜΕΝΗ
838 119 885 165 333

126 187 163 246 Ἡ
183 189 212 248 δέ
226 189 353 253 Σκυθέων
365 192 417 267 μία
436 196 522 269 μοῖρα
539 192 558 267 ή
576 193 716 271 ταχθεῖσα
729 193 867 271 πρότερον
878 199 934 255 133

85 279 138 353 μὲν
151 277 227 356 παρά
240 278 292 354 τήν
305 284 430 355 Μαιῆτιν
443 282 544 356 λίμνην
561 281 706 359 φρουρέειν
718 282 783 342 τότε
796 283 825 342 δὲ
839 284 885 342 ἐπὶ

85 365 135 424 τόν
145 364 259 443 Ἴστρον
271 365 353 426 Ἴωσι
372 373 399 430 ἐς
417 368 519 448 λόγους
540 371 640 439 ἐλθεῖν,
656 370 691 434 ώς
712 370 827 430 ἀπίκετο
841 373 887 430 ἐπὶ

85 453 136 528 τήν
150 456 276 534 γέφυραν
290 456 368 535 ἔλεγε
382 456 456 515 τάδε·
478 468 495 492 “
505 455 601 533 ἄνδρες
611 457 713 528 Ἴωνες,
728 459 886 535 ἐλευθερίην

85 539 151 615 ὗμῖν
165 541 269 618 ἥκομεν
286 545 426 620 φέροντες,
443 543 530 622 ἤνπερ
543 571 576 625 γε
597 547 712 621 ἐθέλητε
731 546 885 607 ἐσακούειν.

85 631 282 710 πυνθανόμεθα
303 632 357 712 γάρ
383 636 502 708 Δαρεῖον
530 634 708 692 ἐντείλασθαι
729 634 802 709 ὑμῖν,
825 635 884 710 ἐξή-

87 743 171 776 κοντα
191 719 296 796 ἡμέρας
315 719 419 796 μούνας
446 720 662 797 φρουρήσαντας
681 721 733 797 τήν
752 722 886 802 γέφυραν,

86 805 171 864 αὐτοῦ
185 807 225 883 μή
239 809 462 888 παραγινομένου
477 814 506 867 ἐν
522 808 610 888 τούτῳ
623 812 661 887 τῷ
682 809 781 888 χρόνῳ,
796 809 886 868 άπαλ-

85 896 251 954 λάσσεσθαι
278 901 305 958 ἐς
327 896 379 971 τήν
403 896 547 972 ὑμετέρην·
582 901 630 956 νῦν
658 896 695 956 ὧν
718 897 796 973 ὖμεῖς
821 898 887 956 τάδε

52 1038 53 1042 ,
84 986 232 1052 ποιεῦντες,
261 984 339 1046 ἐκτός
364 985 416 1060 μὲν
443 985 545 1044 ἔσεσθε
571 985 642 1061 πρός
669 986 772 1044 ἐκείνου
800 987 888 1060 αἰτίης

86 1069 165 1132 ἐκτός
178 1071 207 1129 δὲ
220 1071 290 1149 πρός
303 1071 406 1148 ήμέων·
422 1073 472 1134 τάς
486 1074 667 1149 προκειμένας
680 1072 786 1148 η’μέρας
799 1099 886 1148 παρα-

84 1159 226 1232 μείναντες
251 1159 284 1219 v&
310 1159 365 1219 άπὸ
389 1160 489 1218 τούτου
516 1159 768 1219 άπαλλάσσεσθε.”
810 1159 896 1229 οὗτοι,

84 1245 137 1321 μέν
152 1272 207 1315 νυν,
222 1248 430 1324 ὗποδεξαμένων
448 1247 546 1307 Ἰώνων
566 1247 696 1322 ποιήσειν
715 1252 812 1318 ταῦτα,
826 1248 887 1308 ὀπί-

85 1360 128 1392 σω
141 1335 192 1410 τήν
205 1337 343 1414 ταχίστην
357 1337 510 1415 ἐπείγοντο.

126 1425 259 1502 Πέρσησι
275 1424 313 1493 δέ,
331 1423 401 1500 μετά
419 1424 454 1483 τά
473 1424 547 1499 δῶρα
562 1423 598 1482 τά
614 1424 733 1484 ἐλθόντα
747 1425 864 1503 Δαρείῳ,
877 1417 933 1484 134

84 1510 298 1590 α’ντετάχθησαν
325 1516 352 1571 οἱ
378 1513 595 1588 ὑπολειφθέντες
623 1514 728 1576 Σκύθαι
748 1515 821 1591 πεζῷ
841 1514 887 1571 καὶ

85 1600 206 1668 ἵπποισι,
225 1599 260 1662 ώς
282 1601 503 1677 συμβαλέοντες.
544 1602 740 1679 τεταγμένοισι
761 1601 791 1658 δὲ
810 1605 887 1660 τοῖσι

85 1687 213 1766 Σκύθησι
226 1688 315 1769 λαγός
328 1695 355 1751 ἐς
368 1687 401 1748 τό
415 1689 504 1764 μέσον
515 1689 600 1767 διῇξε·
614 1688 709 1748 τῶνδὲ
724 1688 759 1751 ώς
772 1690 885 1747 ἔκαστοι

85 1775 170 1852 ὥρεον
182 1775 233 1835 τόν
246 1777 336 1856 λαγόν
350 1776 470 1835 ἐδίωκον·
492 1778 685 1855 ταραχθέντων
702 1777 731 1835 δέ
746 1781 801 1834 τών
816 1779 884 1840 Σκυ-

85 1864 154 1922 θέων
181 1865 228 1922 καὶ
254 1865 313 1942 βοῇ
339 1865 509 1942 χρεωμένων,
537 1865 624 1941 εἴρετο
651 1865 666 1923 ὁ
690 1868 808 1940 Δαρεῖος
828 1868 883 1923 τῶν

84 1949 289 2029 α’ντιπολεμίων
302 1953 351 2012 τόν
365 1951 497 2028 θόρυβον·
519 1951 674 2027 πυθόμενος
688 1952 719 2011 δέ
731 1959 824 2027 σφεας
837 1953 886 2011 τόν

84 2038 176 2119 λαγόν
193 2039 349 2109 διώκοντας,
364 2040 424 2098 εἶπε
442 2038 496 2116 ἄρα
516 2040 586 2116 πρός
606 2039 730 2115 τοώσπερ
745 2040 825 2099 ἐώθεε
839 2042 886 2099 καὶ

83 2127 120 2184 τά
134 2124 211 2185 ἄλλα
225 2128 327 2208 λέγειν·
343 2138 360 2162 “
369 2126 446 2186 οὗτοι
460 2126 559 2204 ὧνδρες
571 2128 664 2204 ἡμέων
677 2128 789 2187 πολλόν
803 2155 884 2187 κατα-

85 2215 247 2291 φρονέουσι·
282 2217 331 2274 καί
353 2242 403 2292 μοι
426 2221 473 2275 νῦν
498 2217 625 2289 φαίνεται
647 2215 783 2292 Γωβρύης
810 2216 886 2274 εἶπαι

84 2304 217 2379 περὶτῶν
231 2305 373 2367 Σκυθικῶν
390 2304 482 2381 δώρων
496 2303 593 2381 ὀρθῶς.
636 2303 671 2365 ώς
685 2303 721 2363 ὧν
736 2303 820 2364 οὕτως
833 2302 886 2379 ἤδη

85 2390 237 2451 δοκεόντων
257 2393 303 2450 καὶ
324 2391 396 2470 αὐτῷ
416 2419 465 2468 μοι
487 2394 567 2470 ἔχειν,
587 2393 698 2467 βουλῆς
718 2390 825 2470 άγαθῆς
846 2395 888 2449 δεῖ
953 2425 955 2429 ¹

86 2476 156 2541 ὅκως
178 2478 332 2556 α’σφαλέως
355 2480 374 2555 ή
400 2479 500 2555 κομιδή
522 2479 590 2555 ἡμῖν
614 2480 694 2538 ἔσται
714 2479 747 2537 τό
770 2477 887 2537 ὄπίσω.”

84 2567 156 2643 πρός
168 2572 256 2627 ταῦτα
269 2569 404 2646 Γωβρύης
418 2569 486 2627 εἶπε·
505 2579 521 2602 “
532 2567 552 2625 ώ
565 2569 699 2643 βασιλεῦ,
715 2566 768 2647 ἐγώ
782 2567 885 2645 σχεδόν

84 2658 136 2733 μὲν
157 2657 203 2715 καὶ
229 2656 305 2738 λόγῳ
325 2658 489 2733 ἠπιστάμην
508 2657 612 2716 τούτων
633 2660 688 2715 τῶν
709 2655 814 2732 ἀνδρῶν
833 2655 886 2730 τήν

84 2742 213 2820 α’πορίην,
228 2746 318 2805 ἐλθών
338 2747 368 2804 δὲ
387 2749 501 2822 μᾶλλον
523 2745 665 2820 ἐξέμαθον,
681 2743 766 2819 ὁρέων
786 2743 886 2806 αὐτους

85 2833 270 2908 ἐμπαίζοντας
282 2833 358 2910 ἡμῖν.
395 2837 444 2893 νῦν
457 2832 494 2892 ὧν
506 2859 556 2908 μοι
569 2833 665 2900 δοκέει,
680 2829 749 2905 ἐπήν
762 2830 885 2908 τάχιστα

86 2919 136 2988 νύξ
155 2922 269 3000 ἐπέλθῃ,
292 2921 476 2982 ἐκκαύσαντες
501 2920 537 2979 τά
563 2919 637 2997 πυρά
659 2918 694 2982 ώς
715 2919 760 2976 καὶ
781 2916 886 2977 άλλοτε

85 3008 209 3085 ἐώθαμεν
228 3011 339 3080 ποιέειν,
355 3013 410 3068 τῶν
427 3010 617 3086 στρατιωτέων
632 3006 697 3069 τούς
716 3005 885 3066 ἀσθενεστά-

83 3121 149 3159 τους
176 3102 203 3159 ἐς
228 3098 277 3160 τάς
297 3098 486 3173 ταλαιπωρίας
506 3096 735 3172 ἐξαπατήσαντας
755 3093 886 3156 καὶτοῖς

84 3183 165 3247 ὄνους
177 3185 283 3250 πάντας
296 3184 521 3262 καταδήσαντας,
536 3183 795 3244 ἀπαλλάσσεαδαι
803 3177 911 3251 πᾷκνλι

118 3272 248 3296 ἱνλὶ

75 3297 124 3329 και
146 3297 194 3332 cm
213 3299 266 3334 τον
284 3273 407 3357 Ἴστρον
432 3277 535 3339 ἰθῦσαι
554 3273 679 3340 Σκυθας
695 3267 857 3330 δώσοντος
877 3275 934 3321 ‘mv
992 3264 998 3311 λ
