2040 3464
148 110 196 158 τοο
445 110 627 159 Ἧνοιουου
883 107 947 172 [111.
980 139 982 142 ι

148 189 236 263 ἴδμεν·
251 191 303 248 τοῦ
314 186 483 266 οἶρχιτέκτων
492 193 601 265 πρῶτος
614 189 722 269 ἐγένετο
733 187 844 252 Ῥοῖκος
856 189 950 248 Φίλεω

149 275 301 352 ἐπιχώριος.
336 274 439 335 τούτων
460 276 560 335 εἵνεκεν
580 276 692 352 μᾶλλόν
708 302 736 335 τι
751 275 816 353 περὶ
836 277 950 353 Σαμίων

149 363 278 438 ἐμήκυνα.

101 451 136 510 fil
189 449 336 528 Καμβύσῃ
351 450 380 509 δὲ
392 453 430 528 τῷ
443 449 546 528 Κύρου,
560 452 715 528 χρονίζοντι
728 450 792 528 περὶ
804 451 948 532 Αἴγυπτον

148 539 194 596 καὶ
219 537 478 614 παραφρονήσαντι,
507 539 701 597 ἐπανιστέαται
728 538 824 614 ἄνδρες
849 538 949 619 Μάγοι
1005 541 1008 547 ’

147 625 196 685 δύο
219 624 362 701 ἀδελφεοί·
396 629 452 685 τῶν
474 624 524 684 τόν
549 626 641 702 ἕτερον
669 628 871 685 καταλελοίπεε
893 630 949 686 τῶν

147 715 239 774 οἰκίων
263 713 419 790 μελεδωνόν
442 711 459 772 ὁ
483 713 655 789 Καμβύσης·
690 711 770 775 οὗτος
793 713 828 788 δή
856 713 895 772 ὦν
921 717 949 773 οἶ

147 802 294 876 ἐπανέστη,
311 801 407 877 μαθιύν
424 824 456 860 τε
473 799 523 860 τόν
542 800 676 877 Σμέρδιος
695 801 815 860 θάνατον
834 800 870 864 ὦς
886 801 948 879 κρύ·

146 914 244 947 πτοιτο
257 888 412 968 γενόμενος,
425 888 470 946 καὶ
484 887 519 950 ιύς
533 887 626 969 ὀλίγοι
638 887 713 963 ἦσαν
726 893 753 947 οἱ
767 888 948 966 ἐπιστάμενοι

147 975 236 1036 αὐτῶν
257 976 439 1051 Περσέων,οἶ
460 976 489 1034 δὲ
509 976 615 1035 πολλοὶ
635 975 780 1053 περιεόντα
800 1002 849 1052 μιν
872 976 948 1035 εἰδεί-

149 1091 230 1140 ησαν·
250 1065 321 1139 πρδς
333 1067 421 1122 ταῦτα
433 1062 594 1138 βουλεύσας
609 1063 675 1122 τάδε
692 1064 858 1141 ἐπεχείρησε
870 1068 948 1124 τοῖσι

148 1152 338 1228 βασιληίοισι·
359 1149 394 1225 ἦν
407 1153 434 1209 οἶ
446 1150 591 1226 α’δελφεδς,
605 1151 654 1210 τόν
671 1151 735 1210 εἶπαί
749 1154 775 1210 οἶ
793 1177 948 1211 συνεπανα-

147 1244 257 1316 στῆναι,
272 1238 351 1301 οἶκιδς
370 1238 498 1314 μάλιστα
517 1238 551 1296 τό
573 1239 643 1300 εἶδος
664 1239 767 1316 Σμέρδι
786 1243 825 1317 τῷ
841 1239 947 1316 Κύρου·

148 1327 196 1387 τδν
210 1327 225 1387 ὁ
240 1326 411 1403 Καμβύσης,
427 1325 507 1385 ἐόντα
521 1329 619 1384 ἑωυτοῦ
634 1325 780 1401 ἀδελφεὰν,
794 1325 948 1387 ἀπέκτεινε·

149 1414 182 1490 ἦν
194 1441 224 1474 τε
238 1414 271 1489 δή
285 1414 381 1490 ὁμοῖος
400 1413 471 1476 εἶδος
486 1417 524 1490 τῷ
545 1414 647 1490 Σμέρδι
664 1414 710 1472 καὶ
728 1413 762 1489 δή
777 1415 823 1472 καὶ
841 1413 949 1491 οὔνομα

148 1501 236 1563 τώυτό
250 1503 307 1580 εἶχε
322 1502 450 1578 Σμέρδιν·
472 1507 571 1560 τοῦτον
584 1502 633 1561 τόν
652 1500 738 1578 ἄνδρα
754 1500 919 1582 ἀναγνώσας
933 1502 949 1562 ό

149 1591 250 1671 Μύγος
277 1591 444 1665 Πατιζείθης
465 1588 499 1652 ὥς
519 1592 546 1647 οἱ
570 1587 652 1651 αύτδς
676 1589 768 1648 πάντα
794 1589 948 1666 διαπρήξει,

149 1679 208 1738 εἷσε
234 1677 307 1759 ἄγων
328 1683 355 1739 ἐς
378 1676 427 1736 τδν
450 1675 605 1753 βασιλήϊον
629 1676 738 1753 θρόνον·
772 1676 896 1752 ποιήσας
920 1679 950 1737 δὲ

148 1770 240 1834 τοῦτο,
258 1765 375 1842 κήρυκας
391 1769 426 1842 τῇ
442 1791 473 1824 τε
493 1763 569 1842 ἄλλη
589 1764 723 1839 διέπεμπε
744 1765 789 1823 καὶ
806 1764 840 1840 δή
860 1765 906 1824 καὶ
923 1771 950 1830 ἐς

150 1853 299 1933 Αἴγυπτον,
318 1854 486 1929 προερέοντα
503 1856 541 1930 τῷ
561 1856 681 1929 στρατῷ,
695 1852 730 1915 οἷς
746 1853 882 1930 Σμέρδιος
898 1858 949 1913 τοῦ

152 1940 245 2017 Κύρου
258 1940 397 1999 ἀκουστέα
411 1940 452 2014 εἴη
465 1943 514 1998 τοῦ
528 1943 638 2009 λοιποῦ,
650 1938 716 1998 ἀλλ’
727 1939 759 1998 ού
770 1941 949 2017 Καμβύσεω.

104 2031 140 2086 62
153 2028 230 2087 Οἴτε
260 2027 278 2102 ὴ
295 2025 331 2086 ὦν
348 2026 434 2086 ἄλλοι
452 2026 567 2103 κήρυκες
582 2026 773 2107 προηγόρευον
788 2031 886 2097 ταῦτα,
904 2031 951 2089 καὶ

149 2115 183 2190 δή
202 2115 247 2174 καὶ
264 2115 279 2174 ὁ
297 2115 338 2174 ἐπ’
352 2115 495 2195 Αἴγυπτον
514 2115 634 2193 ταχθεὶς,
649 2113 771 2192 (είρισκε
790 2115 846 2195 γὰρ
869 2122 950 2192 Καμ-

149 2203 243 2280 βύσεα
257 2205 302 2261 καὶ
314 2201 364 2262 τᾶν
377 2201 501 2280 στρατόν
518 2201 599 2262 ε’όντα
616 2206 667 2276 τής
685 2202 786 2278 Συρίης
800 2208 829 2262 ἐν
841 2201 951 2285 Ἀγβα-
1005 2264 1013 2279 ‚

149 2291 280 2371 τάνοισι,)
293 2289 465 2372 προηγόρευε
479 2288 550 2352 σταῖς
563 2294 590 2352 ές
605 2291 695 2365 μέσον
708 2289 744 2347 ταὶ
763 2292 951 2367 ἐντεταλμένα

151 2385 181 2438 ἐκ
194 2384 244 2439 τοῦ
258 2378 369 2459 Μάγου·
391 2376 554 2453 Καμβύσης
567 2377 596 2435 δὲ
610 2376 732 2439 οἰκούσας
749 2380 837 2436 ταῦτα
855 2382 887 2437 ἐκ
899 2384 951 2438 τοῦ

151 2468 275 2545 κήρυκος,
300 2468 346 2525 καὶ
367 2466 486 2527 ἐλπίσας
504 2489 553 2540 μιν
573 2465 666 2544 λέγειν
686 2463 795 2540 οἷληθέα
816 2463 901 2529 οὗτός
920 2493 950 2527 τε

150 2555 336 2631 προδεδόσθαι
350 2559 380 2612 ἐκ
393 2551 590 2629 Πρηξάσπεος,
604 2551 782 2632 (πεμφθέντα
797 2551 853 2632 γὰρ
867 2552 952 2614 αύτδν

151 2643 186 2706 οἷς
199 2643 400 2702 οἷποκτενέοντα
411 2640 529 2717 Σμέρδιν
541 2638 573 2698 ού
585 2644 705 2714 ποιήσαι
717 2641 827 2722 ταῦτα)
837 2642 952 2719 βλέψας

152 2737 180 2795 ἐς
198 2730 247 2791 τδν
273 2728 449 2807 Πρηξάσπεα
476 2727 545 2786 εἶπε·
580 2737 597 2763 “
607 2727 785 2804 Πρήξασπες,
811 2726 883 2788 οὕτω
902 2755 952 2805 μοι

152 2819 300 2897 διεπρήξαο
318 2818 352 2878 τό
371 2843 416 2876 τοι
433 2817 597 2891 προσέθηκα
616 2820 734 2895 πρῆγμα
744 2814 769 2884 ;”
797 2815 814 2876 ό
833 2816 864 2875 δέ
882 2816 951 2877 εἶπε·

152 2908 196 2966 “ὦ
216 2908 348 2975 δέσποτα,
364 2904 413 2965 ούκ
431 2907 492 2963 ἐστι
508 2908 596 2963 ταῦτα
613 2902 721 2978 οἷληθέα
737 2902 807 2967 ὅκως
824 2905 892 2964 κοτέ
904 2930 952 2966 σοι

153 2996 270 3072 Σμέρδις
290 2992 428 3069 ἀδελφεός
448 2992 464 3051 ὁ
484 2992 536 3055 σὸς
556 2992 734 3066 ἐπανέστηκε,
749 2990 813 3051 ούδέ
833 2990 904 3056 ὅκως
922 3019 950 3053 τι

144 3085 181 3156 ἐξ
204 3084 312 3146 ἐκείνου
338 3085 390 3144 τοῦ
411 3079 510 3161 ἀνδρὸς
529 3079 618 3143 νεῖκός
636 3104 681 3139 τοι
702 3079 782 3138 ἔσται
801 3076 820 3155 ἢ
839 3077 953 3161 μέγαῆ

55 3190 68 3231 h
130 3176 272 3254 σμικρόν·
296 3175 354 3262 ἐγιδ
367 3173 428 3261 γὰρ
442 3172 529 3238 αὐτὸς
542 3168 670 3249 ποιήσας
683 3167 721 3229 τιὶ
732 3166 770 3226 σι’)
784 3168 962 3241 μεὶιςῦςςυεςς

116 3263 228 3344 ἔθαψά
251 3293 310 3335 μιν
336 3268 432 3353 χερσὶ
458 3262 536 3346 τῇσι
558 3261 716 3337 ἐμεωυτοῦ.
758 3256 785 3311 ἱλ
810 3251 861 3329 ΚΠ
884 3273 935 3308 W
955 3249 986 3304 δ’
