<?xml version="1.0" encoding="UTF-8"?>
<!DOCTYPE html PUBLIC "-//W3C//DTD XHTML 1.0 Transitional//EN"
    "http://www.w3.org/TR/xhtml1/DTD/xhtml1-transitional.dtd">
<html xmlns="http://www.w3.org/1999/xhtml" xml:lang="en" lang="en">
 <head>
  <title>
</title>
<meta http-equiv="Content-Type" content="text/html;charset=utf-8" />
  <meta name='ocr-system' content='tesseract 3.04.00' />
  <meta name='ocr-capabilities' content='ocr_page ocr_carea ocr_par ocr_line ocrx_word'/>
</head>
<body>
  <div class='ocr_page' id='page_1' title='image "./recensuitjoseph00herogoog_0311.png"; bbox 0 0 2040 3464; ppageno 0'>
   <div class='ocr_carea' id='block_1_1' title="bbox 101 109 971 3345">
    <p class='ocr_par' dir='ltr' id='par_1_1' title="bbox 101 109 971 3345">
     <span class='ocr_line' id='line_1_1' title="bbox 142 109 941 171; baseline -0.001 -11"><span class='ocrx_word' id='word_1_1' title='bbox 142 115 188 163; x_wconf 76' lang='grc' dir='ltr'>ιιι</span> <span class='ocrx_word' id='word_1_2' title='bbox 439 112 620 161; x_wconf 75' lang='grc' dir='ltr'>ἩΡοΔοτοτ</span> <span class='ocrx_word' id='word_1_3' title='bbox 875 109 941 171; x_wconf 73' lang='grc' dir='ltr'><strong>[ΠΙ.</strong></span> 
     </span>
     <span class='ocr_line' id='line_1_2' title="bbox 142 186 942 266; baseline -0.001 -18"><span class='ocrx_word' id='word_1_4' title='bbox 142 189 271 266; x_wconf 79' lang='grc' dir='ltr'>φάμενος,</span> <span class='ocrx_word' id='word_1_5' title='bbox 287 189 322 252; x_wconf 83' lang='grc' dir='ltr'>ώς</span> <span class='ocrx_word' id='word_1_6' title='bbox 335 189 368 264; x_wconf 79' lang='grc' dir='ltr'>δη</span> <span class='ocrx_word' id='word_1_7' title='bbox 383 189 507 264; x_wconf 78' lang='grc' dir='ltr'>ἀληθέως</span> <span class='ocrx_word' id='word_1_8' title='bbox 520 187 686 265; x_wconf 74' lang='grc' dir='ltr'>αὐτόμολος·</span> <span class='ocrx_word' id='word_1_9' title='bbox 703 186 827 264; x_wconf 80' lang='grc' dir='ltr'>ὁρέοντες</span> <span class='ocrx_word' id='word_1_10' title='bbox 842 186 872 246; x_wconf 79' lang='grc' dir='ltr'>δὲ</span> <span class='ocrx_word' id='word_1_11' title='bbox 885 187 942 247; x_wconf 80' lang='grc' dir='ltr'>ἀπό</span> 
     </span>
     <span class='ocr_line' id='line_1_3' title="bbox 141 275 943 356; baseline -0.001 -21"><span class='ocrx_word' id='word_1_12' title='bbox 141 281 197 336; x_wconf 79' lang='grc' dir='ltr'>τῶν</span> <span class='ocrx_word' id='word_1_13' title='bbox 214 276 326 356; x_wconf 80' lang='grc' dir='ltr'>πύργων</span> <span class='ocrx_word' id='word_1_14' title='bbox 344 280 371 335; x_wconf 82' lang='grc' dir='ltr'>οἱ</span> <span class='ocrx_word' id='word_1_15' title='bbox 392 277 462 335; x_wconf 84' lang='grc' dir='ltr'>κατοί</span> <span class='ocrx_word' id='word_1_16' title='bbox 482 280 566 335; x_wconf 83' lang='grc' dir='ltr'>τοῦτο</span> <span class='ocrx_word' id='word_1_17' title='bbox 586 276 758 355; x_wconf 75' lang='grc' dir='ltr'>τεταγμένοι,</span> <span class='ocrx_word' id='word_1_18' title='bbox 775 275 943 354; x_wconf 86' lang='grc' dir='ltr'>κατέτρεχον</span> 
     </span>
     <span class='ocr_line' id='line_1_4' title="bbox 144 361 943 444; baseline -0.001 -23"><span class='ocrx_word' id='word_1_19' title='bbox 144 363 224 435; x_wconf 87' lang='grc' dir='ltr'>κάτω,</span> <span class='ocrx_word' id='word_1_20' title='bbox 236 365 283 422; x_wconf 85' lang='grc' dir='ltr'>καί</span> <span class='ocrx_word' id='word_1_21' title='bbox 295 362 394 444; x_wconf 82' lang='grc' dir='ltr'>ὀλίγον</span> <span class='ocrx_word' id='word_1_22' title='bbox 403 390 431 422; x_wconf 92' lang='grc' dir='ltr'>τι</span> <span class='ocrx_word' id='word_1_23' title='bbox 441 365 660 441; x_wconf 85' lang='grc' dir='ltr'>παρακλίναντες</span> <span class='ocrx_word' id='word_1_24' title='bbox 672 362 723 437; x_wconf 76' lang='grc' dir='ltr'>τήν</span> <span class='ocrx_word' id='word_1_25' title='bbox 734 362 831 439; x_wconf 75' lang='grc' dir='ltr'>ἑτέρην</span> <span class='ocrx_word' id='word_1_26' title='bbox 839 361 943 438; x_wconf 66' lang='grc' dir='ltr'>πάλην,</span> 
     </span>
     <span class='ocr_line' id='line_1_5' title="bbox 144 448 944 529; baseline -0.001 -19"><span class='ocrx_word' id='word_1_27' title='bbox 144 451 269 529; x_wconf 89' lang='grc' dir='ltr'>εἰρώτευν</span> <span class='ocrx_word' id='word_1_28' title='bbox 281 454 323 514; x_wconf 89' lang='grc' dir='ltr'>τίς</span> <span class='ocrx_word' id='word_1_29' title='bbox 334 479 365 511; x_wconf 89' lang='grc' dir='ltr'>τε</span> <span class='ocrx_word' id='word_1_30' title='bbox 380 454 420 528; x_wconf 82' lang='grc' dir='ltr'>εἰη</span> <span class='ocrx_word' id='word_1_31' title='bbox 435 453 481 510; x_wconf 87' lang='grc' dir='ltr'>καὶ</span> <span class='ocrx_word' id='word_1_32' title='bbox 495 451 557 511; x_wconf 84' lang='grc' dir='ltr'>ὅτευ</span> <span class='ocrx_word' id='word_1_33' title='bbox 571 450 699 527; x_wconf 81' lang='grc' dir='ltr'>δεόμενος</span> <span class='ocrx_word' id='word_1_34' title='bbox 711 448 793 525; x_wconf 83' lang='grc' dir='ltr'>ἧκοι;</span> <span class='ocrx_word' id='word_1_35' title='bbox 813 449 829 510; x_wconf 83' lang='grc' dir='ltr'>ὁ</span> <span class='ocrx_word' id='word_1_36' title='bbox 843 450 875 509; x_wconf 86' lang='grc' dir='ltr'>δέ</span> <span class='ocrx_word' id='word_1_37' title='bbox 887 464 944 526; x_wconf 92' lang='grc' dir='ltr'>σφι</span> 
     </span>
     <span class='ocr_line' id='line_1_6' title="bbox 144 537 943 620; baseline -0.001 -22"><span class='ocrx_word' id='word_1_38' title='bbox 144 539 267 620; x_wconf 90' lang='grc' dir='ltr'>η’γόρευε,</span> <span class='ocrx_word' id='word_1_39' title='bbox 283 539 318 603; x_wconf 77' lang='grc' dir='ltr'>ὦς</span> <span class='ocrx_word' id='word_1_40' title='bbox 335 541 420 616; x_wconf 81' lang='grc' dir='ltr'>εἴητε</span> <span class='ocrx_word' id='word_1_41' title='bbox 439 540 569 618; x_wconf 77' lang='grc' dir='ltr'>Ζώπυρος</span> <span class='ocrx_word' id='word_1_42' title='bbox 584 540 630 597; x_wconf 87' lang='grc' dir='ltr'>καί</span> <span class='ocrx_word' id='word_1_43' title='bbox 645 537 815 614; x_wconf 77' lang='grc' dir='ltr'>αὐτομολέοι</span> <span class='ocrx_word' id='word_1_44' title='bbox 834 544 863 602; x_wconf 92' lang='grc' dir='ltr'>ε’ς</span> <span class='ocrx_word' id='word_1_45' title='bbox 877 539 943 598; x_wconf 88' lang='grc' dir='ltr'>ε’κεί-</span> 
     </span>
     <span class='ocr_line' id='line_1_7' title="bbox 145 625 943 709; baseline -0.001 -22"><span class='ocrx_word' id='word_1_46' title='bbox 145 654 216 691; x_wconf 91' lang='grc' dir='ltr'>νους·</span> <span class='ocrx_word' id='word_1_47' title='bbox 237 627 307 709; x_wconf 76' lang='grc' dir='ltr'>ἦγον</span> <span class='ocrx_word' id='word_1_48' title='bbox 325 627 359 703; x_wconf 79' lang='grc' dir='ltr'>δή</span> <span class='ocrx_word' id='word_1_49' title='bbox 374 654 423 705; x_wconf 92' lang='grc' dir='ltr'>μιν</span> <span class='ocrx_word' id='word_1_50' title='bbox 442 631 470 686; x_wconf 80' lang='grc' dir='ltr'>οἱ</span> <span class='ocrx_word' id='word_1_51' title='bbox 487 626 632 703; x_wconf 88' lang='grc' dir='ltr'>πυλουροί,</span> <span class='ocrx_word' id='word_1_52' title='bbox 648 629 736 685; x_wconf 76' lang='grc' dir='ltr'>ταῦτα</span> <span class='ocrx_word' id='word_1_53' title='bbox 754 625 791 688; x_wconf 77' lang='grc' dir='ltr'>εἰς</span> <span class='ocrx_word' id='word_1_54' title='bbox 808 625 943 701; x_wconf 78' lang='grc' dir='ltr'>ἤκουσαν,</span> 
     </span>
     <span class='ocr_line' id='line_1_8' title="bbox 145 712 944 791; baseline -0.003 -15"><span class='ocrx_word' id='word_1_55' title='bbox 145 718 192 776; x_wconf 87' lang='grc' dir='ltr'>ε’πὶ</span> <span class='ocrx_word' id='word_1_56' title='bbox 212 714 248 775; x_wconf 81' lang='grc' dir='ltr'>τά</span> <span class='ocrx_word' id='word_1_57' title='bbox 274 714 352 775; x_wconf 78' lang='grc' dir='ltr'>κοινά</span> <span class='ocrx_word' id='word_1_58' title='bbox 374 720 430 775; x_wconf 81' lang='grc' dir='ltr'>τῶν</span> <span class='ocrx_word' id='word_1_59' title='bbox 453 716 651 791; x_wconf 81' lang='grc' dir='ltr'>Βαβυλωνίων·</span> <span class='ocrx_word' id='word_1_60' title='bbox 680 712 824 776; x_wconf 76' lang='grc' dir='ltr'>καταστάς</span> <span class='ocrx_word' id='word_1_61' title='bbox 847 714 878 772; x_wconf 84' lang='grc' dir='ltr'>δὲ</span> <span class='ocrx_word' id='word_1_62' title='bbox 902 713 944 774; x_wconf 81' lang='grc' dir='ltr'>ἐπ’</span> 
     </span>
     <span class='ocr_line' id='line_1_9' title="bbox 145 800 944 878; baseline 0 -15"><span class='ocrx_word' id='word_1_63' title='bbox 145 803 223 874; x_wconf 75' lang='grc' dir='ltr'>αὐτά,</span> <span class='ocrx_word' id='word_1_64' title='bbox 239 804 422 874; x_wconf 80' lang='grc' dir='ltr'>κατοικτίζετο</span> <span class='ocrx_word' id='word_1_65' title='bbox 439 801 495 878; x_wconf 80' lang='grc' dir='ltr'>φάς</span> <span class='ocrx_word' id='word_1_66' title='bbox 511 802 565 862; x_wconf 76' lang='grc' dir='ltr'>θπὸ</span> <span class='ocrx_word' id='word_1_67' title='bbox 584 801 704 877; x_wconf 83' lang='grc' dir='ltr'>Δαρείου</span> <span class='ocrx_word' id='word_1_68' title='bbox 720 800 944 863; x_wconf 82' lang='grc' dir='ltr'>πεπονθέναιτᾶ</span> 
     </span>
     <span class='ocr_line' id='line_1_10' title="bbox 146 888 944 966; baseline -0.003 -16"><span class='ocrx_word' id='word_1_69' title='bbox 146 892 293 951; x_wconf 83' lang='grc' dir='ltr'>ἐπεπόνθεε</span> <span class='ocrx_word' id='word_1_70' title='bbox 308 890 353 950; x_wconf 76' lang='grc' dir='ltr'>ὑπ’</span> <span class='ocrx_word' id='word_1_71' title='bbox 368 895 477 950; x_wconf 80' lang='grc' dir='ltr'>ἑωυτοῦ·</span> <span class='ocrx_word' id='word_1_72' title='bbox 498 891 611 950; x_wconf 89' lang='grc' dir='ltr'>παθέειν</span> <span class='ocrx_word' id='word_1_73' title='bbox 625 890 655 948; x_wconf 78' lang='grc' dir='ltr'>δὲ</span> <span class='ocrx_word' id='word_1_74' title='bbox 672 893 768 958; x_wconf 81' lang='grc' dir='ltr'>ταῦτα,</span> <span class='ocrx_word' id='word_1_75' title='bbox 783 888 856 949; x_wconf 83' lang='grc' dir='ltr'>διότι</span> <span class='ocrx_word' id='word_1_76' title='bbox 874 914 944 966; x_wconf 85' lang='grc' dir='ltr'>συμ-</span> 
     </span>
     <span class='ocr_line' id='line_1_11' title="bbox 144 977 945 1057; baseline -0.002 -19"><span class='ocrx_word' id='word_1_77' title='bbox 144 980 303 1057; x_wconf 77' lang='grc' dir='ltr'>βουλεάσαι</span> <span class='ocrx_word' id='word_1_78' title='bbox 326 983 353 1038; x_wconf 87' lang='grc' dir='ltr'>οἱ</span> <span class='ocrx_word' id='word_1_79' title='bbox 376 977 563 1038; x_wconf 77' lang='grc' dir='ltr'>ἀπανιστάναι</span> <span class='ocrx_word' id='word_1_80' title='bbox 585 977 637 1053; x_wconf 71' lang='grc' dir='ltr'>τὴν</span> <span class='ocrx_word' id='word_1_81' title='bbox 661 977 806 1054; x_wconf 77' lang='grc' dir='ltr'>στρατιήν,</span> <span class='ocrx_word' id='word_1_82' title='bbox 831 978 895 1036; x_wconf 87' lang='grc' dir='ltr'>ε’πεί</span> <span class='ocrx_word' id='word_1_83' title='bbox 914 1004 945 1036; x_wconf 89' lang='grc' dir='ltr'>τε</span> 
     </span>
     <span class='ocr_line' id='line_1_12' title="bbox 146 1064 945 1144; baseline -0.001 -19"><span class='ocrx_word' id='word_1_84' title='bbox 146 1067 233 1130; x_wconf 82' lang='grc' dir='ltr'>οὐδεὶς</span> <span class='ocrx_word' id='word_1_85' title='bbox 253 1066 340 1144; x_wconf 82' lang='grc' dir='ltr'>πόρος</span> <span class='ocrx_word' id='word_1_86' title='bbox 360 1068 489 1141; x_wconf 84' lang='grc' dir='ltr'>ἐφαίνετο</span> <span class='ocrx_word' id='word_1_87' title='bbox 509 1071 559 1141; x_wconf 81' lang='grc' dir='ltr'>τῆς</span> <span class='ocrx_word' id='word_1_88' title='bbox 579 1065 710 1135; x_wconf 78' lang='grc' dir='ltr'>άλώσιος,</span> <span class='ocrx_word' id='word_1_89' title='bbox 725 1075 743 1100; x_wconf 89' lang='grc'><strong>“</strong></span> <span class='ocrx_word' id='word_1_90' title='bbox 752 1069 801 1124; x_wconf 84' lang='grc' dir='ltr'>νῦν</span> <span class='ocrx_word' id='word_1_91' title='bbox 818 1064 876 1135; x_wconf 84' lang='grc' dir='ltr'>τε,”</span> <span class='ocrx_word' id='word_1_92' title='bbox 890 1066 945 1142; x_wconf 84' lang='grc' dir='ltr'>ἔφη</span> 
     </span>
     <span class='ocr_line' id='line_1_13' title="bbox 146 1152 945 1236; baseline 0.001 -23"><span class='ocrx_word' id='word_1_93' title='bbox 146 1156 245 1236; x_wconf 84' lang='grc' dir='ltr'>λέγων,</span> <span class='ocrx_word' id='word_1_94' title='bbox 267 1166 285 1190; x_wconf 83' lang='grc'><strong>“</strong></span> <span class='ocrx_word' id='word_1_95' title='bbox 294 1154 347 1235; x_wconf 80' lang='grc' dir='ltr'>ἐγώ</span> <span class='ocrx_word' id='word_1_96' title='bbox 371 1154 445 1231; x_wconf 73' lang='grc' dir='ltr'>ὑμῖν,</span> <span class='ocrx_word' id='word_1_97' title='bbox 469 1155 489 1213; x_wconf 82' lang='grc' dir='ltr'><em>ὦ</em></span> <span class='ocrx_word' id='word_1_98' title='bbox 516 1153 703 1229; x_wconf 85' lang='grc' dir='ltr'>Βαβυλώνιοι,</span> <span class='ocrx_word' id='word_1_99' title='bbox 728 1152 786 1228; x_wconf 85' lang='grc' dir='ltr'>ἥκω</span> <span class='ocrx_word' id='word_1_100' title='bbox 807 1155 945 1234; x_wconf 89' lang='grc' dir='ltr'>μέγιστον</span> 
     </span>
     <span class='ocr_line' id='line_1_14' title="bbox 145 1242 946 1323; baseline 0.002 -22"><span class='ocrx_word' id='word_1_101' title='bbox 145 1242 259 1323; x_wconf 79' lang='grc' dir='ltr'>ώγαθδν,</span> <span class='ocrx_word' id='word_1_102' title='bbox 285 1245 392 1322; x_wconf 80' lang='grc' dir='ltr'>Δαρείῳ</span> <span class='ocrx_word' id='word_1_103' title='bbox 415 1244 445 1302; x_wconf 80' lang='grc' dir='ltr'>δὲ</span> <span class='ocrx_word' id='word_1_104' title='bbox 469 1243 515 1300; x_wconf 88' lang='grc' dir='ltr'>καί</span> <span class='ocrx_word' id='word_1_105' title='bbox 538 1247 573 1320; x_wconf 80' lang='grc' dir='ltr'>τῇ</span> <span class='ocrx_word' id='word_1_106' title='bbox 597 1245 716 1318; x_wconf 84' lang='grc' dir='ltr'>στρατιῇ</span> <span class='ocrx_word' id='word_1_107' title='bbox 741 1243 787 1299; x_wconf 84' lang='grc' dir='ltr'>καὶ</span> <span class='ocrx_word' id='word_1_108' title='bbox 810 1243 946 1321; x_wconf 86' lang='grc' dir='ltr'>Πέρσησι</span> 
     </span>
     <span class='ocr_line' id='line_1_15' title="bbox 144 1327 946 1413; baseline 0 -23"><span class='ocrx_word' id='word_1_109' title='bbox 144 1334 279 1413; x_wconf 89' lang='grc' dir='ltr'>μέγιστον</span> <span class='ocrx_word' id='word_1_110' title='bbox 289 1331 382 1391; x_wconf 88' lang='grc' dir='ltr'>κακόν·</span> <span class='ocrx_word' id='word_1_111' title='bbox 404 1331 435 1391; x_wconf 85' lang='grc' dir='ltr'>οθ</span> <span class='ocrx_word' id='word_1_112' title='bbox 448 1330 503 1412; x_wconf 79' lang='grc' dir='ltr'>γάρ</span> <span class='ocrx_word' id='word_1_113' title='bbox 517 1331 551 1406; x_wconf 70' lang='grc' dir='ltr'>δὴ</span> <span class='ocrx_word' id='word_1_114' title='bbox 566 1331 616 1406; x_wconf 87' lang='grc' dir='ltr'>έμέ</span> <span class='ocrx_word' id='word_1_115' title='bbox 627 1355 661 1411; x_wconf 87' lang='grc' dir='ltr'>γε</span> <span class='ocrx_word' id='word_1_116' title='bbox 675 1327 726 1388; x_wconf 82' lang='grc' dir='ltr'>ὧδε</span> <span class='ocrx_word' id='word_1_117' title='bbox 738 1330 946 1407; x_wconf 80' lang='grc' dir='ltr'>λωβησάμενος</span> 
     </span>
     <span class='ocr_line' id='line_1_16' title="bbox 146 1416 946 1496; baseline -0.003 -18"><span class='ocrx_word' id='word_1_118' title='bbox 146 1421 366 1496; x_wconf 72' lang='grc' dir='ltr'>καταπροΐξεται·</span> <span class='ocrx_word' id='word_1_119' title='bbox 388 1421 540 1494; x_wconf 84' lang='grc' dir='ltr'>ε’πίσταμαι</span> <span class='ocrx_word' id='word_1_120' title='bbox 558 1417 580 1476; x_wconf 82' lang='grc' dir='ltr'>δ’</span> <span class='ocrx_word' id='word_1_121' title='bbox 595 1416 680 1476; x_wconf 75' lang='grc' dir='ltr'>αὐτοῦ</span> <span class='ocrx_word' id='word_1_122' title='bbox 696 1416 791 1481; x_wconf 86' lang='grc' dir='ltr'>πάσας</span> <span class='ocrx_word' id='word_1_123' title='bbox 806 1417 859 1490; x_wconf 73' lang='grc' dir='ltr'>τοίς</span> <span class='ocrx_word' id='word_1_124' title='bbox 877 1419 946 1488; x_wconf 81' lang='grc' dir='ltr'>διεξ·</span> 
     </span>
     <span class='ocr_line' id='line_1_17' title="bbox 101 1505 946 1586; baseline -0.002 -18"><span class='ocrx_word' id='word_1_125' title='bbox 101 1511 155 1568; x_wconf 63' lang='grc' dir='ltr'><strong><em>Μ</em></strong></span> <span class='ocrx_word' id='word_1_126' title='bbox 166 1508 245 1571; x_wconf 79' lang='grc' dir='ltr'>ὁδους</span> <span class='ocrx_word' id='word_1_127' title='bbox 265 1512 319 1567; x_wconf 79' lang='grc' dir='ltr'>τῶν</span> <span class='ocrx_word' id='word_1_128' title='bbox 341 1505 566 1583; x_wconf 81' lang='grc' dir='ltr'>βουλευμάτων.”</span> <span class='ocrx_word' id='word_1_129' title='bbox 601 1509 722 1564; x_wconf 78' lang='grc' dir='ltr'>Τοιαῦτα</span> <span class='ocrx_word' id='word_1_130' title='bbox 747 1506 837 1586; x_wconf 81' lang='grc' dir='ltr'>ἔλεγε·</span> <span class='ocrx_word' id='word_1_131' title='bbox 866 1510 894 1565; x_wconf 82' lang='grc' dir='ltr'>οἱ</span> <span class='ocrx_word' id='word_1_132' title='bbox 918 1508 946 1566; x_wconf 79' lang='grc' dir='ltr'>δὲ</span> 
     </span>
     <span class='ocr_line' id='line_1_18' title="bbox 147 1593 944 1672; baseline -0.001 -18"><span class='ocrx_word' id='word_1_133' title='bbox 147 1595 325 1672; x_wconf 82' lang='grc' dir='ltr'>Βαβυλώνιοι</span> <span class='ocrx_word' id='word_1_134' title='bbox 339 1595 462 1672; x_wconf 82' lang='grc' dir='ltr'>ὁρέοντες</span> <span class='ocrx_word' id='word_1_135' title='bbox 475 1594 561 1671; x_wconf 75' lang='grc' dir='ltr'>ἄνδρα</span> <span class='ocrx_word' id='word_1_136' title='bbox 573 1599 627 1653; x_wconf 82' lang='grc' dir='ltr'>τών</span> <span class='ocrx_word' id='word_1_137' title='bbox 638 1599 667 1652; x_wconf 88' lang='grc' dir='ltr'>έν</span> <span class='ocrx_word' id='word_1_138' title='bbox 681 1593 816 1670; x_wconf 83' lang='grc' dir='ltr'>Πέρσῃσι</span> <span class='ocrx_word' id='word_1_139' title='bbox 830 1594 944 1671; x_wconf 78' lang='grc' dir='ltr'>δοκιμω</span> 
     </span>
     <span class='ocr_line' id='line_1_19' title="bbox 145 1680 945 1760; baseline -0.003 -18"><span class='ocrx_word' id='word_1_140' title='bbox 145 1684 234 1743; x_wconf 88' lang='grc' dir='ltr'>τάτων</span> <span class='ocrx_word' id='word_1_141' title='bbox 246 1683 320 1760; x_wconf 79' lang='grc' dir='ltr'>ῥινός</span> <span class='ocrx_word' id='word_1_142' title='bbox 333 1709 363 1742; x_wconf 90' lang='grc' dir='ltr'>τε</span> <span class='ocrx_word' id='word_1_143' title='bbox 377 1683 423 1741; x_wconf 89' lang='grc' dir='ltr'>καί</span> <span class='ocrx_word' id='word_1_144' title='bbox 437 1681 511 1741; x_wconf 80' lang='grc' dir='ltr'>ὤτων</span> <span class='ocrx_word' id='word_1_145' title='bbox 526 1681 709 1758; x_wconf 83' lang='grc' dir='ltr'>ἐστερημένον</span> <span class='ocrx_word' id='word_1_146' title='bbox 722 1680 844 1755; x_wconf 82' lang='grc' dir='ltr'>μάστιξί</span> <span class='ocrx_word' id='word_1_147' title='bbox 855 1708 887 1742; x_wconf 91' lang='grc' dir='ltr'>τε</span> <span class='ocrx_word' id='word_1_148' title='bbox 902 1684 945 1741; x_wconf 88' lang='grc' dir='ltr'>καί</span> 
     </span>
     <span class='ocr_line' id='line_1_20' title="bbox 148 1769 946 1850; baseline 0.001 -22"><span class='ocrx_word' id='word_1_149' title='bbox 148 1773 243 1846; x_wconf 82' lang='grc' dir='ltr'>αἵματι</span> <span class='ocrx_word' id='word_1_150' title='bbox 256 1771 492 1847; x_wconf 79' lang='grc' dir='ltr'>ἀναπεφυρμένον,</span> <span class='ocrx_word' id='word_1_151' title='bbox 503 1769 599 1850; x_wconf 86' lang='grc' dir='ltr'>πάγχυ</span> <span class='ocrx_word' id='word_1_152' title='bbox 613 1769 780 1830; x_wconf 86' lang='grc' dir='ltr'>ἐλπίσαντες</span> <span class='ocrx_word' id='word_1_153' title='bbox 792 1769 890 1849; x_wconf 87' lang='grc' dir='ltr'>λέγειν</span> <span class='ocrx_word' id='word_1_154' title='bbox 899 1797 946 1848; x_wconf 87' lang='grc' dir='ltr'>μιν</span> 
     </span>
     <span class='ocr_line' id='line_1_21' title="bbox 149 1856 946 1936; baseline 0 -20"><span class='ocrx_word' id='word_1_155' title='bbox 149 1857 255 1932; x_wconf 79' lang='grc' dir='ltr'>άληθέα</span> <span class='ocrx_word' id='word_1_156' title='bbox 269 1860 317 1916; x_wconf 89' lang='grc' dir='ltr'>καί</span> <span class='ocrx_word' id='word_1_157' title='bbox 328 1865 383 1933; x_wconf 86' lang='grc' dir='ltr'>σφι</span> <span class='ocrx_word' id='word_1_158' title='bbox 396 1858 471 1932; x_wconf 83' lang='grc' dir='ltr'>ἥκειν</span> <span class='ocrx_word' id='word_1_159' title='bbox 486 1856 645 1936; x_wconf 79' lang='grc' dir='ltr'>σύμμαχον,</span> <span class='ocrx_word' id='word_1_160' title='bbox 658 1856 864 1932; x_wconf 81' lang='grc' dir='ltr'>ἐπιτραπέσθαι</span> <span class='ocrx_word' id='word_1_161' title='bbox 878 1861 946 1918; x_wconf 78' lang='grc' dir='ltr'>ἑτοῖ-</span> 
     </span>
     <span class='ocr_line' id='line_1_22' title="bbox 146 1944 945 2022; baseline 0.005 -20"><span class='ocrx_word' id='word_1_162' title='bbox 146 1972 196 2020; x_wconf 87' lang='grc' dir='ltr'>μοι</span> <span class='ocrx_word' id='word_1_163' title='bbox 212 1944 285 2019; x_wconf 85' lang='grc' dir='ltr'>ἦσαν</span> <span class='ocrx_word' id='word_1_164' title='bbox 301 1951 356 2005; x_wconf 76' lang='grc' dir='ltr'>τῶν</span> <span class='ocrx_word' id='word_1_165' title='bbox 372 1946 461 2004; x_wconf 86' lang='grc' dir='ltr'>ἐδέετο</span> <span class='ocrx_word' id='word_1_166' title='bbox 480 1946 585 2020; x_wconf 85' lang='grc' dir='ltr'>σφέων·</span> <span class='ocrx_word' id='word_1_167' title='bbox 607 1944 696 2003; x_wconf 83' lang='grc' dir='ltr'>ἐδέετο</span> <span class='ocrx_word' id='word_1_168' title='bbox 715 1944 745 2002; x_wconf 81' lang='grc' dir='ltr'>δὲ</span> <span class='ocrx_word' id='word_1_169' title='bbox 764 1950 910 2022; x_wconf 81' lang='grc' dir='ltr'>στρατιῆς·</span> <span class='ocrx_word' id='word_1_170' title='bbox 930 1945 945 2006; x_wconf 84' lang='grc' dir='ltr'>ό</span> 
     </span>
     <span class='ocr_line' id='line_1_23' title="bbox 147 2032 947 2113; baseline 0.004 -22"><span class='ocrx_word' id='word_1_171' title='bbox 147 2034 185 2103; x_wconf 77' lang='grc' dir='ltr'>δὲ,</span> <span class='ocrx_word' id='word_1_172' title='bbox 201 2034 262 2091; x_wconf 87' lang='grc' dir='ltr'>ε’πεί</span> <span class='ocrx_word' id='word_1_173' title='bbox 272 2059 302 2092; x_wconf 91' lang='grc' dir='ltr'>τε</span> <span class='ocrx_word' id='word_1_174' title='bbox 319 2032 407 2092; x_wconf 76' lang='grc' dir='ltr'>αὐτῶν</span> <span class='ocrx_word' id='word_1_175' title='bbox 419 2037 502 2092; x_wconf 89' lang='grc' dir='ltr'>τοῦτο</span> <span class='ocrx_word' id='word_1_176' title='bbox 515 2034 671 2110; x_wconf 86' lang='grc' dir='ltr'>παρέλαβε,</span> <span class='ocrx_word' id='word_1_177' title='bbox 686 2032 777 2092; x_wconf 86' lang='grc' dir='ltr'>ε’ποίεε</span> <span class='ocrx_word' id='word_1_178' title='bbox 789 2034 827 2092; x_wconf 83' lang='grc' dir='ltr'>τό</span> <span class='ocrx_word' id='word_1_179' title='bbox 843 2061 898 2111; x_wconf 89' lang='grc' dir='ltr'>περ</span> <span class='ocrx_word' id='word_1_180' title='bbox 910 2039 947 2113; x_wconf 76' lang='grc' dir='ltr'>τῷ</span> 
     </span>
     <span class='ocr_line' id='line_1_24' title="bbox 149 2120 946 2202; baseline 0.003 -22"><span class='ocrx_word' id='word_1_181' title='bbox 149 2123 257 2200; x_wconf 81' lang='grc' dir='ltr'>Δαρείῳ</span> <span class='ocrx_word' id='word_1_182' title='bbox 267 2122 448 2196; x_wconf 83' lang='grc' dir='ltr'>συνεθήκατο.</span> <span class='ocrx_word' id='word_1_183' title='bbox 478 2121 621 2201; x_wconf 80' lang='grc' dir='ltr'>ἐξαγαγών</span> <span class='ocrx_word' id='word_1_184' title='bbox 633 2120 688 2201; x_wconf 81' lang='grc' dir='ltr'>γάρ</span> <span class='ocrx_word' id='word_1_185' title='bbox 698 2125 734 2198; x_wconf 79' lang='grc' dir='ltr'>τῇ</span> <span class='ocrx_word' id='word_1_186' title='bbox 745 2121 846 2201; x_wconf 85' lang='grc' dir='ltr'>δεκάτη</span> <span class='ocrx_word' id='word_1_187' title='bbox 856 2123 946 2202; x_wconf 79' lang='grc' dir='ltr'>ἡμέρῃ</span> 
     </span>
     <span class='ocr_line' id='line_1_25' title="bbox 103 2208 947 2287; baseline 0.002 -19"><span class='ocrx_word' id='word_1_188' title='bbox 103 2229 108 2241; x_wconf 89' lang='grc'>·</span> <span class='ocrx_word' id='word_1_189' title='bbox 147 2210 199 2284; x_wconf 76' lang='grc' dir='ltr'>την</span> <span class='ocrx_word' id='word_1_190' title='bbox 219 2210 354 2285; x_wconf 68' lang='grc' dir='ltr'>στρατιῇν</span> <span class='ocrx_word' id='word_1_191' title='bbox 373 2214 427 2268; x_wconf 83' lang='grc' dir='ltr'>τῶν</span> <span class='ocrx_word' id='word_1_192' title='bbox 447 2210 644 2285; x_wconf 87' lang='grc' dir='ltr'>Βαβυλωνίων,</span> <span class='ocrx_word' id='word_1_193' title='bbox 665 2208 711 2266; x_wconf 87' lang='grc' dir='ltr'>καί</span> <span class='ocrx_word' id='word_1_194' title='bbox 732 2210 947 2287; x_wconf 87' lang='grc' dir='ltr'>κυκλωσάμενος</span> 
     </span>
     <span class='ocr_line' id='line_1_26' title="bbox 148 2296 946 2375; baseline 0 -18"><span class='ocrx_word' id='word_1_195' title='bbox 148 2297 212 2360; x_wconf 78' lang='grc' dir='ltr'>τούς</span> <span class='ocrx_word' id='word_1_196' title='bbox 226 2298 335 2375; x_wconf 88' lang='grc' dir='ltr'>χιλίους</span> <span class='ocrx_word' id='word_1_197' title='bbox 348 2298 412 2359; x_wconf 73' lang='grc' dir='ltr'>τοίς</span> <span class='ocrx_word' id='word_1_198' title='bbox 425 2297 550 2374; x_wconf 81' lang='grc' dir='ltr'>πρώτους</span> <span class='ocrx_word' id='word_1_199' title='bbox 564 2297 719 2355; x_wconf 83' lang='grc' dir='ltr'>ἐνετείλατο</span> <span class='ocrx_word' id='word_1_200' title='bbox 733 2296 844 2375; x_wconf 80' lang='grc' dir='ltr'>Δαρείῳ</span> <span class='ocrx_word' id='word_1_201' title='bbox 857 2299 946 2369; x_wconf 83' lang='grc' dir='ltr'>τάξαι,</span> 
     </span>
     <span class='ocr_line' id='line_1_27' title="bbox 147 2383 946 2461; baseline -0.004 -13"><span class='ocrx_word' id='word_1_202' title='bbox 147 2385 261 2448; x_wconf 80' lang='grc' dir='ltr'>τούτους</span> <span class='ocrx_word' id='word_1_203' title='bbox 278 2385 473 2461; x_wconf 80' lang='grc' dir='ltr'>κατεφόνευσε.</span> <span class='ocrx_word' id='word_1_204' title='bbox 507 2383 642 2461; x_wconf 89' lang='grc' dir='ltr'>μαθόντες</span> <span class='ocrx_word' id='word_1_205' title='bbox 655 2384 686 2442; x_wconf 88' lang='grc' dir='ltr'>δέ</span> <span class='ocrx_word' id='word_1_206' title='bbox 703 2409 751 2460; x_wconf 89' lang='grc' dir='ltr'>μιν</span> <span class='ocrx_word' id='word_1_207' title='bbox 765 2388 792 2442; x_wconf 83' lang='grc' dir='ltr'>οἱ</span> <span class='ocrx_word' id='word_1_208' title='bbox 809 2386 946 2461; x_wconf 86' lang='grc' dir='ltr'>Βαβυλώ·</span> 
     </span>
     <span class='ocr_line' id='line_1_28' title="bbox 149 2471 947 2553; baseline 0.001 -21"><span class='ocrx_word' id='word_1_209' title='bbox 149 2500 203 2538; x_wconf 76' lang='grc' dir='ltr'>ιιιοι</span> <span class='ocrx_word' id='word_1_210' title='bbox 215 2479 291 2533; x_wconf 86' lang='grc' dir='ltr'>τοῖσι</span> <span class='ocrx_word' id='word_1_211' title='bbox 308 2476 387 2532; x_wconf 81' lang='grc' dir='ltr'>ἔπεσι</span> <span class='ocrx_word' id='word_1_212' title='bbox 401 2473 437 2531; x_wconf 83' lang='grc' dir='ltr'>τοὶ</span> <span class='ocrx_word' id='word_1_213' title='bbox 454 2474 520 2553; x_wconf 84' lang='grc' dir='ltr'>ἔργα</span> <span class='ocrx_word' id='word_1_214' title='bbox 538 2471 730 2550; x_wconf 86' lang='grc' dir='ltr'>παρεχόμενον</span> <span class='ocrx_word' id='word_1_215' title='bbox 744 2471 838 2547; x_wconf 83' lang='grc' dir='ltr'>ὁμοῖα,</span> <span class='ocrx_word' id='word_1_216' title='bbox 852 2473 947 2552; x_wconf 84' lang='grc' dir='ltr'>πάγχυ</span> 
     </span>
     <span class='ocr_line' id='line_1_29' title="bbox 149 2559 945 2641; baseline -0.003 -21"><span class='ocrx_word' id='word_1_217' title='bbox 149 2563 309 2641; x_wconf 85' lang='grc' dir='ltr'>περιχαρέες</span> <span class='ocrx_word' id='word_1_218' title='bbox 328 2560 425 2629; x_wconf 84' lang='grc' dir='ltr'>ἐόντες,</span> <span class='ocrx_word' id='word_1_219' title='bbox 440 2564 496 2619; x_wconf 79' lang='grc' dir='ltr'>πᾶν</span> <span class='ocrx_word' id='word_1_220' title='bbox 511 2560 544 2635; x_wconf 77' lang='grc' dir='ltr'>δη</span> <span class='ocrx_word' id='word_1_221' title='bbox 562 2563 667 2635; x_wconf 81' lang='grc' dir='ltr'>ἑτοῖμοι</span> <span class='ocrx_word' id='word_1_222' title='bbox 684 2559 759 2633; x_wconf 81' lang='grc' dir='ltr'>ἦσαν</span> <span class='ocrx_word' id='word_1_223' title='bbox 776 2559 945 2636; x_wconf 75' lang='grc' dir='ltr'>ὖπηρετέειι·</span> 
     </span>
     <span class='ocr_line' id='line_1_30' title="bbox 149 2645 945 2726; baseline -0.005 -16"><span class='ocrx_word' id='word_1_224' title='bbox 149 2651 164 2710; x_wconf 83' lang='grc' dir='ltr'>ὁ</span> <span class='ocrx_word' id='word_1_225' title='bbox 179 2651 208 2709; x_wconf 87' lang='grc' dir='ltr'>δὲ</span> <span class='ocrx_word' id='word_1_226' title='bbox 221 2650 355 2709; x_wconf 81' lang='grc' dir='ltr'>διαλιπών</span> <span class='ocrx_word' id='word_1_227' title='bbox 369 2649 472 2724; x_wconf 78' lang='grc' dir='ltr'>ἡμέρας</span> <span class='ocrx_word' id='word_1_228' title='bbox 485 2648 534 2709; x_wconf 81' lang='grc' dir='ltr'>τάς</span> <span class='ocrx_word' id='word_1_229' title='bbox 548 2647 736 2726; x_wconf 88' lang='grc' dir='ltr'>συγκειμένας,</span> <span class='ocrx_word' id='word_1_230' title='bbox 749 2645 826 2710; x_wconf 78' lang='grc' dir='ltr'>αὖτις</span> <span class='ocrx_word' id='word_1_231' title='bbox 841 2651 945 2718; x_wconf 76' lang='grc' dir='ltr'>ἐπιλεξ·</span> 
     </span>
     <span class='ocr_line' id='line_1_31' title="bbox 149 2735 950 2814; baseline 0 -17"><span class='ocrx_word' id='word_1_232' title='bbox 149 2740 248 2814; x_wconf 87' lang='grc' dir='ltr'>άμενος</span> <span class='ocrx_word' id='word_1_233' title='bbox 269 2743 323 2797; x_wconf 81' lang='grc' dir='ltr'>τών</span> <span class='ocrx_word' id='word_1_234' title='bbox 345 2737 532 2811; x_wconf 83' lang='grc' dir='ltr'>Βαβυλωνίων</span> <span class='ocrx_word' id='word_1_235' title='bbox 553 2735 672 2814; x_wconf 79' lang='grc' dir='ltr'>ἐξήγαγε</span> <span class='ocrx_word' id='word_1_236' title='bbox 693 2735 738 2791; x_wconf 84' lang='grc' dir='ltr'>καὶ</span> <span class='ocrx_word' id='word_1_237' title='bbox 759 2735 950 2812; x_wconf 81' lang='grc' dir='ltr'>κατεφόνευσε</span> 
     </span>
     <span class='ocr_line' id='line_1_32' title="bbox 149 2822 951 2902; baseline -0.001 -17"><span class='ocrx_word' id='word_1_238' title='bbox 149 2832 203 2886; x_wconf 81' lang='grc' dir='ltr'>τῶν</span> <span class='ocrx_word' id='word_1_239' title='bbox 225 2828 343 2902; x_wconf 83' lang='grc' dir='ltr'>Δαρείου</span> <span class='ocrx_word' id='word_1_240' title='bbox 364 2825 553 2901; x_wconf 85' lang='grc' dir='ltr'>στρατιωτέων</span> <span class='ocrx_word' id='word_1_241' title='bbox 573 2823 637 2884; x_wconf 77' lang='grc' dir='ltr'>τούς</span> <span class='ocrx_word' id='word_1_242' title='bbox 658 2822 824 2899; x_wconf 81' lang='grc' dir='ltr'>δισχιλίους·</span> <span class='ocrx_word' id='word_1_243' title='bbox 849 2823 951 2888; x_wconf 81' lang='grc' dir='ltr'>ἰδόντες</span> 
     </span>
     <span class='ocr_line' id='line_1_33' title="bbox 150 2908 952 2989; baseline 0 -18"><span class='ocrx_word' id='word_1_244' title='bbox 150 2915 178 2971; x_wconf 74' lang='grc' dir='ltr'>δὲ</span> <span class='ocrx_word' id='word_1_245' title='bbox 190 2915 234 2971; x_wconf 86' lang='grc' dir='ltr'>καί</span> <span class='ocrx_word' id='word_1_246' title='bbox 244 2917 325 2972; x_wconf 71' lang='grc' dir='ltr'>τοῖτο</span> <span class='ocrx_word' id='word_1_247' title='bbox 336 2912 367 2971; x_wconf 80' lang='grc' dir='ltr'>τό</span> <span class='ocrx_word' id='word_1_248' title='bbox 380 2914 460 2989; x_wconf 77' lang='grc' dir='ltr'>ἔργον</span> <span class='ocrx_word' id='word_1_249' title='bbox 469 2915 495 2968; x_wconf 82' lang='grc' dir='ltr'>οἱ</span> <span class='ocrx_word' id='word_1_250' title='bbox 509 2909 694 2986; x_wconf 80' lang='grc' dir='ltr'>Βαβυλώνιοι,</span> <span class='ocrx_word' id='word_1_251' title='bbox 704 2908 805 2972; x_wconf 83' lang='grc' dir='ltr'>πάντες</span> <span class='ocrx_word' id='word_1_252' title='bbox 816 2910 952 2989; x_wconf 81' lang='grc' dir='ltr'>Ζώπυρον</span> 
     </span>
     <span class='ocr_line' id='line_1_34' title="bbox 150 2996 952 3080; baseline -0.002 -20"><span class='ocrx_word' id='word_1_253' title='bbox 150 3003 225 3080; x_wconf 79' lang='grc' dir='ltr'>εἶχον</span> <span class='ocrx_word' id='word_1_254' title='bbox 239 3007 267 3060; x_wconf 84' lang='grc' dir='ltr'>έν</span> <span class='ocrx_word' id='word_1_255' title='bbox 281 3001 406 3076; x_wconf 83' lang='grc' dir='ltr'>στόμασι</span> <span class='ocrx_word' id='word_1_256' title='bbox 421 3000 563 3060; x_wconf 83' lang='grc' dir='ltr'>αἰνέοντες·</span> <span class='ocrx_word' id='word_1_257' title='bbox 585 2998 600 3056; x_wconf 79' lang='grc' dir='ltr'>ό</span> <span class='ocrx_word' id='word_1_258' title='bbox 619 2998 648 3055; x_wconf 81' lang='grc' dir='ltr'>δὲ</span> <span class='ocrx_word' id='word_1_259' title='bbox 662 2996 737 3059; x_wconf 78' lang='grc' dir='ltr'>αὖτις</span> <span class='ocrx_word' id='word_1_260' title='bbox 751 2997 891 3060; x_wconf 80' lang='grc' dir='ltr'>διαλιπών</span> <span class='ocrx_word' id='word_1_261' title='bbox 903 3002 952 3063; x_wconf 82' lang='grc' dir='ltr'>τάς</span> 
     </span>
     <span class='ocr_line' id='line_1_35' title="bbox 146 3083 952 3171; baseline -0.005 -23"><span class='ocrx_word' id='word_1_262' title='bbox 146 3089 331 3171; x_wconf 88' lang='grc' dir='ltr'>συγκειμένας</span> <span class='ocrx_word' id='word_1_263' title='bbox 354 3088 466 3164; x_wconf 75' lang='grc' dir='ltr'>ἡμέρας,</span> <span class='ocrx_word' id='word_1_264' title='bbox 489 3085 608 3165; x_wconf 77' lang='grc' dir='ltr'>ἐξήγαγε</span> <span class='ocrx_word' id='word_1_265' title='bbox 632 3091 659 3147; x_wconf 83' lang='grc' dir='ltr'>ἐς</span> <span class='ocrx_word' id='word_1_266' title='bbox 681 3083 714 3143; x_wconf 79' lang='grc' dir='ltr'>τό</span> <span class='ocrx_word' id='word_1_267' title='bbox 738 3088 952 3164; x_wconf 80' lang='grc' dir='ltr'>προειρημένον·</span> 
     </span>
     <span class='ocr_line' id='line_1_36' title="bbox 140 3171 954 3258; baseline -0.016 -17"><span class='ocrx_word' id='word_1_268' title='bbox 140 3180 188 3240; x_wconf 82' lang='grc' dir='ltr'>καί</span> <span class='ocrx_word' id='word_1_269' title='bbox 198 3177 423 3258; x_wconf 86' lang='grc' dir='ltr'>κυκλωσάμενος</span> <span class='ocrx_word' id='word_1_270' title='bbox 434 3173 624 3251; x_wconf 79' lang='grc' dir='ltr'>κατεφόνευσε</span> <span class='ocrx_word' id='word_1_271' title='bbox 631 3171 954 3252; x_wconf 65' lang='grc' dir='ltr'>τοδςτετρακισχιλίους·</span> 
     </span>
     <span class='ocr_line' id='line_1_37' title="bbox 133 3255 971 3345; baseline -0.005 -14"><span class='ocrx_word' id='word_1_272' title='bbox 133 3269 172 3336; x_wconf 73' lang='grc' dir='ltr'>τίς</span> <span class='ocrx_word' id='word_1_273' title='bbox 190 3270 227 3332; x_wconf 81' lang='grc' dir='ltr'>δὲ</span> <span class='ocrx_word' id='word_1_274' title='bbox 246 3270 300 3333; x_wconf 78' lang='grc' dir='ltr'>καὶ</span> <span class='ocrx_word' id='word_1_275' title='bbox 318 3273 410 3331; x_wconf 73' lang='grc' dir='ltr'>τοῦτο</span> <span class='ocrx_word' id='word_1_276' title='bbox 427 3264 622 3345; x_wconf 80' lang='grc' dir='ltr'>κατέργαστο,</span> <span class='ocrx_word' id='word_1_277' title='bbox 634 3257 729 3316; x_wconf 43' lang='grc' dir='ltr'>πάντα</span> <span class='ocrx_word' id='word_1_278' title='bbox 739 3255 781 3328; x_wconf 47' lang='grc' dir='ltr'>λλ</span> <span class='ocrx_word' id='word_1_279' title='bbox 792 3255 829 3327; x_wconf 50' lang='grc' dir='ltr'>ἦν</span> <span class='ocrx_word' id='word_1_280' title='bbox 845 3263 877 3314; x_wconf 58' lang='lat'>⁸2*</span> <span class='ocrx_word' id='word_1_281' title='bbox 891 3265 971 3318; x_wconf 41' lang='grc' dir='ltr'>’τὼς</span> 
     </span>
    </p>
   </div>
   <div class='ocr_carea' id='block_1_2' title="bbox 0 0 1034 3464">
    <p class='ocr_par' dir='ltr' id='par_1_2' title="bbox 0 0 1034 3464">
     <span class='ocr_line' id='line_1_38' title="bbox 0 0 1034 3464; baseline 0 0"><span class='ocrx_word' id='word_1_282' title='bbox 0 0 1034 3464; x_wconf 95' lang='lat' dir='ltr'> </span> 
     </span>
    </p>
   </div>
  </div>
 </body>
</html>
