2040 3464
350 345 704 420 ‘HPOAOTOY

282 492 543 602 ‘12T0P10N
578 498 764 566 ΠΡΩΤΗ.

475 670 576 700 ...4-

459 796 590 851 ΚΛΕΙΩ.

141 891 362 955 ἨΡΟΔΟΤΟΥ
376 892 600 971 Ἀλικαρνασῆος
620 896 744 972 ἱστορίης
762 893 902 964 άπάδειξις

102 978 160 1056 ἥδε·
181 980 217 1045 ὥς
235 980 308 1058 μήτε
324 981 361 1042 τά
380 981 515 1063 γενόμενα
535 983 567 1052 ἐξ
583 981 734 1061 άνθράπων
751 987 789 1062 τῷ
808 982 901 1062 χρόνῳ

102 1068 215 1145 ἐξίτηλα
225 1070 347 1150 γένηται,
360 1068 432 1146 μήτε
443 1070 509 1150 ἔργα
521 1069 634 1150 μεγάλα
642 1096 674 1130 τε
685 1071 730 1130 καὶ
741 1068 900 1147 θαυμαστοὶ,

100 1155 137 1215 τά
159 1158 213 1233 μὲν
235 1156 363 1233 Ἕλλησι
383 1156 419 1216 τοὶ
441 1158 471 1216 δὲ
491 1155 669 1234 βαρβάροισι
691 1157 898 1234 ἀποδειχθέντα,

101 1241 190 1302 α’κλεᾶ
198 1244 319 1324 γένηται,
333 1243 369 1304 τά
382 1270 413 1303 τε
426 1243 503 1303 ἄλλα
518 1245 564 1302 καὶ
574 1243 608 1303 δι’
615 1244 651 1320 ἣν
661 1245 751 1321 αἰτίην
765 1243 901 1321 ἐπολέμη-

102 1354 158 1391 σαν
170 1329 335 1408 ἀλλήλοισι.
780 1348 789 1361 ·

143 1505 276 1582 Περσέων
288 1506 341 1583 μέν
353 1531 401 1567 νυν
415 1508 442 1566 οἱ
459 1502 694 1586 λάγιοίΦοίνικας
709 1506 813 1569 αἰτίους
826 1502 900 1582 φασί
915 1506 928 1565 l

101 1592 231 1672 γενέσθαι
243 1597 294 1670 τῆς
307 1594 452 1670 διαφορῆς.
486 1590 600 1657 τούτους
613 1591 677 1674 γάρ,
688 1591 746 1654 άπδ
759 1597 810 1669 τῆς
821 1592 900 1671 Ἐρυ-

102 1680 171 1756 θρῆς
189 1682 358 1759 καλεομένης
379 1680 529 1757 θαλάσσης
548 1679 732 1758 ἀπικομένους
751 1682 798 1741 ἐπὶ
817 1681 900 1758 τήνδε

100 1765 152 1844 τὴν
166 1766 324 1839 θάλασσαν,
337 1770 382 1828 καὶ
393 1768 559 1845 οἰκήσαντας
571 1773 671 1828 τοῦτον
684 1768 734 1829 τδν
746 1772 839 1848 χῶρον
851 1768 902 1829 τδν

101 1855 147 1914 καὶ
162 1858 211 1915 νῦν
229 1857 360 1925 οἰκέουσι,
374 1855 473 1916 αὐτίκα
491 1857 651 1935 ναυτιλίῃσι
665 1861 791 1936 μακρῇσι
808 1858 899 1917 ἐπιθέ-

103 1943 181 2004 σθαι·
189 1941 388 2025 άπαγινέοντας
398 1945 427 2004 δέ
438 1945 542 2020 φορτία
549 1944 689 2025 Αἰγύπτιά
700 1971 731 2004 τε
742 1945 787 2003 καὶ
795 1943 901 2004 'Aoui-

101 2058 157 2109 ρια,
172 2037 209 2111 τῇ
227 2057 259 2092 τε
279 2031 354 2110 ἄλλῃ
375 2030 475 2114 [χάρη]
496 2032 711 2092 ἐσαπικνέεσθαι
733 2033 778 2091 καὶ
799 2032 833 2108 δη
854 2033 901 2091 καὶ

102 2124 131 2182 ἐς
143 2119 257 2200 Ἄργος·
272 2119 317 2199 (τά
332 2121 361 2178 δὲ
374 2119 479 2200 Ἀργος
491 2123 590 2179 τοῦτον
604 2119 653 2180 τὸν
665 2119 767 2200 χρόνον
785 2125 900 2199 προεῖχε

102 2205 193 2266 ἅπασι
215 2211 270 2267 τῶν
293 2212 322 2267 ἐν
344 2211 381 2286 τῇ
408 2211 457 2269 νῦν
479 2206 597 2266 Ἐλλάδι
619 2209 774 2285 καλεομένη
800 2207 900 2289 χάρη)

76 2350 84 2367 Ι
102 2293 285 2372 α’πικομένους
300 2296 329 2354 δέ
344 2295 409 2359 τούς
422 2294 550 2358 Φοίνικας
563 2299 591 2358 ἐς
607 2295 640 2370 δι)
654 2295 687 2354 τδ
699 2295 805 2375 Ἄργος
817 2300 901 2355 τοῦτο

102 2383 274 2443 διατίθεσθαι
283 2383 333 2443 τὸν
344 2381 459 2460 φόρτον·
476 2383 590 2461 πέμπτῃ
604 2383 633 2442 δὲ
643 2380 661 2458 ἢ
673 2383 737 2460 ἕκτῃ
750 2382 840 2462 ἡμέρῃ
851 2382 899 2441 α’π’

100 2468 135 2545 ἧς
157 2469 297 2540 α’πίκοντο,
320 2471 550 2547 ἐξεμπολημένων
574 2476 631 2546 σφι
654 2471 758 2548 σχεδδν
781 2470 899 2540 πάντων,

101 2559 193 2618 ἐλθεῖν
206 2558 253 2616 ἐπὶ
268 2556 320 2634 τὴν
334 2556 485 2618 θάλασσαν
497 2560 629 2638 γυναῖκας
642 2557 733 2621 ἄλλας
745 2584 776 2618 τε
788 2556 900 2620 πολλάς

100 2645 148 2703 καὶ
162 2645 196 2721 δὴ
210 2646 256 2704 καὶ
271 2649 321 2705 τοῦ
337 2645 477 2721 βασιλέος
491 2645 637 2724 θυγατέρα·
657 2644 690 2703 τὸ
705 2645 736 2704 δέ
751 2648 777 2704 οἶ
794 2643 899 2720 οὕνομα

101 2732 178 2801 εἶναι,
202 2732 273 2791 κατά
291 2731 378 2792 τάυτδ
402 2731 435 2792 τά
457 2732 503 2790 καὶ
521 2730 661 2807 Ἕλληνες
680 2732 806 2813 λέγουσι,
827 2728 901 2791 Ἰοῦν

99 2818 153 2894 τήν
167 2818 287 2898 Ἰνάχου·
307 2819 409 2882 ταύτας
425 2819 535 2880 στάσας
548 2819 619 2876 κατά
633 2817 760 2895 πρύμνην
773 2822 824 2893 τῆς
839 2816 900 2882 νεδς

99 2905 234 2968 ὠνέεσθαι
251 2911 306 2966 τῶν
322 2907 445 2984 φορτίων
458 2910 514 2965 τῶν
531 2910 587 2979 σφι
604 2904 640 2979 ἦν
656 2906 742 2982 θυμδς
761 2904 898 2981 μάλιστα·

99 2995 146 3052 καὶ
171 2993 236 3057 τούς
259 2994 388 3057 Φοίνικας
414 2992 692 3068 διακελευσαμένους
718 2991 856 3066 ὁρμῆσαι
877 2983 918 3039 ἐὖ

96 3080 189 3146 αὐτάς·
204 3081 255 3148 τάς
265 3083 365 3163 μὲνδηλ
380 3088 511 3148 πλεῦνας
521 3085 580 3144 τιῖιν
591 3081 741 3162 γυναικῶν
755 3067 962 3168 δποῷὋἺὲω·

86 3168 140 3243 τήν
151 3170 182 3230 δὲ
197 3170 273 3236 Ἰοῦν
288 3174 346 3237 στίν
362 3174 486 3258 ἄλλῃσι
499 3168 718 3250 ἁρπασθῆναι·
738 3156 992 3232 mumma&
