2040 3464
138 115 185 163 162
433 109 617 160 ‘HPOAOTOT
882 109 933 174 [ΙΙ.

136 193 330 276 [ἐπιμέμνηται
349 191 378 250 δὲ
396 191 443 249 καὶ
462 195 490 250 ἐν
506 189 667 270 Ὀδυσσείῃ,
683 195 709 250 ἐν
730 189 837 250 τοῖσίδε
856 193 934 253 τοῖσι

135 307 225 342 επεσι·

151 413 209 459 Τοῖα
226 412 280 459 Διὸς
298 412 405 471 θυγάτηρ
422 412 465 470 ἔχε
481 411 597 472 φάρμακα
613 410 749 470 μητιόεντα,
767 459 772 466 ,

150 485 233 541 ἐσθλὰ,
254 484 286 530 τά
302 485 324 530 οί
341 484 486 541 Πολύδαμνα
503 484 581 542 πόρεν,
600 484 677 530 flavos
697 484 838 542 παράκοιτις

150 555 281 616 Αἰγυπτίη·
301 556 332 614 τῇ
348 556 455 602 πλεῖστα
472 555 538 614 φέρει
556 555 663 614 ζείδωρον
682 555 770 615 ἄρουρα

150 628 274 689 φάρμακα,
289 628 371 674 πολλὰ
383 627 426 685 μὲν
440 627 517 674 ἐσθλίι
529 627 671 686 μεμιγμένα,
685 628 768 674 πολλὰ
782 627 808 674 δὲ
820 623 907 688 λυγρά.

134 747 180 807 καὶ
193 746 259 806 τάδε
273 747 352 823 ἕτερα
365 745 436 823 πρδς
449 744 619 823 Τηλέμαχον
632 745 779 808 Μενέλεως
793 746 881 826 λέγει·

182 888 300 946 Αίγύπτιρ
316 884 340 944 μ’
354 887 389 934 ἔτι
407 887 473 947 δεθρο
492 886 540 932 θεοί
556 886 673 943 μεμαῶτα
689 886 783 935 νέεσθαι

182 962 262 1018 ἔσχον,
282 960 334 1006 ἐπεί
351 960 378 1006 οθ
395 964 452 1018 σφιν
468 959 536 1019 ἔρεξα
553 959 687 1015 τεληέσσας
704 953 862 1022 ἑκατόμβαι]

134 1083 164 1137 ἐν
179 1076 305 1138 τούτοισι
322 1081 399 1136 τοῖσι
418 1079 497 1136 ἔπεσι
516 1077 599 1151 δηλοῖ
616 1076 659 1136 ὅτι
675 1075 818 1152 ἠπίστατο
835 1076 888 1152 τήν
905 1081 931 1142 ές

134 1166 277 1247 Αἴγυπτον
290 1165 476 1241 Ἀλεξάνδρου
493 1164 613 1239 πλάνην
635 1163 763 1242 ὁμουρέει
778 1165 833 1244 γάρ
846 1165 865 1240 η
880 1168 932 1229 Συ-

133 1255 179 1330 ρίη
193 1255 332 1336 Αἰγύπτῳ,
345 1258 371 1313 οἱ
384 1255 414 1313 δὲ
427 1255 558 1323 Φοίνικες,
573 1257 627 1312 τιῖν
642 1255 702 1312 ἐστὶ
715 1252 733 1328 ἡ
747 1253 844 1323 Σιδων,
857 1259 885 1314 ἐν
895 1258 932 1332 τῇ

89 1341 143 1401 117
155 1345 241 1420 Συρίη
256 1344 387 1402 οἰκέουσι.
422 1343 504 1401 Kar&
520 1345 608 1400 ταῦτα
622 1342 651 1400 δὲ
667 1342 703 1400 τοὶ
723 1343 790 1400 έπεα
807 1342 854 1399 καὶ
867 1342 932 1401 τόδε

132 1429 166 1490 πθ
183 1432 285 1509 χωρίον
299 1429 349 1489 οὐκ
362 1429 466 1506 ἥκιστα
480 1428 558 1487 α’λλοὶ
574 1429 710 1505 μάλιστα,
725 1429 809 1504 δηλοῖ
824 1427 869 1488 ὅτι
882 1429 932 1488 οὐκ

133 1517 259 1595 Ὀμήρου
271 1519 308 1578 τοὶ
322 1518 436 1595 Κύπρια
450 1516 517 1577 έπεοί
530 1522 593 1575 ἐστι
606 1516 672 1575 ἀλλ’
682 1516 774 1576 ἄλλου
786 1516 870 1580 τινός.
902 1524 932 1578 ἐν

132 1609 184 1682 μὲν
205 1607 261 1688 γάρ
282 1611 359 1666 τοῖσι
381 1606 536 1684 Κυπρίοισι
556 1606 669 1682 εἴρηται,
692 1603 728 1667 οῖς
750 1607 873 1682 τριταῖος
901 1610 931 1666 ἐκ

135 1694 265 1771 Σπάρτης
278 1695 462 1772 Ἀλέξανδρος
476 1693 591 1752 ἀπίκετο
605 1698 632 1755 ἐς
645 1694 678 1752 τὰ
690 1691 780 1753 Ἴλιον
794 1692 868 1773 ἄγων
879 1693 932 1770 την

132 1782 258 1858 Ἑλένην,
270 1782 345 1841 εθαέὶ
357 1808 389 1841 τε
401 1782 537 1859 πνεύματι
547 1780 725 1859 χρησάμενος
739 1782 784 1840 καὶ
796 1779 932 1861 θαλάσσῃ

135 1872 208 1948 λείη·
230 1876 258 1930 ἐν
274 1870 304 1928 δὲ
319 1869 420 1929 Ἰλιάδι
437 1870 515 1951 λέγει
532 1869 568 1932 οῖς
586 1870 721 1940 ἐπλάζετο
741 1869 814 1950 ἄγων
834 1868 931 1946 αὐτήν.

128 1957 256 2034 Ὅμηρος
268 1958 320 2032 μέν
333 1983 381 2018 νυν
395 1958 441 2016 καὶ
453 1959 489 2016 τοὶ
504 1956 619 2032 Κύπρια
633 1959 699 2015 ἐπεα
713 1958 841 2036 χαιρέτω.

90 2048 145 2110 118
174 2047 328 2123 Εἶρομένου
349 2046 380 2104 δέ
398 2071 451 2122 μευ
471 2044 535 2107 τοθς
558 2047 639 2121 ἱρέας,
659 2049 683 2104 εἰ
704 2046 823 2122 μάταιον
843 2045 932 2127 λόγον

133 2135 252 2215 λέγουσι
269 2138 296 2193 οἱ
309 2133 447 2209 Ἕλληνες
461 2133 497 2192 τοὶ
512 2134 577 2208 περὶ
590 2132 680 2191 Ἴλιον
693 2134 833 2213 γενέσθαι,
848 2131 867 2208 ἢ
881 2133 930 2204 οὖς

134 2223 245 2297 ἔφασαν
261 2221 331 2298 πρός
347 2225 435 2281 ταῦτα
450 2221 524 2290 τάδε,
540 2220 683 2298 ἱστορίῃσι
697 2220 819 2297 φάμενοι
832 2222 932 2282 εἰδέναι

133 2309 198 2387 παρ’
212 2309 296 2370 αὐτοῦ
310 2311 450 2369 Μενέλεω·
468 2310 560 2368 ἐλθεῖν
573 2311 624 2384 μὲν
637 2308 692 2387 γάρ
705 2308 777 2384 μετά
789 2309 840 2384 την
852 2309 932 2369 Ἑλέ-

134 2424 183 2474 νης
193 2398 322 2479 ἁρπαγήν
333 2403 360 2461 ἐς
368 2397 421 2472 την
429 2396 564 2473 Τευκρίδα
573 2400 628 2476 γῆν
640 2396 785 2470 Ἑλλήνων
795 2398 932 2474 στρατιήν

134 2486 255 2562 πολλὴν,
266 2487 429 2562 βοηθεῦσαν
439 2486 580 2562 Μενέλεω·
597 2485 726 2559 ἐκβᾶσαν
739 2484 768 2542 δὲ
781 2489 809 2546 ἐς
821 2488 876 2565 γῆν
885 2487 932 2545 καὶ

134 2575 293 2652 ἱδρυθεῖσαν
305 2574 357 2649 την
370 2573 506 2649 στρατιήν
519 2573 639 2649 πέμπειν
656 2577 683 2634 ἐς
697 2571 730 2630 τά
745 2571 836 2631 Ἴλιον
849 2569 938 2653 οἷγγέᾸ

133 2666 210 2725 λους·
231 2661 285 2722 σύν
298 2662 329 2721 δέ
341 2667 398 2736 σφι
413 2663 480 2720 ἰέναι
493 2659 540 2718 καὶ
552 2658 638 2718 αθτδν
651 2660 810 2718 Μενέλεων·
830 2659 895 2723 τούς
908 2659 931 2719 δΙ

134 2751 196 2810 ἐπεί
211 2776 242 2810 τε
259 2751 386 2810 ἐσελθεῖν
403 2753 431 2811 ἐς
447 2747 481 2807 πθ
497 2751 597 2826 τεῖχος,
612 2747 751 2805 ἀπαιτέειν
766 2747 884 2822 Ἑλένην
900 2772 932 2808 τι

133 2839 179 2897 καὶ
193 2839 230 2899 ποὶ
248 2837 380 2917 χρήματα
397 2836 434 2897 τά
452 2839 478 2895 οἱ
499 2837 592 2914 οἴχετο
614 2837 719 2913 κλέψας
738 2834 931 2911 Ἀλέξανδρος,

135 2931 190 2986 τοῖν
201 2951 234 2985 τε
251 2924 426 3002 ἀδικημάτων
442 2925 518 2986 δίκας
534 2925 642 2982 αἰτέειν·
663 2923 729 2985 τούς
747 2923 776 2981 δὲ
795 2923 933 3001 Τευκροθς

132 3014 182 3073 τᾶν
209 3011 294 3073 αὗτδν
318 3011 406 3093 λόγον
430 3012 524 3091 λέγειν
546 3011 610 3069 τότε
634 3012 681 3068 καὶ
704 3010 861 3086 μετέπειτα,
885 3010 932 3068 καὶ

125 3099 269 3175 omme
285 3100 333 3160 καὶ
353 3099 482 3178 α’νωμοτὶ,
502 3097 540 3173 μή
561 3102 612 3174 μὲν
634 3100 706 3177 ἐχειν
725 3097 843 3174 Ἑλένην
861 3098 932 3174 μηδὲ

47 3260 49 3263 ¹
111 3187 153 3246 ra*
167 3189 382 3270 ἐπικαλεύμενα
395 3187 543 3273 χρήματα,
557 3183 620 3247 ἀλλ’
638 3185 709 3246 εῖναι
721 3185 793 3243 αῖιτὶι
801 3185 895 3242 πάντα.
905 3190 932 3243 ἐν

92 3276 259 3360 Αἰγύπτῳ·
280 3282 336 3345 καὶ
353 3279 409 3345 οὔτε
431 3279 466 3344 ἂν
481 3278 601 3343 δικαίως
619 3273 703 3336 ιιῖιτολ
713 3273 798 3334 δίκας
808 3266 959 3343 ἱιπέχεινδ
