2040 3464
120 111 167 159 ιιι
426 109 604 157 Ἡςοιοτοτ
867 108 915 172 [IL

119 189 240 266 ἑσπέρης
257 187 341 248 αὐτόν
358 195 429 263 πρός
446 186 528 263 ἥλιον
544 186 745 248 ἀνατέλλοντα·
767 187 918 262 φαίνεσθαι

74 278 111 337 33
120 276 150 335 δὲ
167 281 197 335 έν
213 274 286 354 αὐτῷ
300 276 500 351 κροκοδείλους.
534 274 568 332 ‘0
582 277 634 351 μὲν
650 273 684 348 δὴ
698 278 748 333 τοῦ
761 273 920 350 Ἀμμωνίου
966 336 968 341 ,

119 362 273 442 Ἐτεάρχου
288 363 374 443 λόγος
390 368 418 424 ἐς
435 361 518 422 τοῦτό
531 388 581 438 μοι
596 361 772 437 δεδηλώσθω,
786 363 864 437 πλην
877 361 919 422 ότι

121 451 321 526 ἀπονοστῆσαί
341 475 372 509 τε
397 451 504 524 ἔφασκε
524 449 589 512 τούς
613 455 801 526 Νασαμῶνας,
825 449 873 530 [οἷς
894 453 921 509 οἱ

121 544 277 616 Κυρηναῖοι
298 537 407 620 ἔλεγον]
426 539 472 597 καὶ
493 543 520 601 ἐς
539 537 603 601 τούς
624 535 701 597 οὗτοι
722 537 855 597 οἶπίκοντο
876 537 914 596 οἶν

122 628 247 704 θρώπους
264 626 368 707 γόητας
387 627 456 685 εἶναι
474 625 589 688 πάντας.
631 626 681 685 τόν
697 625 726 684 δὲ
743 626 776 701 δη
794 625 922 702 ποταμόν

120 719 219 775 τοῦτον
232 714 282 775 τόν
295 715 488 792 παραρρέοντα
502 715 547 772 καὶ
559 713 710 791 Ἐτέαρχος
726 713 922 788 συνεβάλλετο

122 802 191 862 εἶναι
208 802 258 862 τόν
277 806 391 871 Νεῖλον,
410 803 455 860 καὶ
473 801 506 876 δη
524 802 570 859 καὶ
590 801 606 860 ὁ
627 801 713 880 λόγος
734 800 804 861 οὕτω
825 803 920 877 αἱρέει·

122 892 178 968 ῥέει
198 891 253 971 γάρ
276 896 306 949 ἐκ
327 890 436 967 Λιβίης
458 889 474 949 ό
498 895 610 959 Νεῖλος,
632 891 678 948 καὶ
701 891 793 966 μέσην
812 889 923 965 τάμνων

122 979 233 1054 Λιβύην
252 980 298 1036 καὶ
315 977 362 1058 (ὦς
381 978 434 1058 ἐγώ
454 978 670 1054 συμβάλλομαι,
687 982 763 1036 τοῖσι
782 978 923 1053 ἐμφανέσι

122 1067 158 1126 τοὶ
170 1066 211 1143 μη
221 1065 413 1147 γινωσκόμενα
427 1065 653 1145 τεκμαιρόμενος)
664 1070 702 1144 τῷ
710 1064 813 1144 Ἴστρῳ
825 1071 853 1124 ἐκ
867 1070 922 1125 τῶν

123 1155 191 1214 ἴσων
203 1156 310 1231 μέτρων
321 1154 447 1230 ὁρμᾶται.
474 1153 587 1229 Ἴστρος
597 1179 627 1212 τε
637 1153 692 1234 γάρ
703 1154 829 1230 ποταμός
840 1153 923 1229 αἰρξά-

122 1269 204 1318 μενος
225 1247 255 1300 ἐκ
277 1246 393 1301 Κελτῶν
414 1242 459 1300 καὶ
480 1240 611 1316 Πυρήνης
631 1241 739 1310 πόλιος,
755 1242 812 1318 ῥέει
831 1243 924 1317 μέσην

122 1333 227 1409 σχίζων
242 1331 293 1405 τήν
308 1329 453 1406 Εὐρώπην·
473 1329 512 1410 (οἱ
531 1329 560 1387 δὲ
576 1330 683 1388 Κελτοί
699 1333 754 1388 εἶσι
773 1330 823 1398 ἔξω
836 1330 922 1407 Ἡρα-

124 1420 225 1494 κληίων
236 1419 371 1495 στηλέων,
376 1418 543 1495 ὁμουρέουσι
554 1417 798 1493 δὲΚυνησίοισι,οἳ
807 1419 922 1495 ἔσχατοι

124 1506 194 1583 πρός
211 1507 336 1582 δυσμέων
353 1507 476 1565 οἰκέουσι
493 1509 548 1564 τῶν
565 1511 594 1564 έν
611 1509 646 1583 τῇ
663 1505 783 1582 Εὐρώπη
797 1531 919 1581 κατοικη·

123 1595 233 1670 μένων)
254 1598 371 1672 τελευτᾷ
385 1595 414 1652 δὲ
428 1593 443 1653 ό
456 1592 569 1669 Ἴστρος
583 1598 610 1655 ές
627 1593 778 1653 θάλασσαν
792 1595 860 1670 ῥέων
872 1594 921 1668 τὴν

123 1687 172 1741 τοῦ
184 1682 314 1750 Εὐξείνου
324 1682 427 1740 πόντου
439 1681 482 1739 διά
494 1680 587 1755 πάσης
599 1679 742 1756 Εὐρώπης,
754 1685 788 1760 τῇ
799 1681 922 1758 Ἰστρίην

77 1773 115 1829 34
126 1774 152 1829 οἱ
169 1772 320 1845 Μιλησίων
337 1770 459 1828 οἰκέουσι
476 1769 596 1828 ἄποικοι.
630 1769 663 1826 ‘O
682 1773 733 1844 μὲν
749 1769 783 1844 δή
799 1769 922 1846 Ἴστρος,

124 1858 180 1935 ῥέει
203 1859 257 1937 γάρ
279 1857 311 1916 δι’
334 1859 499 1932 οἰκεομένης,
520 1857 591 1933 πρός
611 1862 727 1916 πολλῶν
746 1856 921 1937 γινώσκεται·

125 1946 188 2021 περὶ
207 1946 235 2003 δὲ
253 1950 308 2005 τῶν
323 1949 373 2004 τοῦ
389 1946 497 2003 Νείλου
515 1945 626 2024 πηγέων
642 1944 729 2008 οὐδεὶς
747 1947 804 2023 ἔχει
819 1946 921 2026 λέγειν·

124 2032 252 2108 αόίκητός
264 2059 295 2092 τε
307 2032 361 2113 γάρ
377 2038 438 2092 ε’στι
451 2033 496 2091 καὶ
510 2037 611 2109 ε’ρῆμος
621 2032 639 2107 ἡ
650 2033 753 2109 Λιβύη,
765 2032 799 2091 δι’
808 2031 843 2108 ἧς
856 2036 921 2110 ῥέει.

124 2122 187 2198 περὶ
211 2122 240 2180 δὲ
260 2125 310 2180 τοῦ
332 2121 466 2198 ῥεύματος
488 2121 572 2179 αὐτοῦ
594 2119 635 2179 ἐπ’
658 2120 728 2180 ὅσον
747 2121 923 2197 μακρότατον

125 2213 287 2285 ἱστορεῦντα
307 2209 342 2286 ἦν
360 2210 499 2278 ἐξικέσθαι
520 2210 634 2285 εἴρηται·
657 2208 760 2268 ἐκδιδοῖ
779 2209 808 2267 δὲ
829 2214 856 2272 ἒς
874 2210 934 2268 Αἵ·-

124 2324 239 2378 γυπτον·
253 2298 271 2373 ἡ
282 2299 311 2357 δὲ
325 2299 464 2378 Αἴγυπτος
474 2302 524 2372 τῆς
534 2296 640 2372 ὄρεινῆς
652 2297 782 2372 Κιλικίης
791 2297 921 2373 μάλιστά

125 2412 160 2460 κη
173 2384 251 2462 α’ντίη
266 2387 364 2445 κέεται·
388 2385 524 2466 [ἐνθεῦτεν
538 2385 575 2452 δὲ,
591 2390 617 2446 ές
635 2384 762 2459 Σινώπην
774 2384 827 2459 τήν
841 2391 870 2445 έν
883 2390 922 2464 τῷ

124 2473 243 2552 Εὐξείνῳ
265 2473 357 2552 πόντῳ
379 2473 460 2533 πέντε
484 2472 607 2550 ἡμερέων
632 2471 703 2530 ἰθεῖα
730 2472 793 2534 ὁδός
818 2471 922 2554 εὐζώνῳ

123 2561 223 2644 ἀνδρί]
237 2562 255 2638 ἡ
267 2563 296 2621 δὲ
307 2560 417 2636 Σινώπη
428 2566 466 2639 τῷ
474 2559 577 2638 Ἴστρῳ
589 2559 721 2618 ἐκδιδόντι
732 2566 760 2622 ές
770 2559 923 2622 θάλασσαν

124 2649 218 2709 οἷντίον
238 2651 338 2709 κέεται.
373 2649 443 2707 οὕτω
462 2648 512 2708 τόν
532 2652 638 2708 Νεῖλον
659 2648 743 2705 δοκέω
764 2647 808 2705 διὰ
828 2649 924 2726 πάσης

123 2741 174 2812 τῆς
184 2738 294 2812 Λιβύης
307 2737 442 2805 διεξιόντα
456 2738 620 2806 ἐξισοῦσθαι
630 2740 668 2813 τῷ
676 2734 788 2815 Ἴστρῳ.
816 2738 925 2797 Νείλου

124 2827 176 2902 μέν
190 2851 237 2884 νυν
251 2827 314 2901 πέρι
326 2829 451 2884 τοσαῦτα
466 2823 595 2900 εἰρήσθω.

69 2915 116 2970 ,θό
159 2911 300 2992 Ἔρχομαι
320 2913 349 2972 δὲ
365 2913 428 2990 περὶ
445 2911 587 2993 Αἰγύπτου
604 2913 744 2988 μηκυνέων
761 2912 811 2972 τόν
827 2912 923 2995 λόγον,

103 2997 150 3056 ὅτι
171 3006 302 3063 πλεῖστα
321 3001 476 3081 θαυμάσια
495 2998 585 3081 ’έχειῆ
601 2999 678 3073 άλλη
689 3004 771 3056 πάσα
782 2999 871 3076 χώρη,
881 3002 928 3059 καὶ

87 3084 165 3163 {hya
189 3091 292 3174 λόγου
323 3095 406 3174 μέζω
438 3093 603 3173 παρέχεται
624 3087 699 3164 πρὸς
720 3090 817 3142 πᾶσαν
843 3085 946 3158 ἊῶΨλΨ

68 3170 197 3271 sov‘nw
214 3183 323 3245 εἵνεκα
339 3187 432 3248 πλέω
444 3184 518 3264 περὶ
530 3181 624 3255 αὐτῆς
637 3172 800 3252 εἰρήσεται.
822 3167 975 3270 Νιγρπτιος

55 3275 133 3325 “W
155 3269 207 3345 Τῷ
232 3271 362 3360 οὐρανῷ
388 3282 440 3359 τῷ
461 3271 549 3338 κατὰ
570 3267 677 3344 σῲέας
700 3260 780 3318 ἐόντι
801 3257 928 3322 ὶτεροιςο,
946 3247 996 3304 καλ
