2040 3464
126 113 176 161 250
428 115 611 162 ἭΡΟΔΟΤΟΥ
858 113 926 182 [HL

126 190 220 252 Ἰνδοί·
239 192 332 253 Ἰνδῶν
347 191 448 274 γάρτό
465 193 537 271 πρός
553 195 606 268 τήν
621 193 663 269 ἠῶ
679 193 778 271 ἐρημίη
794 195 866 266 έστὶ,
880 196 927 258 διά

126 280 178 355 τήν
194 279 320 357 ψάμμον.
355 281 416 340 ἔστι
434 281 464 339 δὲ
481 280 579 339 πολλά
599 282 678 340 ἔθνεα
694 281 789 341 Ἰνδῶν
808 282 855 340 καὶ
875 282 927 343 οῦκ

127 366 260 442 ὁμόφωνά
277 372 374 441 σφισι·
396 368 441 426 καὶ
459 371 486 426 οἱ
505 369 557 443 μὲν
574 367 663 427 αὐτῶν
679 367 797 444 νομάδες
815 369 881 439 εἶσὶ,
898 373 926 429 οἱ

126 454 156 512 δὲ
167 454 208 512 οῦ·
229 458 255 513 οἶ
268 455 298 513 δὲ
312 460 341 515 έν
352 458 430 515 τοῖσι
444 456 523 514 ἕλεσι
536 456 659 515 οἰκέουσι
671 459 721 514 τοῦ
734 461 865 531 ποταμοῦ
879 458 926 516 καὶ

126 541 222 621 ἰχθύας
246 543 386 602 σιτέονται
409 542 507 619 ῶμοῦς,
528 542 594 605 τοῦς
615 543 741 618 αἱρέουσι
763 547 795 602 ἐκ
817 546 927 604 πλοίων

126 630 284 707 καλαμίνων
299 630 478 707 ῦρμεάμενοι·
501 629 628 705 καλάμου
645 630 674 688 δὲ
693 630 722 689 ἓν
737 629 807 710 γόνυ
821 635 926 692 πλοῖον

125 718 243 779 ἕκαστον
256 719 388 778 ποιέεται.
417 715 493 777 οῦτοι
506 720 558 793 μὲν
571 717 604 792 δὴ
614 721 669 776 τῶν
681 715 775 777 Ἰνδῶν
786 719 926 794 φορέουσι

125 806 231 880 ε’σθῆτα
245 806 374 881 φλοΐνην·
396 804 479 864 ἐπεάν
493 810 523 863 ἐκ
538 807 588 864 τοῦ
601 808 729 881 ποταμοῦ
744 801 839 880 φλοῦν
852 805 925 883 άμή·

125 918 199 951 σωσι
216 894 261 951 καὶ
280 892 397 969 κόψωσι,
411 892 445 952 τό
460 893 584 951 ἐνθεῦτεν
597 895 709 968 φορμοῦ
722 892 827 968 τρόπον
841 919 928 953 κατα·

79 981 282 1049 99πλέξαντες,
304 979 339 1042 ῶς
360 978 470 1056 θῶρηκα
491 979 656 1039 ε’νδυνέουσι,
691 977 798 1038 Ἀλλοι
818 979 850 1040 δὲ
867 985 926 1041 τῶν

124 1065 216 1126 Ἰνδῶν
228 1066 297 1144 πρός
310 1066 351 1142 ηἰῦ
365 1068 499 1130 οἰκέοντες
510 1066 614 1126 τούτων
627 1065 744 1142 νομάδες
758 1067 822 1136 εἰσὶ,
837 1073 925 1144 κρεῶν

125 1155 235 1216 ἐδεσταὶ
256 1154 345 1231 ὠμῶν·
366 1154 513 1213 καλέονται
531 1154 560 1214 δὲ
578 1153 709 1212 Παδαῖοι·
730 1156 874 1231 νομαίοισι
893 1157 925 1217 δὲ

123 1243 247 1303 τοιοῖσδε
258 1244 389 1323 λέγονται
404 1243 538 1320 χρᾶσθαι·
559 1240 590 1305 ῦς
610 1240 644 1301 ἂν
664 1240 739 1320 κάμῃ
751 1246 807 1302 τῶν
819 1242 923 1314 άστῶν,

124 1329 159 1406 ἦν
171 1357 202 1391 τε
219 1330 288 1412 γυνὴ
302 1329 336 1406 ἦν
349 1355 380 1388 τε
395 1328 474 1406 άνὴρ,
487 1330 537 1389 τόν
552 1331 604 1405 μὲν
618 1328 704 1405 ἄνδρα
716 1327 812 1406 ἅνδρες
829 1333 856 1389 οἱ
870 1333 925 1408 μά-

125 1418 211 1478 λιστά
224 1422 250 1477 οἱ
268 1417 426 1494 ὁμιλέοντες
443 1417 589 1487 κτείνουσι,
605 1415 726 1492 φάμενοι
741 1415 826 1477 αὐτόν
841 1420 924 1494 τηκό-

123 1509 254 1584 μενοντῇ
269 1504 360 1584 νοῦσῳ
372 1505 407 1563 τοὶ
426 1505 493 1580 κρέα
510 1506 597 1580 σφίσι
613 1503 837 1579 διαφθείρεσθαι·
857 1506 875 1566 ὁ
894 1508 925 1567 δὲ

124 1593 245 1671 ἅπαρνάς
261 1598 322 1652 ε’στι
340 1592 379 1668 μή
396 1594 448 1668 μὲν
461 1592 575 1660 νοσέειν,
591 1595 617 1650 οἱ
634 1591 663 1650 δὲ
682 1591 714 1650 οῦ
731 1595 925 1673 συγγινωσκά·

123 1706 203 1756 μενοι
211 1680 419 1742 ἀποκτείναντες
434 1680 656 1758 κατευωχέονται·
671 1677 705 1754 ἢν
716 1679 745 1737 δὲ
754 1679 825 1760 γυνη
838 1682 923 1761 κάμῃ,

124 1768 254 1832 ῶσαότως
275 1771 304 1826 αἱ
324 1767 522 1845 ἐπιχρεώμεναι
541 1766 669 1843 μάλιστα
688 1770 815 1847 γυναῖκες
834 1769 925 1830 ταῦτά

124 1860 201 1916 τοῖσι
216 1854 334 1933 οἷνδράσι
349 1860 470 1914 ποιεῦσι·
490 1855 539 1915 τόν
557 1854 612 1935 γάρ
626 1854 660 1929 δή
676 1860 703 1917 ές
719 1859 809 1936 γῆρας
825 1855 923 1917 άπικά-

124 1970 207 2019 μενον
225 1943 359 2005 θύσαντες
377 1945 600 2021 κατευωχέονται·
622 1947 649 2005 ἐς
670 1941 700 2000 δὲ
716 1942 816 2002 τούτου
834 1945 924 2026 λόγον

126 2032 158 2090 οῦ
171 2032 278 2090 πολλοί
287 2056 358 2093 τινες
370 2030 459 2090 αῦτῶν
472 2031 656 2090 ἀπικνέονται·
671 2030 727 2106 πρό
740 2029 795 2110 γάρ
809 2035 860 2090 τοῦ
874 2032 924 2092 τόν

81 2121 172 2182 ῙΟΟὲς
189 2124 292 2179 νοῦσον
305 2118 443 2178 πίπτοντα
460 2118 551 2177 πάντα
572 2118 719 2177 κτείνουσι.
752 2117 872 2194 Ἑτέρων
893 2120 925 2178 δέ

126 2211 188 2266 ε’στι
198 2206 291 2266 Ἰνδῶν
304 2205 349 2265 ὅδε
365 2205 453 2268 ἄλλος
469 2204 582 2282 τρόπος·
603 2204 666 2265 οὔτε
684 2205 822 2265 κτείνουσι
841 2205 923 2269 οῦδὲν

125 2295 258 2372 ἔμψυχον,
276 2293 338 2352 οὔτε
357 2319 385 2352 τι
405 2292 563 2370 σπείρουσι,
585 2292 647 2352 οὔτε
668 2293 754 2355 οἰκίας
774 2294 924 2370 νομίζουσι

88 2419 92 2426 -
124 2383 267 2457 ἐκτῆσθαι·
288 2381 496 2461 ποιηφαγέουσι
514 2381 553 2438 δέ·
575 2381 621 2438 καὶ
639 2379 754 2440 αὐτοῖσί
770 2384 833 2440 ἔστι
852 2381 924 2443 ὅσον

125 2470 242 2550 κέγχρος
253 2468 286 2529 τό
299 2469 421 2549 μέγαθος
434 2473 463 2527 ἐν
479 2467 579 2526 κάλυκι
592 2467 748 2544 αὐτόματον
761 2472 792 2526 έκ
806 2471 859 2544 τῆς
870 2475 925 2550 γῆς

124 2558 278 2637 γινόμενον·
297 2556 331 2614 τό
352 2555 546 2635 συλλέγοντες,
562 2553 632 2633 αὐτῇ
653 2554 752 2614 κάλυκι
769 2555 876 2633 ἕψουσί
892 2583 925 2617 τε

126 2645 171 2704 καὶ
184 2645 333 2704 σιτέονται.
362 2643 392 2706 ῦς
405 2641 428 2701 δ’
439 2642 473 2702 ἂν
486 2647 513 2706 ε’ς
525 2646 628 2703 νοῦσον
638 2643 727 2702 αὐτῶν
736 2644 820 2721 πέσῃ,
833 2644 925 2705 ε’λθῶν

126 2737 153 2796 ἐς
167 2732 220 2808 τὴν
235 2734 336 2810 ἔρημον
350 2731 448 2790 κέεται·
471 2730 610 2807 φροντίζει
626 2730 656 2789 δὲ
675 2728 763 2793 οὐδεὶς
781 2729 839 2790 οὔτ’
854 2731 925 2792 άπο·

83 2818 277 2882 ΙΟΙθανόιτος
298 2817 360 2878 οῦτε
384 2817 545 2895 κάμνοντος.
586 2817 672 2887 Μίξις
694 2817 724 2876 δὲ
743 2817 850 2879 τούτων
869 2824 926 2882 τῶν

124 2906 217 2967 Ἰνδῶν
229 2911 283 2966 τῶν
297 2907 431 2975 κατέλεξα
447 2904 556 2965 πάντων
571 2905 697 2981 ἐμφανής
714 2910 784 2975 ε’στι,
798 2905 926 2983 κατάπερ

125 2998 179 3055 τῶν
191 2993 351 3071 προβάτων·
373 2994 418 3052 καὶ
433 2994 466 3052 τό
479 2996 580 3071 χρῶμα
593 2993 729 3069 φορέουσι
742 2992 843 3069 ὁμοῖον
856 2993 926 3055 πάν·

118 3110 165 3147 τες
178 3083 225 3143 καί
241 3080 445 3163 παραπλήσιον
458 3081 582 3160 Αἰθίοψι·
602 3080 704 3160 ἦγονῆ
718 3080 748 3139 δὲ
764 3079 857 3143 αὐτῶν
872 3082 928 3159 τὴν

107 3173 246 3237 α’πιὲνται
270 3180 299 3242 ές
320 3173 375 3241 τὰς
396 3174 544 3258 γυναῖκας,
564 3167 609 3238 οῦ,
621 3167 741 3243 κατάπερ
755 3172 808 3227 τῶν
828 3168 928 3231 ἄλλων

93 3258 279 3340 ,ι’νθρώπων,
301 3267 374 3330 ἐστὶ
395 3262 502 3343 λευκὴ,
524 3258 607 3321 ἀλλὰ
632 3258 752 3332 μέλαινα
774 3253 896 3326 κατάπεη
911 3255 945 3312 ἰλ
