2040 3464
112 109 222 174 ιι-ιο]
443 111 605 158 αουιινιιιι.
868 111 914 158 ιιο

118 226 120 231 -
170 193 247 246 Οσοι
259 188 311 263 μὲν
323 186 358 262 δὴ
373 187 442 250 Διός
457 188 600 264 Θηβαιέος
619 187 740 264 ἵδρυνται
756 183 825 264 ἱρόν,
838 185 857 263 ἢ
870 213 913 247 νο-
923 190 960 248 42

112 277 168 352 μοῦ
188 277 239 334 τοῦ
259 277 388 352 Θηβαίου
409 276 473 345 εἰσὶ,
492 272 569 335 οὗτοι
588 276 641 352 μέν
661 301 710 334 νυν
729 275 830 337 πάντες
850 273 915 335 ἀΐων

112 361 283 441 ἀπεχόμενοι
302 362 384 444 αἶγας
404 362 513 422 θύουσι.
554 363 647 442 (θεούς
666 362 721 442 γὰρ
742 361 776 438 δη
798 361 830 421 ού
849 362 915 427 τούς

113 449 213 514 αύτούς
236 448 356 513 ἅπαντες
376 450 477 527 ὁμοίως
498 450 647 530 Αἰγύπτιοι
670 451 815 525 σέβονται,
836 450 914 526 πλὴν

111 536 200 600 Ἰσιός
210 562 243 598 τε
253 538 299 599 καὶ
308 533 443 614 Ὀσίριος,
451 537 500 597 τάν
511 538 545 613 δή
557 538 696 597 Διόνυσον
706 537 776 597 εἶναι
786 539 914 618 λέγουσι·

113 623 228 689 τούτους
241 626 271 685 δὲ
287 625 388 702 ὁμοίως
403 624 522 688 ἅπαντες
541 627 577 685 σε’
601 627 700 705 ονται.)
734 625 800 685 ὅσοι
818 627 848 684 δὲ
865 629 915 686 τοῦ

83 739 85 742 ’
114 714 257 790 Μένδητος
270 714 395 789 ἔκτηνται
407 714 474 790 ἱρόν,
485 713 503 790 ἢ
515 719 601 790 νομοῦ
611 718 661 773 τοῦ
676 713 837 789 Μενδησίου
848 716 912 784 εἰσί,

114 799 192 860 οὗτοι
205 802 235 861 δὲ
248 805 334 881 αἰγῶν
347 800 516 879 ἀπεχόμενοι
530 801 570 864 ὄϊς
585 800 693 861 θύουσι.
725 803 849 877 Θηβαῖοι
861 803 913 877 μέν

114 914 171 961 νυν,
185 891 232 948 καὶ
249 889 314 950 ὅσοι
331 889 377 948 διαὶ
395 888 508 952 τούτους
527 889 591 949 ἀίων
609 890 769 968 ἀπέχονται,
787 890 833 949 διά
848 890 914 949 τόδε

115 979 233 1056 λέγουσι
253 977 303 1037 τάν
320 976 406 1053 νόμον
426 977 505 1036 τόνδε
526 984 582 1054 σφι
602 979 724 1052 τεθῆναι·
746 989 763 1013 “
771 978 915 1054 Ἡρακλέα

116 1066 237 1140 θελῆσαι
250 1064 358 1127 πόντως
372 1065 480 1124 ἰδέσθαι
492 1066 541 1125 τόν
552 1066 615 1134 Δία,
628 1067 673 1147 καὶ
683 1065 733 1125 τόν
744 1065 794 1124 ούκ
809 1066 915 1125 ἐθέλειν

116 1152 240 1228 ὀφθῆναι
255 1153 300 1212 ἀπ’
315 1152 409 1212 αὐτοῦ·
429 1154 511 1216 τέλος
529 1154 567 1223 δὲ,
585 1154 646 1212 ἐπεί
662 1178 693 1212 τε
708 1154 850 1229 λιπαρέειν
865 1153 915 1213 τόν

112 1239 267 1318 Ἡρακλέα,
282 1241 331 1301 τάν
345 1242 402 1299 Δία
415 1241 638 1319 μηχανήσασθαι
655 1241 733 1317 κριόν
747 1241 913 1316 ἐκδείραντα,

115 1330 291 1407 προέχεσθαί
305 1354 337 1387 τε
353 1329 405 1403 τήν
424 1329 553 1403 κεφαλήν
571 1327 754 1403 ἀποταμόντα
771 1332 820 1386 τοῦ
838 1333 915 1404 κριοῦ

116 1418 163 1476 καὶ
177 1418 289 1477 ἐνδύντα
301 1418 335 1476 τὸ
349 1416 431 1478 νάκος
441 1416 511 1475 οὕτω
526 1417 553 1475 οἰ
566 1416 665 1476 ἑωυτόν
676 1415 824 1486 ἐπιδέξαι.”
858 1415 915 1475 ἀπδ

115 1504 215 1564 τούτου
242 1504 455 1582 κριοπρόσωπον
477 1509 528 1563 τοῦ
552 1504 621 1566 Διός
644 1503 781 1584 τῶγαλμα
805 1508 917 1564 ποιεῦσι

116 1592 273 1673 Αἰγύπτιοι·
294 1592 350 1651 ἀπό
370 1593 399 1651 δὲ
416 1593 573 1672 Αἰγυπτίων
589 1590 750 1668 Ἀμμώνιοι,
765 1592 854 1654 ἐόντες
867 1597 914 1650 Αἰ-

115 1682 238 1759 γυπτίων
250 1707 281 1740 τε
295 1680 341 1738 καὶ
354 1680 496 1739 Αἰθιόπων
509 1679 628 1749 ἀποικοι,
644 1681 689 1738 καὶ
704 1680 799 1755 φωνὴν
811 1680 915 1755 μεταξύ

116 1767 283 1846 ἀμφοτέρων
297 1769 460 1843 νομίζοντες
478 1768 581 1828 δοκέειν
590 1767 612 1826 δ’
624 1769 694 1843 ἐμοὶ,
706 1769 751 1826 καὶ
764 1768 797 1826 τό
811 1768 915 1845 οὕνομα

117 1854 268 1933 Ἀμμώνιοι
285 1855 341 1915 ἀπὸ
357 1856 439 1915 τοῦδέ
457 1862 513 1931 σφι
528 1856 580 1932 τήν
595 1857 748 1931 ἐπωνυμίην
767 1855 915 1931 ἐποιήσαν-

117 1970 159 2005 το·
179 1943 284 2020 Ἀμοῦν
300 1943 355 2024 γάρ
370 1942 518 2024 Αἰγύπτιοι
538 1944 672 2002 καλέουσι
686 1943 736 2003 τόν
753 1945 817 2002 Δία.
852 1944 916 2007 τούς

116 2033 148 2092 δὲ
168 2033 260 2109 κριούς
283 2031 314 2090 ού
340 2031 439 2091 θύουσι
462 2033 594 2107 Θηβαῖοι,
617 2031 681 2089 ἀλλ’
702 2033 761 2090 εἰσί
780 2039 837 2108 σφι
861 2033 912 2110 ἶροί

117 2120 163 2180 διά
182 2125 273 2180 τοῦτο’
295 2124 346 2197 μιῇ
363 2120 392 2178 δὲ
409 2118 500 2198 ἡμέρῃ
516 2122 567 2178 τοῦ
584 2122 716 2188 ἐνιαυτοῦ,
732 2124 760 2179 ἐν
779 2119 847 2197 ὁρτῇ
865 2123 916 2178 τοῦ

117 2207 194 2278 Διός,
223 2208 300 2283 κριόν
333 2208 379 2266 ἕνα
409 2206 614 2284 κατακόψαντες
646 2208 691 2265 καὶ
723 2207 917 2284 ἀποδείραντες

117 2295 189 2355 κατά
206 2295 293 2355 τώυτό
307 2294 433 2354 ἐνδύουσι
445 2293 582 2374 τῶγαλμα
596 2299 646 2353 τοῦ
666 2294 741 2364 Διός,
758 2296 803 2352 καί
822 2296 916 2354 ἔπειτα

117 2384 192 2443 ἀλλο
215 2383 331 2463 ἄγαλμα
354 2383 509 2458 Ἡρακλέος
534 2381 715 2462 προσάγουσι
741 2382 810 2458 πρός
836 2381 914 2442 αύτό·

761 2469 898 2492 xxc*

116 2477 205 2532 ταῦτα
231 2472 261 2530 δὲ
286 2469 461 2546 ποιήσαντες,
484 2469 634 2530 τύπτονται
658 2473 684 2528 οἱ
707 2495 771 2546 περι
797 2496 830 2528 το
856 2495 915 2546 ιρον

116 2559 236 2624 ἅπαντες
249 2558 298 2619 τόν
312 2559 397 2635 κριόν,
412 2559 458 2616 καὶ
474 2559 568 2617 ἔπειτα
585 2563 613 2617 ἐν
630 2560 675 2636 ἱρῇ
690 2557 761 2636 θήκῃ
776 2557 916 2616 θάπτουσι

124 2649 211 2710 ιύτόν.

157 2738 312 2815 Ἡρακλέος
330 2737 360 2795 δὲ
379 2735 444 2813 πέρι
463 2734 542 2795 τόνδε
561 2734 611 2794 τόν
631 2733 718 2813 λόγον
738 2731 855 2808 ἤκουσα,
871 2731 962 2793 ὅτι43

117 2827 160 2901 εἴη
172 2830 227 2885 τῶν
241 2825 360 2884 δυώδεκα
375 2825 453 2882 θεῶν·
468 2827 518 2882 τοῦ
533 2823 626 2898 ἐτέρου
640 2821 668 2879 δὲ
682 2822 746 2899 πέρι
759 2821 915 2896 Ἡρακλέος

115 2914 167 2975 τόν
184 2913 324 2988 Ἕλληνες
345 2912 446 2980 οἴδασι,
469 2909 576 2988 οὐδαμῇ
598 2909 740 2990 Αἰγύπτου
762 2907 916 2983 ἐδυνάσθην

115 3001 246 3062 ἀκοῦσαι·
265 3001 312 3059 καὶ
329 2999 389 3078 μήν
405 2998 449 3060 ὅτι
468 3025 502 3083 γε
520 2999 553 3061 οὗ
569 2998 633 3080 παρ’
649 2997 803 3075 Ἑλλήνων
818 2996 934 3067 ’έλκαῇον

104 3089 142 3146 τό
152 3086 258 3165 ούνομα
274 3093 329 3149 τοῦ
341 3089 507 3169 Ἡρακλέος
523 3090 697 3177 Αἰγύπτιοι,
709 3083 968 3181 ἀλλίιἚῺκῆῩῑῖ

87 3177 211 3246 μᾶλλον
222 3177 485 3262 παρἈίγυπτίων,
499 3184 553 3246 καὶ
560 3181 730 3262 Ἑλλήνων
745 3174 837 3238 οἷιτοι
852 3169 885 3226 ἀι
895 3164 1007 3292 δὴδί,

1001 3263 1010 3281 ε

76 3283 123 3316 '²⁰‘
136 3265 181 3384 {53
195 3261 431 3344 ’Λμφῑῗρύιυνος
442 3275 532 3360 ’γόνῳ
541 3260 948 3356 τοίἰνομοι’λλρακδκέας“ΠΟ
