2040 3464
102 109 243 173 135-137]
438 112 571 158 ΘΑΔΕΙΑ.
853 114 901 162 267

101 189 201 248 κεσθαι
223 191 288 264 ἔφη.
330 188 522 264 ἐντειλάμενος
542 189 572 248 δὲ
593 189 640 247 καὶ
662 187 752 267 τούτῳ
774 193 864 248 ταῦτα
885 189 902 248 ὁ

100 279 219 349 Δαρεῖος
231 275 405 335 αποστέλλει
418 275 517 338 αὐτοῦς
532 276 577 334 ἐπὶ
591 275 752 335 θάλασσαν.

142 355 326 432 Καταβιίντες
340 356 369 415 δὲ
383 354 461 415 οὗτοι
475 361 503 419 ἐς
516 358 646 431 Φοινίκην
660 357 705 414 καὶ
713 356 841 432 Φοινίκης
855 358 946 420 ἐς13θ

99 443 208 506 Σιδῶνα
221 442 314 512 πόλιν,
329 443 427 503 αὐτίκα
445 445 496 518 μὲν
508 443 637 520 τριήρεας
655 443 705 502 δύο
724 443 907 520 ἐπλήρωσαν,-

97 529 157 606 ιῖμα
173 531 203 590 δὲ
223 530 328 609 αὐτῇσι
345 532 390 588 καὶ
406 530 514 610 γαυλὸν
527 533 616 611 μέγαν
628 532 766 590 παντοίων
779 530 900 610 α’γαθῶν.

97 619 356 695 παρεσκευασμένοι
376 618 406 677 δὲ
424 617 518 678 πάντα
534 619 635 678 ἔπλεον
649 623 676 681 ἐς
692 617 745 693 τήν
763 617 898 677 Ἑλλάδα·

96 708 302 785 προσίσχοντες
322 706 360 775 δὲ,
376 705 460 780 αὐτῆς
477 705 513 764 τοὶ
529 705 753 783 παραθαλάσσια
767 707 896 782 ἐθηεῦντο

96 793 144 852 καὶ
160 793 367 874 ἀπεγράφοντο·
389 798 416 856 ἐς
430 792 446 851 ὃ
460 792 495 851 τοὶ
508 793 605 852 πολλοὶ
623 792 708 868 αὐτῆς
721 794 767 852 καὶ
781 793 897 870 οὕνομα-

95 880 222 941 στότατα
242 881 411 958 θεησόμενοι
432 879 564 940 ἀπίκοντο
584 885 635 956 τής
655 879 777 956 Ἰταλίης
795 886 823 944 ἐς
842 882 896 940 Τό-

94 993 192 1043 ραντα.
227 970 345 1028 ἐνθαῦτα
366 969 396 1028 δὲ
418 974 448 1026 ἐκ
470 967 613 1046 ῥηστώνης
634 972 685 1043 τῆς
709 968 896 1044 Δημοκήδεος,

95 1055 328 1133 Ἀριστοφιλίδης
347 1061 403 1116 τῶν
422 1059 596 1134 Ταραντίνων
616 1056 632 1115 ό
653 1056 794 1132 βασιλεῦς
813 1061 897 1116 τοῦτο

94 1147 147 1218 μὲν
159 1145 195 1203 τὰ
208 1144 333 1220 πηδάλια
345 1146 490 1221 παρέλυσε
504 1149 558 1204 τοῗν
572 1144 718 1220 Μηδικέων
732 1149 806 1214 νεῶν,
815 1148 897 1204 τοῦτο

94 1231 125 1289 δὲ
144 1231 244 1296 αὐτοῦς
260 1232 323 1294 τούς
339 1234 455 1308 Πέρσας
473 1233 533 1307 έρξε
553 1232 588 1294 ὦς
605 1231 798 1294 κατασκόπους
811 1231 893 1306 δῆθεν

95 1319 198 1383 ἐόντας·
217 1318 284 1399 ε’νῷ
303 1321 332 1378 δὲ
349 1318 426 1379 οὗτοι
441 1325 529 1379 ταῦτα
546 1321 680 1397 ἔπασχον,
695 1319 710 1378 ὁ
728 1319 896 1395 Δημοκήδης

94 1413 121 1469 ἐς
134 1408 185 1483 τήν
199 1407 335 1485 Κρότωνα
349 1408 516 1468 ἀπικνέεται·
531 1407 686 1487 ἀπιγμένου
695 1406 723 1464 δὲ
734 1406 786 1481 ήδη
796 1406 895 1466 τούτου

93 1501 120 1558 ἐς
133 1496 185 1570 τήν
199 1500 308 1564 ἑωυτοῦ,
322 1495 338 1555 ὁ
351 1495 584 1572 Ἀριστοφιλίδης
597 1496 680 1552 ἔλυσε
694 1493 757 1556 τούς
771 1494 893 1570 Πέρσας,

92 1584 139 1642 καὶ
152 1583 187 1642 τιί
200 1585 349 1660 παρέλαβε
362 1589 416 1642 τῶν
427 1588 493 1643 νεῶν
501 1583 625 1642 ἀπέδωκέ
637 1588 702 1656 σφι.
733 1581 873 1644 Πλέοντες
884 1584 937 1642 13Ῐ

92 1672 122 1730 δὲ
136 1673 259 1731 ε’νθεῦτεν
273 1676 299 1731 οἱ
313 1673 424 1749 Πέρσαι
439 1673 484 1729 καὶ
498 1670 641 1732 διώκοντες
651 1669 818 1744 Δημοκήδεα
832 1666 892 1728 α’πι-

40 1761 47 1769 “
92 1761 217 1819 κνέονται
239 1766 267 1823 ἐς
289 1761 341 1835 τήν
363 1759 506 1837 Κρότωνα,
530 1757 653 1835 εὑρόντες
674 1758 705 1816 δέ
724 1783 772 1834 μιν
793 1756 893 1837 οἷγοροί·

91 1848 182 1917 ζοντα,
201 1847 323 1908 ἅπτοντο
340 1847 436 1906 αὐτοῦ·
457 1847 558 1906 τῶνδὲ
576 1846 788 1922 Κροτωνιητέων
802 1846 893 1921 οἱμὲν

88 1937 324 2012 ’καταρρωδέοντες
336 1935 372 1994 τοὶ
386 1935 516 2012 Περσικοὶ
529 1933 681 2014 πρήγματα
689 1934 813 2011 προϊέναι
824 1937 892 1993 έτοῖ·

90 2049 139 2097 μοι
153 2024 236 2098 ἦσαν,
251 2028 278 2083 οἱ
296 2025 326 2082 δὲ
343 2022 517 2083 ἅντιίπτοντό
530 2049 561 2082 τε
575 2025 621 2081 καὶ
634 2026 710 2082 τοῖσι
724 2022 892 2081 σκυτάλοισι

90 2113 186 2170 ἔπαιον
199 2110 264 2174 τούς
277 2113 401 2189 Πέρσας,
414 2111 637 2188 προϊσχομένους
651 2112 718 2169 ἐτεα
731 2110 805 2169 τόδε·
820 2119 837 2144 “
847 2108 890 2167 ἅν-

90 2199 151 2273 δρες
166 2205 364 2274 Κροτωνιῆται,
379 2199 462 2275 ὁρᾶτε
475 2199 510 2258 τοὶ
523 2198 640 2258 ποιέετε·
657 2197 743 2275 ἄνδρα
752 2197 891 2271 βασιλέος

90 2287 228 2362 δρηπέτην
240 2287 389 2367 γενόμενον
403 2288 569 2363 ἐξαιρέεσθε·
585 2287 631 2344 καὶ
645 2290 697 2348 κῶς
710 2289 797 2345 ταῦτα
804 2286 890 2359 βασι·

88 2376 135 2433 λέῐ
155 2377 262 2453 Δαρείῳ
279 2376 411 2453 ἐκχρήσει
430 2375 648 2451 περιϋβρίσθαι;
671 2377 723 2434 κοῖς
736 2373 766 2430 δὲ
779 2372 843 2446 όμῖν
856 2371 891 2430 τὰ

88 2464 239 2537 ποιεύμενα
254 2464 307 2532 ἕξει
322 2468 421 2533 καλῶς,
435 2461 469 2537 ἢν
483 2461 630 2536 ἅπέλησθε
643 2460 747 2536 ήμέας;
770 2460 814 2516 ἐπὶ
827 2458 889 2517 τίνα

89 2551 119 2610 δὲ
138 2552 227 2624 τῆσδε
247 2551 384 2626 προτέρην
405 2548 636 2626 στρατευσόμεθα
657 2547 759 2615 πόλιν;
780 2546 843 2605 τίνα
860 2545 889 2604 δὲ

90 2641 227 2714 προτέρην
239 2637 490 2714 ἀνδραποδίζεσθαι
504 2634 697 2712 πειρησόμεθα
707 2633 731 2702 ;‘’
746 2637 833 2692 ταῦτα
843 2633 888 2691 λέ-

87 2753 184 2806 γοντες
197 2727 261 2789 τοίς
275 2725 470 2801 Κροτωνιήτας
485 2724 533 2783 οὐκ
548 2723 585 2782 ὧν
599 2723 717 2781 ἔπειθον·
738 2719 803 2779 ἀλλ’
818 2720 887 2788 ἐξαι-

86 2814 212 2888 ρεθέντες
232 2840 263 2872 τε
280 2815 329 2873 τόν
344 2813 512 2889 Δημοκήδεα
527 2812 572 2869 καὶ
586 2810 634 2869 τὸν
646 2807 754 2890 γαυλὸν
767 2806 816 2866 τόν
829 2806 886 2883 ἅμα

87 2902 191 2980 ήγοντο
209 2901 402 2976 ἀπαιρεθέντες
416 2900 558 2958 ἀπέπλεον
571 2897 662 2957 ὀπίσω
677 2902 703 2958 ἐς
716 2896 767 2971 τήν
779 2894 887 2969 Ἀσίην,

87 2990 144 3048 οὐδ’
165 2991 204 3047 ἔτι
225 2990 363 3064 ἐζήτησαν
380 2988 413 3047 τό
432 2987 599 3065 προσωτέρω
612 2990 662 3060 τῆς
674 2982 813 3045 Ἑλλάδος
826 2981 887 3040 α’πι·

87 3078 201 3153 κόμενοι
220 3079 358 3153 ἐκμαθεῖν,
373 3076 553 3152 ἐστερημένοι
568 3077 618 3132 τοῦ
635 3071 780 3152 ἡγεμόνος.
821 3095 887 3128 vocr-

87 3166 150 3225 όνδε
175 3165 271 3241 μέντοι
299 3162 454 3224 ἐνετείλατό
477 3168 535 3240 σφι
560 3159 731 3238 Δημοκήδης
757 3157 896 3235 ἐιναηοηὲ·

79 3277 162 3320 νοισι,
185 3251 308 3314 κελεύων
329 3257 419 3316 εἰπεῖν
440 3253 540 3334 σφέας
564 3250 679 3331 Δαρείω
701 3247 752 3308 ’δτι
774 3243 934 3317 ἷιςυῶῦω
