2040 3464
135 97 167 149 τι
441 96 624 143 ·ιιι>οΔοιου
897 97 933 161 [ι.

135 174 240 252 μηδένα
261 171 396 248 φονεύειν,
410 173 481 250 μήτε
496 178 552 233 τῶν
569 173 665 232 ἄλλων
681 174 815 250 Περσέων
831 174 937 250 μηδένα

135 267 190 321 τῶν
204 262 304 319 ἑωυτοῦ
323 262 447 319 οἰκετέων
461 262 507 320 ἐπὶ
521 265 573 339 μιῇ
591 262 664 338 αἰτίῃ
681 260 835 336 ἀνήκεστον
847 261 938 324 πάθος

136 349 233 425 ἔρδειν·
261 347 338 406 άλλιί
357 348 544 426 λογισάμενος
563 346 598 425 ἢν
617 348 731 427 εὑρίσκῃ
749 349 827 407 πλέω
842 374 874 408 τε
891 351 937 408 καὶ

135 439 208 514 μέζω
226 436 262 495 τὰ
281 434 437 513 ἀδικήματα
457 436 538 496 ἐόντα
555 441 609 496 τῶν
622 436 852 517 ὑπουργημάτων,
866 436 937 496 οὕτω

135 530 174 602 τῷ
192 525 268 602 θυμῷ
283 528 394 602 χρᾶται.
429 523 589 584 ἀποκτεῖναι
607 525 637 584 δὲ
657 523 754 583 οὐδένα
768 551 805 583 κω
818 525 937 604 λέγουσι

135 612 184 672 τόν
206 615 305 670 ἑωυτοῦ
325 612 433 689 πατέρα
453 611 516 671 οὐδὲ
538 614 654 690 μητέρα·
681 611 758 670 ἀλλὰ
776 611 867 671 ὁκόσα
882 610 937 688 ἤδη

135 704 250 760 τοιαῦτα
269 699 385 779 ἐγένετο,
399 702 495 759 πᾶσαν
509 698 632 781 αἰνάγκην
645 701 719 775 φασὶ
733 698 937 777 ἀναζητεόμενα

135 793 222 847 ταῦτα
243 785 421 865 ἀνευρεθῆναι
440 786 504 862 ἤτοι
524 787 721 864 ὑποβολιμαῖα
742 786 822 847 ἐόντα
841 786 859 863 ἢ
875 813 937 862 μοι·

135 877 220 954 χίδια·
243 875 275 934 ου’
293 875 348 954 γοίρ
369 874 403 950 δή
422 876 497 951 φασὶ
514 875 588 938 οἰκὸς
609 875 677 934 εἰναι
695 875 793 955 τόνγε
811 875 937 951 ἀληθέως

91 965 147 1024 138
155 964 238 1023 τοκέα
249 962 304 1021 ὑπὸ
317 967 367 1021 τοῦ
381 967 481 1023 ἑωυτοῦ
499 964 597 1027 παιδός
611 962 807 1038 ἀποθνήσκειν.
836 962 937 1023 Ἀσσα

136 1050 168 1109 δέ
183 1059 239 1128 σφι
255 1051 359 1109 ποιέειν
374 1050 423 1110 οὐκ
437 1052 536 1121 ἔξεστι,
550 1056 639 1111 ταῦτα
652 1051 714 1110 οὐδὲ
727 1052 820 1132 λέγειν
835 1052 935 1121 ἔξεστι.

136 1139 287 1217 αἴσχιστον
301 1138 330 1197 δὲ
347 1138 457 1198 αὐτοῖσι
469 1140 502 1199 τό
517 1139 669 1217 ψεύδεσθαι
686 1138 856 1215 νενόμισται·
878 1140 936 1200 δεύ-

134 1253 201 1304 τερα
217 1227 246 1285 δὲ
265 1225 298 1285 τό
319 1225 445 1302 ὀφείλειν
466 1228 556 1304 χρέος,
574 1231 690 1285 πολλῶν
702 1229 754 1302 μὲν
774 1228 820 1284 καί
839 1226 935 1288 ἄλλων

135 1315 233 1383 εἵνεκα,
246 1313 375 1391 μάλιστα
395 1315 424 1373 δὲ
445 1315 596 1395 ἀναγκαίην
618 1315 692 1389 φασὶ
708 1314 777 1373 εἶναι
792 1314 841 1374 τὸν
859 1315 937 1391 ὀφεί-

134 1406 222 1462 λοντα
242 1404 291 1460 καί
308 1428 335 1461 τι
356 1404 455 1480 ψεῦδος
476 1404 577 1484 λέγειν.
619 1402 650 1464 ὃς
669 1400 703 1462 ἂν
723 1402 753 1460 δὲ
772 1407 827 1462 τῶν
843 1402 937 1462 ἀστῶν

134 1491 241 1568 λέπρην
259 1489 277 1566 ἢ
293 1490 395 1567 λεύκην
409 1493 466 1570 ἔχῃ,
481 1497 508 1555 ἐς
520 1492 605 1552 πόλιν
623 1489 702 1554 οὗτος
715 1492 748 1550 ου’
763 1492 934 1571 κατέρχεται,

135 1577 198 1638 οὐδὲ
218 1579 409 1659 συμμίσγεται
427 1584 503 1639 τοῖσι
516 1577 633 1639 άλλοισι
647 1580 789 1656 Πέρσῃσι·
812 1582 887 1654 φασὶ
906 1580 937 1639 δέ

134 1691 183 1742 μιν
197 1671 224 1729 ἐς
236 1665 285 1725 τόν
299 1665 380 1741 ἥλιον
391 1666 550 1744 ἁμαρτόντα
562 1694 590 1726 τι
602 1671 690 1728 ταῦτα
705 1669 787 1745 ἔχειν·
808 1668 898 1736 ξεῖνον
907 1669 937 1728 δὲ

134 1753 225 1812 πάντα
247 1752 297 1812 τόν
320 1755 538 1837 λαμβανόμενον
559 1755 614 1814 ὑπό
637 1754 741 1814 τούτων
762 1756 868 1814 πολλοὶ
890 1758 936 1815 καί

135 1839 284 1900 ἐλαύνουσι
302 1846 332 1899 ἐκ
348 1845 399 1916 τῆς
411 1842 510 1921 χώρης,
524 1843 633 1905 καὶτὰς
646 1843 746 1905 λευκάς
759 1843 934 1921 περιστεράς,

134 1927 186 2003 τήν
205 1927 291 2002 αὐτήν
309 1930 399 2005 αἰτίην
417 1933 603 2008 ἐπιφέροντες.
637 1935 665 1992 ἐς
685 1930 811 2008 ποταμόν
828 1931 858 1989 δὲ
874 1931 937 2002 οὔτε

135 2017 293 2093 ἐνουρέουσι
309 2015 371 2076 οὔτε
388 2018 550 2095 ἐμπτύουσι,
565 2018 596 2078 οὐ
609 2023 705 2098 χεῖρας
722 2019 935 2090 ἐναπονίζονται,

135 2102 197 2163 αἰδὲ
211 2103 302 2163 α”λλον
315 2104 412 2165 οὐδένα
424 2108 597 2184 περιορέωσι,
612 2106 689 2165 άλλά
703 2107 838 2182 σέβονται
851 2133 937 2166 ποτα·

90 2193 144 2251 139
155 2191 225 2269 μους
248 2192 385 2269 μάλιστα.
426 2196 485 2253 Καὶ
504 2195 568 2254 τόδε
588 2194 662 2253 ἄλλο
683 2201 740 2269 σφι
760 2191 812 2252 ὧδε
830 2197 936 2271 συμπέ-

135 2306 226 2339 πτωκε
238 2282 376 2360 γίνεσθαι,
389 2281 423 2342 τό
437 2284 552 2360 Πέρσας
564 2285 616 2359 μὲν
625 2281 723 2345 αὐτοῦς
737 2282 937 2358 λέληθεήμέας

134 2369 230 2445 μέντοι
249 2368 291 2427 οὔ·
312 2369 348 2428 τά
368 2369 508 2447 οὐνόματά
521 2378 586 2448 σφι,
602 2369 682 2430 ἐόντα
695 2369 780 2446 ὁμοῖα
792 2374 869 2429 τοῖσι
882 2372 937 2430 σαί·

134 2481 207 2532 μασι
229 2458 275 2515 καὶ
296 2461 332 2535 τῇ
356 2460 592 2538 μεγαλοπρεπείῃ,
614 2461 767 2517 τελευτῶσι
793 2457 885 2517 πάντα
909 2464 937 2523 ἐς

134 2543 222 2603 τώυτό
243 2544 368 2625 γράμμα,
381 2546 414 2605 τό
428 2548 547 2623 Δωριέες
563 2549 615 2623 μὲν
629 2544 688 2610 Σοὶν
701 2545 836 2604 καλέουσι
843 2545 937 2610 Ἴωνες

134 2630 164 2689 δὲ
184 2633 287 2712 Σίγμα·
313 2638 340 2695 ἐς
357 2638 440 2693 τοῦτο
461 2634 605 2711 διζήμενος
623 2632 749 2710 εὖρήσεις
764 2638 937 2694 τελευτῶντα

134 2723 189 2778 τῶν
204 2719 338 2796 Περσέων
350 2720 387 2781 ταὶ
400 2720 549 2798 οὐνόματα,
558 2720 591 2781 οὐ
603 2720 639 2782 τοί
652 2724 704 2798 μὲν
716 2721 752 2780 τοὶ
765 2721 795 2781 δὲ
809 2720 849 2792 οὒ,
859 2720 937 2782 ἀλλὰ

136 2806 227 2867 πάντα
240 2808 350 2884 ὁμοίως.

90 2895 145 2953 140
193 2898 288 2954 Ταῦτα
300 2899 352 2973 μὲν
365 2896 498 2974 οἰτρεκέως
510 2898 564 2976 ἐχω
576 2897 641 2976 περὶ
653 2896 743 2957 αἰτῶν
754 2896 830 2960 εἰδῶς
840 2900 935 2957 εἰπεῖν·

133 2981 199 3043 τάδε
207 2983 304 3060 μέντοι
317 2983 353 3047 αἷς
366 2984 541 3061 κρυπτόμενα
551 2986 672 3065 λέγεται,
682 2986 728 3044 καὶ
737 2984 769 3044 οὐ
778 2986 935 3061 σαφηνέως·

135 3072 198 3146 περὶ
215 3076 265 3130 τοῦ
281 3070 479 3142 α’ποθανόντος,
493 3071 529 3135 ὦς
548 3071 580 3132 οιί
593 3072 730 3150 πρότερον
743 3071 878 3134 θάπτεται
890 3071 937 3132 α’ν·

122 3155 194 3226 φοάς
211 3159 336 3233 Περσεω
352 3158 372 3218 0‘
388 3160 475 3232 νέκυς,
496 3160 563 3240 πρὶν
583 3158 616 3222 ἂν
634 3160 679 3220 ὑπ’
698 3159 807 3239 ὄρνιθος
821 3158 841 3237 ἢ
857 3159 937 3223 κυνός

19 3288 26 3299 .
101 3238 299 3311 &nomae
321 3246 446 3332 ήνάγους
460 3253 518 3332 μὲν
530 3249 591 3334 γὰρ
612 3250 752 3332 ἀτρεκέως
764 3248 829 3311 οἰδα
838 3247 946 3308 ποιέοι·
