2040 3464
122 118 165 164 ιιι
332 116 689 165 Ἢνοιοτουσιυιςςιῑκ.
861 113 911 178 [11.

118 194 160 253 “03
174 194 262 278 γάιαι,
277 196 347 255 κατά
361 222 397 271 με
413 194 583 271 ἐφάρμαξας,
597 195 643 252 καὶ
663 195 724 254 ἔστι
738 219 784 254 τοι
799 192 913 272 οὖδεμία

118 283 229 361 μηχανή
255 283 297 358 μή
327 281 377 340 οὐκ
410 282 586 341 ἀπολωλέναι
619 280 739 340 κάκιστα
764 282 913 361 γυναικέων

117 369 255 428 πασέων·”
274 369 292 444 ή
312 370 340 427 δὲ
357 369 474 444 Λαδίκη,
493 369 556 427 ἐπεί
570 369 603 428 τέ
620 372 646 427 οἱ
664 368 814 446 ἀρνευμένῃ
833 369 914 428 οὐδὲν

117 458 222 537 ἐγίνετο
238 457 390 534 πρηΰτερος
407 456 567 533 όἋμασις,
583 455 693 535 εὔχεται
711 462 740 516 ἐν
757 460 795 535 τῷ
811 456 864 535 νόῳ
877 483 913 536 τη

117 544 280 624 Ἀφροδίτῃ,
303 545 338 620 ἦν
360 549 386 604 οἱ
407 543 453 603 ἀπ’
475 545 579 619 ἐκείνην
600 544 653 619 τήν
676 543 761 603 νύκτα
783 546 873 623 μιχθῇ
895 544 912 604 ό

112 631 246 709 Ἀμασις,
266 637 349 693 τοῦτο
368 632 424 714 γάρ
443 635 469 690 οἱ
488 635 573 690 κακοῦ
595 631 663 690 εἶναι
678 636 778 710 μῆχος,
797 629 913 712 ἄγαλμά

119 724 146 779 οἱ
172 720 348 798 ἀποπέμψειν
375 725 402 782 ἐς
428 717 567 796 Κυρήνην·
596 718 667 794 μετά
694 718 724 777 δὲ
749 718 802 793 τήν
828 718 914 798 εὐχήν

119 807 217 867 αὐτίκα
237 813 264 867 οἶ
283 809 384 886 ἐμίχθη
400 806 416 866 ό
434 806 567 883 Ἀμασις,
587 807 633 864 καὶ
653 805 687 865 τό
709 807 833 866 ἐνθεῦτεν
850 805 913 883 ήδη,

118 894 199 955 ὁκότε
219 897 297 955 ἔλθοι
316 895 386 971 πρός
406 893 500 970 αὐτήν,
522 893 663 973 ἐμίσγετο·
691 895 736 951 καὶ
757 893 845 970 κάρτα
864 921 913 970 μιν

119 984 231 1062 ἔστερξε
256 983 328 1060 μετά
353 987 446 1042 τοῦτο.
486 982 505 1056 ή
528 982 558 1039 δὲ
583 982 691 1056 Λαδίκη
717 980 840 1041 ἀπέδωκε
862 983 914 1058 τήν

120 1071 204 1148 εὐχήν
218 1075 254 1149 τῇ
275 1072 336 1149 θεῷ·
356 1070 533 1145 ποιησαμένη
552 1068 608 1148 γάρ
629 1067 746 1148 ἀγαλμα
765 1068 914 1148 ἀπέπεμψε

120 1164 147 1222 ἐς
161 1158 301 1236 Κυρήνην,
311 1156 344 1217 τό
359 1160 398 1217 ἔτι
412 1157 457 1215 καὶ
471 1162 498 1219 ἐς
512 1159 560 1233 ἐμὲ
572 1155 607 1230 ἦν
617 1156 694 1226 σόον,
706 1157 756 1226 ἔξω
770 1157 914 1234 ἱδρυμένον

118 1250 169 1306 τοῦ
196 1246 357 1324 Κυρηναίων
384 1245 493 1306 ἄστεος.
533 1244 635 1320 ταύτην
654 1243 707 1318 τήν
724 1244 857 1320 Λαδίκην,
879 1247 914 1310 ὦς

120 1335 290 1412 ἐπεκράτησε
304 1333 466 1410 Καμβύσης
478 1331 622 1412 Αἷγίπτου
636 1333 682 1390 καὶ
699 1332 815 1391 ἐπύθετο
829 1333 913 1410 αὐτῆς

119 1421 138 1498 ἥ
150 1450 192 1485 τις
205 1424 255 1498 εἴη,
269 1422 416 1498 ἀπέπεμψε
429 1420 527 1479 ἀσινέα
541 1424 569 1482 ἐς
581 1419 721 1496 Κυρήνην.

78 1513 131 1571 182
172 1510 303 1586 Ἀνέθηκε
326 1510 356 1568 δέ
377 1510 422 1566 καὶ
443 1506 608 1582 ἀναθήματα
630 1507 645 1566 ὁ
664 1506 789 1582 Ἀμασις
812 1513 839 1572 ἐς
861 1510 915 1586 τήν

119 1599 253 1668 Ἑλλάδα,
267 1602 349 1658 τοῦτο
368 1600 419 1672 μὲν
439 1601 466 1658 ἐς
486 1594 616 1672 Κυρήνην
634 1595 749 1674 ἄγαλμα
762 1597 915 1675 ἐπίχρυσον

119 1685 274 1762 Ἀθηναίης,
301 1686 347 1744 καὶ
374 1683 464 1743 εἰκόνα
487 1687 587 1741 ἑωυτοῦ
613 1687 711 1762 γραφῇ
739 1686 915 1760 εἰκασμένην·

119 1779 202 1833 τοῦτο
222 1775 252 1832 δὲ
272 1777 307 1851 τῇ
330 1778 359 1831 ἐν
378 1771 469 1848 Λίνδῳ
489 1770 622 1848 Ἀθηναίη
643 1770 692 1829 δύο
712 1796 743 1830 τε
763 1771 916 1851 ἀγάλματα

120 1863 222 1931 λίθινα,
244 1863 290 1920 καὶ
308 1859 419 1936 θώρηκα
435 1859 527 1918 λίνεον
542 1858 713 1933 ἀξιοθέητον·
745 1864 828 1920 τοῦτο
846 1861 869 1920 δ’
888 1868 917 1927 ἐς

121 1950 217 2026 Σάμον
234 1954 269 2028 τῇ
288 1948 365 2026 Ἤρη
388 1946 493 2009 εἰκόνας
515 1951 614 2005 ἑωυτοῦ
637 1947 771 2022 διφασίας
794 1949 916 2022 ξυλίνας,

121 2039 150 2098 αἳ
164 2044 192 2097 έν
207 2041 246 2115 τῷ
261 2041 316 2114 νηῷ
332 2041 370 2113 τῷ
388 2035 502 2114 μεγάλῳ
521 2033 633 2111 ἱδρύατο
651 2036 692 2093 ἔτι
709 2036 754 2093 καὶ
768 2035 801 2095 τό
818 2038 917 2115 μέχρις

121 2129 194 2202 ἐμεῦ,
208 2123 308 2184 ὄπισθε
321 2128 376 2182 τῶν
390 2124 500 2198 θυρέων.
527 2127 555 2185 ἐς
566 2123 618 2198 μέν
630 2148 678 2181 νυν
692 2123 787 2200 Σάμον
800 2123 918 2200 ἀνέθηκε

121 2213 191 2273 κατά
215 2213 314 2287 ξεινίην
334 2213 385 2285 τήν
409 2214 508 2270 ἑωυτοῦ
528 2235 560 2269 τε
579 2210 625 2268 καὶ
649 2210 846 2287 Πολυκράτεος
866 2217 918 2272 τοῦ

121 2301 245 2370 Αἰάκεος,
266 2306 293 2362 ἐς
311 2300 340 2358 δὲ
358 2299 459 2358 Λίνδον
479 2298 578 2380 ξεινίης
597 2299 648 2373 μὲν
668 2296 796 2373 οὐδεμιῆς
816 2299 918 2361 εἵνεκεν

121 2390 165 2451 ὅτι
178 2390 208 2448 δὲ
220 2389 252 2448 τό
268 2388 326 2464 ἱρόν
339 2387 371 2447 τό
386 2392 415 2445 ἐν
429 2387 522 2465 Λίνδῳ
534 2387 567 2446 τό
579 2390 630 2460 τῆς
643 2384 792 2461 Ἀθηναίης
804 2388 918 2467 λέγεται

121 2480 171 2542 τὰς
185 2482 235 2537 τοῦ
248 2480 360 2536 Δαναοῦ
376 2475 528 2554 θυγατέρας
541 2473 709 2550 ἱδρύσασθαι
723 2474 918 2554 προσχοόσας,

122 2565 168 2627 ὅτε
184 2565 387 2640 ἀπεδίδρησκον
398 2562 463 2625 τούς
479 2562 622 2643 Αἰγύπτου
638 2561 747 2623 παῖδας.
767 2567 854 2622 ταῦτα
866 2568 919 2641 μὲν

121 2653 237 2729 ἀνέθηκε
250 2651 408 2727 ὁἊμασις,
449 2649 507 2708 εἷλε
520 2651 550 2708 δὲ
566 2647 682 2724 Κύπρον
695 2653 803 2724 πρῶτος
816 2651 920 2730 ἀνθρώ-

121 2767 190 2816 πων,
203 2742 249 2801 καὶ
262 2738 471 2817 κατεστρέψατο
484 2741 512 2801 ἐς
525 2736 615 2818 φόρου
628 2735 789 2821 ἀπαγωγήν.
