2040 3464
357 335 713 410 ἨΡοΔοτου

303 484 562 559 ἰΣΤοΡιοΝ
597 460 763 557 ΤΡιΤιι.

483 660 583 688 -4-

456 787 608 841 ΘΑΛΕΙΑ.

147 880 226 940 'Em
240 884 340 942 τοῦτον
352 880 387 956 δή
400 881 450 942 τδν
461 882 588 959 Ἄμασιν
602 884 764 961 Καμβύσης
780 881 797 942 6
813 880 937 958 Κύρου]

106 968 295 1045 ε’στρατεύετο,
305 968 378 1049 ἄγων
388 970 435 1027 καὶ
445 968 550 1034 ἅλλους
559 974 615 1031 τῶν
625 970 694 1049 ἦρχε
705 973 753 1029 καὶ
760 969 906 1044 Ἑλλήνων

105 1053 199 1120 Ἰωνοίς
217 1082 248 1116 τε
268 1056 315 1115 καί
334 1057 462 1126 Αἰολέας,
484 1056 518 1116 δι’
539 1059 629 1134 αἰτίην
648 1058 768 1134 τοιήνδε·
791 1058 906 1133 πέμψας

55 1185 60 1195 .
106 1143 269 1219 Καμβύσης
289 1149 316 1207 ε’ς
333 1145 476 1224 Αἴγυπτον
494 1144 608 1220 κήρυκα,
625 1145 699 1204 αἴτεε
714 1143 840 1221 ’Ἄμασιν
860 1144 906 1202 θυ-

104 1233 218 1310 γατέρα·
240 1232 312 1292 αἴτεε
332 1231 363 1290 δὲ
382 1236 412 1290 εἰς
431 1233 610 1309 συμβουλίης
628 1231 727 1309 α’νδρδς
742 1231 904 1311 Αἰγυπτίου,

104 1316 136 1381 εἰς
155 1319 336 1396 μεμφόμενος
350 1318 478 1395 Ἀμασιν
499 1319 600 1397 ἔπρηξε
621 1323 718 1389 ταῦτα,
739 1317 784 1378 ὅτι
805 1343 854 1394 μιν
874 1319 906 1388 ἐξ

104 1404 232 1467 ἁπάντων
252 1411 307 1468 τῶν
328 1413 357 1467 ἐν
378 1407 510 1488 Αἰγύπτῳ
533 1411 633 1484 ἰητρῶν
654 1405 827 1469 ἀποσπάσας
847 1404 904 1464 α’πιί

104 1495 234 1573 γυναικός
254 1520 285 1553 τε
307 1495 353 1553 καί
374 1495 483 1564 τέκνων,
507 1495 618 1554 ἔκδοτον
640 1495 757 1569 ἐποίησε
780 1497 807 1556 ἐς
830 1493 903 1570 Πέρ·

104 1607 167 1651 σας,
180 1582 227 1642 ὅτε
243 1587 337 1659 Κῦρος
353 1583 467 1661 πέμψας
483 1582 560 1658 παραὶ
573 1580 702 1658 Ἀμασιν
719 1581 793 1640 αἴτεε
812 1579 905 1658 ἰητρδν

104 1667 262 1746 ὀφθαλμῶν
271 1669 302 1733 ὃς
315 1670 357 1746 εἴη
368 1669 484 1746 ἄριστος
496 1674 551 1730 τῶν
565 1675 594 1729 ἐν
607 1667 749 1750 Αἰγύπτῳ·
765 1672 854 1729 ταῦτα
867 1667 901 1744 δή

105 1749 331 1834 ἐπιμεμφόμενος
354 1756 370 1816 6
394 1757 555 1837 Αἰγύπτιος,
577 1761 658 1837 ἐνῆγε
681 1760 717 1835 τῇ
740 1757 904 1836 συμβουλίῃ

104 1845 223 1905 κελεύων
243 1847 342 1905 αἰτέειν
360 1846 410 1906 τιίν
431 1845 595 1921 Καμβύσεα
610 1844 737 1920 Ἀμασιν
756 1844 903 1924 θυγατέρα·

105 1932 150 1990 ἵνα
168 1931 186 2007 ἢ
203 1933 266 1994 δούς
283 1931 424 2011 ἀνιῷτο,ἢ
440 1933 480 2009 μή
495 1932 558 1996 δούς
577 1932 724 2011 Καμβύσῃ
740 1931 903 2010 α’πέχθοιτο·

104 2019 121 2079 6
142 2019 172 2078 δὲ
188 2018 321 2096 Ἄμασις,
337 2024 373 2099 τῇ
392 2019 504 2096 δυνάμει
523 2025 578 2080 τῶν
596 2020 730 2097 Περσέων
749 2018 904 2097 ἀχθόμενος

105 2107 151 2166 καί
164 2107 313 2184 ἀρρωδέων,
325 2107 374 2166 ούκ
385 2108 444 2187 εἶχε
457 2107 520 2167 οὔτε
533 2107 628 2167 δοῦναι
642 2106 705 2166 οὔτε
715 2106 903 2184 ἀρνήσασθαι·

105 2194 135 2254 εὖ
155 2196 211 2275 γάρ
232 2195 373 2271 ήπίστατο
397 2195 440 2255 ὅτι
464 2195 513 2255 ούκ
539 2194 573 2258 οἷς
593 2193 710 2276 γυναῖκά
733 2221 782 2270 μιν
802 2194 905 2270 ἔμελλε

105 2284 269 2360 Καμβύσης
283 2285 352 2354 ἕξειν
365 2283 429 2342 ἀλλ’
444 2283 479 2346 οἷς
492 2283 652 2358 παλλακήν·
673 2287 760 2343 ταῦτα
777 2282 810 2355 δή
824 2286 903 2341 ε’κλο·

103 2372 256 2452 γιζόμενος,
275 2373 391 2447 ε’ποίησε
409 2370 484 2431 τάδε·
504 2371 539 2446 ἦν
557 2371 676 2447 Ἀπρίεω
697 2374 746 2428 τοῦ
767 2369 904 2445 προτέρου

103 2460 244 2533 βασιλέος
269 2459 391 2540 θυγάτηρ
415 2459 502 2536 κάρτα
527 2457 639 2538 μεγάλη
662 2483 693 2517 τε
719 2457 765 2515 καὶ
791 2454 903 2531 εὐειδής,

103 2547 193 2624 μούνη
206 2552 256 2607 τοῦ
270 2549 346 2606 οἴκου
362 2547 541 2623 λελειμμένη·
563 2544 667 2621 οὔνομα
681 2545 712 2603 δέ
728 2547 754 2602 οἰ
767 2542 802 2618 ἦν
816 2543 902 2618 Νίτη-

102 2660 154 2697 τις·
174 2635 277 2711 ταύτην
294 2635 328 2710 δή
342 2635 394 2710 τήν
411 2634 498 2692 παῖδα
516 2633 532 2692 6
547 2631 673 2708 Ἀμασις
691 2630 840 2706 κοσμήσας
856 2634 901 2689 ε’σ·

103 2723 172 2796 θῆτί
180 2750 212 2782 τε
225 2723 271 2782 καὶ
283 2727 389 2802 χρυσῷ,
403 2721 563 2798 ἀποπέμπει
579 2725 606 2782 ἐς
622 2720 738 2795 Πέρσας
755 2718 790 2781 εἰς
805 2720 904 2777 ἑωυτοῦ

103 2812 251 2892 θυγατέρα·
267 2837 339 2888 μετα
329 2810 382 2869 δε
391 2809 493 2888 χρόνον
503 2835 538 2872 ως
550 2833 598 2884 μιν
606 2806 752 2883 ἠσπάζετο
764 2803 904 2881 πατρόθεν

104 2898 269 2976 ούνομοίζων,
283 2900 361 2980 λέγει
378 2897 449 2975 πρδς
467 2896 550 2956 αύτόν
566 2895 584 2970 ἦ
601 2898 676 2962 παῖς·
698 2893 746 2951 “6
766 2894 901 2969 βασιλεῦ,

103 2986 363 3096 διαβεβλημένος
346 2985 402 3045 mr&
421 2984 559 3061 Ἀμάσιος
579 3010 611 3042 ου
603 2979 817 3060 ’μανθάνεις
801 3006 833 3043 ος
853 2979 903 3054 ε’μέ

103 3100 151 3133 σοι
169 3075 267 3154 κόσμοι
279 3073 409 3150 ασκήσας
427 3070 616 3153 ἀπέπεμψε
599 3098 637 3136 ως
655 3073 761 3130 ἒωυτου
778 3064 932 3144 δυηατέηα

94 3161 213 3225 διδους
197 3188 351 3245 εουσαντῃ
339 3162 515 3244 α’ληθηιη’
519 3163 651 3244 Απρίεω·
667 3159 852 3222 τδνεκεωος
863 3146 959 3202 *dm*
996 3182 1007 3271 ή
