2040 3464
121 113 151 159 ια
429 111 611 159 Ἧνοιοιοι·
882 109 916 174 [ι

40 203 43 208 “
119 189 209 259 ζοντα,
219 193 318 248 τοῦτον
329 188 398 251 ὅκως
407 189 629 267 μεταπέμψαιτο,
640 187 699 249 κατ’
710 188 790 265 ἀξίην
802 189 919 248 ἑκάστου

120 275 288 351 ἀδικήματος
304 276 428 335 ἐδικαίευ·
445 276 493 354 κμί
504 280 531 335 οἱ
545 276 722 336 κατάσκοποί
734 302 764 335 τε
777 276 824 334 καὶ
837 275 920 353 κατή-

120 389 180 422 κοοι
193 363 267 439 ήσαν
281 362 333 422 άνά
346 367 443 423 πᾶσαν
454 364 506 439 τήν
520 364 613 442 χώρην
625 369 676 439 τῆς
688 364 766 442 ἦρχε.

76 453 129 510 101
162 449 283 526 Δηῖόκης
303 451 355 528 μέν
376 477 424 512 νυν
444 451 477 511 τὸ
500 451 626 527 Μηδικόν
648 453 724 514 ἔθνος
748 452 920 529 συνέστρεψε

120 542 231 614 μοῦνον,
253 538 298 596 καὶ
318 538 417 598 τούτου
439 538 515 615 ἦρξε.
558 541 619 598 ἔστι
641 539 671 597 δὲ
694 539 799 614 Μήδων
818 539 920 598 τοσάδε

120 627 210 706 γένεα·
225 627 341 695 Βουσαὶ,
350 627 556 704 Παρητακηνοὶ,
567 625 746 704 Στρούχατες,
756 625 916 703 Ἀριζαντοὶ,

120 713 240 783 Βούδιοι,
255 713 358 793 Μάγοι.
400 716 483 794 γένεα
495 717 547 791 μὲν
564 714 598 789 δή
613 715 717 789 Μήδων
734 715 796 773 ἐστὶ
807 714 921 773 τοσάδε.

50 825 56 832 ·
75 802 132 860 102
143 801 266 877 Δηῖόκεω
283 802 312 860 δὲ
325 806 391 866 παῖς
403 803 509 883 γίνεται
524 802 676 878 Φραόρτης,
690 802 721 864 ὃς
738 802 920 876 τελευτήσαν·

120 915 168 951 τος
176 888 299 964 Δηῖόκεω
309 889 536 964 βασιλεύσαντος
545 891 609 967 τρία
617 891 662 948 καὶ
672 889 842 964 πεντήκοντα
851 891 920 959 ἔτεα,

120 976 290 1053 παρεδέξατο
306 977 358 1051 τήν
376 977 475 1056 ἀρχήν·
495 977 717 1055 παραδεξάμενος
732 977 770 1047 δὲ,
790 976 839 1037 οὐκ
855 976 933 1037 εἶπεν

120 1065 218 1142 χρέετο
238 1064 346 1140 μούνων
368 1064 463 1143 ἄρχειν
483 1070 538 1125 τῶν
559 1066 671 1140 Μήδων·
696 1064 773 1123 α’λλοὶ
789 1091 921 1141 στρατευ-

121 1177 242 1227 σαμενος
256 1154 301 1210 ἐπὶ
314 1152 378 1216 τούς
392 1154 515 1229 Πέρσας,
529 1154 668 1230 πρώτοισί
677 1179 709 1213 τε
722 1153 847 1212 τούτοισι
860 1159 920 1213 ε’πε-

122 1238 226 1315 θήκατο
240 1241 286 1300 καὶ
304 1241 428 1318 πρώτους
445 1241 549 1316 Μήδων
561 1240 699 1317 ὑπηκόους
713 1242 837 1316 ἐποίησε·
850 1241 921 1318 μετά

120 1327 159 1398 δὲ,
182 1329 251 1406 ἔχων
278 1329 326 1387 δύο
349 1333 437 1388 ταῦτα
463 1330 541 1389 έθνεα
568 1330 614 1388 καὶ
640 1329 787 1405 ἀμφότερα
810 1329 921 1408 ἰσχυραὶ,

122 1418 327 1493 κατεστρέφετο
347 1417 399 1492 τήν
417 1416 518 1493 Ἀσίην
538 1416 585 1476 ἀπ’
606 1415 697 1475 άλλου
716 1416 758 1474 ἐπ’
780 1415 854 1476 ἄλλο
875 1417 922 1478 ίιδν

123 1504 209 1567 έθνος·
230 1510 258 1567 ἐς
271 1504 287 1563 ὃ
301 1505 543 1582 στρατευσάμενος
555 1504 602 1564 ε’πὶ
614 1504 679 1565 τούς
690 1504 870 1590 Ἀσσυρίους,
877 1507 922 1564 καὶ

121 1590 279 1668 Ἀσσυρίων
295 1593 409 1655 τούτους
425 1593 452 1653 οἳ
467 1597 555 1652 Νῖνον
572 1593 647 1672 εἶχον
661 1593 706 1650 καὶ
722 1591 811 1670 ἦρχον
824 1593 922 1670 πρότε-

121 1706 171 1756 ρον
184 1681 300 1750 πάντων,
315 1681 378 1740 τότε
392 1683 421 1740 δὲ
434 1681 509 1757 ἦσαν
523 1682 730 1758 μεμουνωμένοι
745 1685 797 1756 μὲν
813 1681 922 1758 συμμά-

122 1793 180 1845 χων
192 1766 240 1826 άτε
250 1767 431 1828 ἀπεστεώτων
440 1768 534 1832 άλλως
543 1770 639 1845 μέντοι
650 1772 753 1827 ἑωυτῶν
764 1768 792 1826 εὖ
802 1768 922 1844 ἥκοντες,

123 1857 169 1912 ἐπὶ
182 1854 295 1919 τούτους
309 1856 341 1931 δή
353 1855 593 1933 στρατευσάμενος
607 1855 624 1915 ὁ
636 1856 787 1933 Φραόρτης,
798 1854 880 1919 αὐτός
892 1883 924 1916 τε

122 1942 259 2018 διεφθάρη
280 1943 364 2021 ἀρξας
384 1944 432 2003 δύο
453 1944 499 2002 καὶ
520 1944 609 2004 ε’ίκοσι
627 1945 688 2002 ἔτεα
706 1944 752 2001 καὶ
769 1944 785 2003 ὁ
802 1944 925 2020 στρατός

123 2030 207 2089 αὐτοῦ
221 2030 237 2089 ὁ
251 2031 369 2095 πολλός.

77 2119 133 2178 103
164 2118 309 2195 Φραόρτεω
325 2120 354 2178 δὲ
369 2120 587 2195 τελευτήσαντος
611 2120 752 2191 ἐξεδέξατο
775 2121 924 2198 Κυαξάρης

122 2206 139 2266 ό
154 2207 300 2284 Φραόρτεω
317 2212 368 2267 τοῦ
383 2208 506 2285 Δηῖόκεω
519 2214 593 2273 παῖς.
635 2207 716 2272 οὗτος
729 2210 841 2289 λέγεται
853 2214 922 2268 πολ·

121 2294 175 2355 λδν
196 2296 236 2353 ἔτι
258 2297 390 2376 γενέσθαι
410 2295 598 2373 ἀλκιμώτερος
622 2302 677 2356 τῶν
698 2296 851 2377 προγόνων·
878 2299 924 2356 καὶ

73 2459 78 2468 ,
123 2383 232 2460 πρῶτός
243 2411 274 2443 τε
288 2383 403 2462 ἐλόχισε
417 2385 486 2443 κατά
499 2386 582 2444 τέλεα
594 2385 659 2448 τούς
672 2391 702 2445 ἔν
714 2390 750 2463 τῇ
770 2384 863 2464 Ἀσίη,
878 2387 925 2445 καὶ

122 2476 230 2547 πρῶτος
251 2472 356 2540 διέταξε
369 2474 453 2550 χωρὶς
467 2473 600 2536 ἑκάστους
615 2474 690 2543 εἶναι,
704 2473 769 2536 τούς
781 2499 812 2533 τε
826 2478 924 2552 αἰχμο-

124 2561 229 2637 φόρους
249 2561 295 2619 καὶ
314 2562 379 2624 τούς
399 2562 570 2637 τοξοφόρους
592 2564 637 2621 καὶ
657 2561 722 2624 τοάς
740 2563 848 2625 ἱππέας·
868 2562 924 2640 πρό

123 2651 173 2707 τοῦ
188 2648 217 2706 δὲ
230 2646 332 2726 ἀναμὶξ
343 2648 379 2723 ἢν
392 2649 483 2707 πάντα
497 2649 597 2725 ὁμοίως
611 2647 836 2725 ἀναπεφυρμένα.
868 2647 925 2728 (οὗ-

123 2761 171 2798 τος
192 2735 208 2794 ὁ
230 2740 308 2795 τοῖσι
328 2736 450 2796 Λυδοῖσί
470 2740 532 2795 ε’στι
551 2736 747 2815 μαχεσάμενος
768 2736 814 2796 ὅτε
835 2735 886 2806 νδξ
905 2736 926 2813 ή

125 2822 214 2900 ήμέρη
236 2823 343 2903 ἐγένετό
362 2831 418 2899 σφι
439 2825 635 2902 μαχομένοισι,
654 2826 699 2883 καὶ
718 2824 733 2884 ό
755 2823 807 2900 τήν
820 2823 926 2891 Ἅλυος

124 2915 252 2987 ποταμοῦ
265 2910 320 2971 άνω
332 2911 432 2986 Ἀσίην
441 2916 539 2972 πᾶσαν
551 2910 699 2987 συστήσας
713 2914 822 2992 ἑωυτῷ.)
856 2916 926 2972 συλ·

126 3001 210 3068 λέξας
223 2999 253 3057 δὲ
268 2999 333 3062 τούς
345 2998 391 3058 ὑπ’
409 3003 497 3078 ἑωυτῷ
512 2999 683 3078 ἀρχομένους
699 3000 812 3071 πάντας,
828 3005 926 3077 ε’στρα-

122 3086 219 3144 τεύετο
232 3087 278 3144 ε’πὶ
292 3086 343 3162 τήν
357 3089 453 3156 Νῖνον,
466 3088 604 3164 τιμωρέων
616 3113 648 3146 τε
660 3093 698 3166 τῷ
710 3090 795 3165 πατρὶ
813 3089 859 3146 καὶΙ
874 3087 927 3163 τήν

102 3169 196 3227 πολιν
213 3172 325 3249 ταύτην
346 3175 440 3235 θέλων
459 3176 578 3247 ἐξελεῖν·
601 3176 648 3236 καί
665 3179 700 3247 οἱ,
714 3176 751 3235 ὧς
770 3175 926 3252 συμβαλάν

82 3250 210 3324 Mna-e
230 3259 303 3324 τοθς
327 3260 519 3343 Ἂσσυρίους,
539 3255 768 3348 ιτερικατημένιηΙ
780 3264 833 3340 τὴν
851 3267 944 3322 mm
