2040 3464
125 116 171 164 ιιι
428 116 612 165 Ἢυοιοτοτ
872 114 922 178 [11.

122 196 208 272 μένας
220 194 335 272 ἡμέρας·
351 200 386 274 τῇ
399 196 430 254 δὲ
442 197 588 274 τελὲυταίη
599 195 696 264 ἐξιεῖσι
710 199 740 253 ἐκ
753 199 804 270 τῆς
818 195 923 270 κοιλίης

123 283 175 358 τήν
191 283 307 360 κεδρίην,
320 283 373 358 τήν
387 286 491 358 ἐσῆκαν
504 282 650 360 πρότερον·
670 282 690 358 ή
704 283 734 341 δὲ
750 283 807 360 ἐχει
822 282 923 340 τοσαύ·

123 395 175 446 την
198 371 321 447 δύναμιν,
346 370 419 430 ὥστε
446 370 505 447 ἅμα
528 375 615 448 ἑωυτῇ
638 369 690 446 τήν
713 369 796 444 νηδύν
819 370 866 428 καὶ
888 369 924 429 τὰ

125 458 280 539 σπλάγχνα
299 458 502 534 κατατετηκότα
523 458 624 536 ἐξάγει·
645 458 695 520 τάς
713 457 743 516 δὲ
764 457 871 534 σάρκας
889 456 924 517 τό

125 550 222 622 λίτρον
243 546 400 621 κατατήκει·
429 546 475 603 καὶ
496 544 530 620 δή
552 546 679 604 λείπεται
700 548 751 604 τοῦ
772 548 871 620 νεκροῦ
890 544 923 604 τό

124 635 211 710 δέρμα
230 638 335 710 μοῦνον
351 635 397 692 καὶ
416 633 452 693 τά
472 633 567 693 όστέα·
589 634 673 693 ἐπεάν
688 633 718 692 δὲ
737 637 826 692 ταῦτα
843 632 923 708 ποιή-

125 748 207 793 σωσι,
231 721 278 780 ἀπ’
300 721 337 781 ὧν
360 722 462 780 ἔδωκαν
489 721 559 781 οὕτω
585 721 636 781 τὸν
658 720 756 799 νεκρόν
780 719 860 780 ούδέν
883 722 923 780 ἔτι

78 811 115 868 88
124 810 388 889 πρηγματευθέντες.
422 808 459 867 Ἦ
476 808 506 867 δὲ
518 810 598 885 τρίτη
610 810 772 886 ταρίχευσίς
790 813 852 867 ἐστι
864 806 922 883 ἥδε,

123 897 143 971 ἢ
163 898 227 959 τούς
247 896 376 974 χρήμασι
397 895 615 972 ἀσθενεστέρους
636 896 923 974 σκευάζει··συρμαιή

124 983 305 1059 διηθήσαντες
324 983 377 1059 τήν
397 986 513 1059 κοιλίην,
532 984 712 1063 ταριχεύουσι
731 983 781 1045 τάς
802 984 923 1060 ἐβδομή-

126 1098 209 1131 κοντα
226 1071 339 1147 ἡμέρας,
362 1072 408 1130 καὶ
431 1074 524 1130 ἔπειτα
542 1071 589 1130 ἀπ’
607 1072 644 1130 ὧν
663 1073 764 1131 ἔδωκαν
784 1070 923 1147 α’ποφέρε-

77 1162 114 1216 89
124 1161 202 1218 σθαι.
225 1159 285 1231 ΙΤοῖς
299 1159 328 1217 δὲ
338 1164 468 1240 γυναῖκας
478 1163 533 1219 τῶν
544 1160 699 1233 ἐπιφανέων
712 1158 825 1234 ἀνδρῶν,
838 1158 923 1218 ἐπεάν

124 1248 322 1324 τελευτήσωσι,
341 1247 372 1306 οι’
386 1248 542 1324 παραυτίκα
559 1247 667 1307 διδοῦσι
683 1245 845 1324 ταριχεύειν,
860 1246 924 1305 οὐδὲ

124 1335 190 1394 ὅσαι
207 1334 241 1395 ἂν
257 1335 309 1394 ὦσι
327 1335 438 1398 εὐειδέες
457 1335 544 1411 κάρτα
565 1336 611 1393 καὶ
630 1334 720 1415 λόγου
739 1338 859 1397 πλεῦνος
873 1361 922 1415 γυ·

125 1429 223 1487 ναῖκες·
245 1424 310 1482 ἀλλ’
327 1423 410 1482 ἐπεάν
427 1427 547 1500 τριταῖαι
565 1422 584 1498 ἢ
602 1427 761 1499 τεταρταῖαι
780 1422 922 1502 γένωνται,

124 1511 194 1572 οὕτω
207 1512 392 1588 παραδιδοῦσι
405 1516 481 1570 τοῖσι
494 1509 682 1589 ταριχεύουσι.
710 1513 794 1568 τοῦτο
808 1509 838 1568 δὲ
847 1512 923 1569 ποιέ·

125 1626 190 1659 ουσι
208 1600 278 1659 οὕτω
295 1599 375 1658 τοῦδε
395 1599 503 1667 εἵνεκεν,
522 1599 566 1657 ἵνα
580 1597 621 1674 μή
640 1604 696 1674 σφι
716 1601 741 1655 οἶ
761 1599 921 1676 ταριχευταὶ

125 1689 279 1768 μίσγωνται
296 1691 364 1764 τῇσι
380 1687 498 1765 γυναιξί·
519 1686 686 1762 λαμφθῆναι
701 1685 756 1765 γάρ
771 1686 833 1745 τινά
847 1692 921 1761 φασι

122 1775 295 1856 μισγόμενον
313 1778 397 1851 νεκρῷ
413 1773 571 1852 προσφάτῳ
586 1773 724 1854 γυναικός·
746 1777 874 1831 κατείποι
893 1775 921 1833 δέ
963 1847 967 1853 ⁴

147 1861 155 1882 λ
205 1861 212 1880 t
243 1861 250 1880 Ι

77 1864 173 1921 9οτον
196 1888 357 1940 ομοτεχνον.
392 1861 447 1922 Ὃς
471 1861 493 1919 δ’
515 1859 549 1920 ἂν
571 1859 589 1936 ἦ
614 1860 702 1920 αύτῶν
726 1861 884 1941 Αἰγυπτίων
903 1862 921 1936 ἢ

304 1947 386 1969 τε
786 1947 921 1972 ςκει

125 1951 218 2019 ξείνων
244 1949 345 2025 ὁμοιως
370 1949 425 2007 υπὸ
454 1949 632 2025 κροκοδείλου
657 1949 810 2027 υἷρπαχθεις
833 1975 852 2023 η
875 1976 914 2008 υπ

124 2036 209 2096 αύτοῦ
228 2042 279 2095 τοῦ
299 2041 426 2113 ποταμοῦ
451 2039 584 2112 φαίνηται
606 2035 733 2112 τεθνηῶς,
754 2036 813 2095 κατ’
833 2036 868 2111 ἣν
888 2038 922 2096 ἂν

125 2125 209 2185 πόλιν
230 2125 379 2203 ἐξενειχθῇ,
400 2123 514 2187 τούτους
534 2129 615 2184 πᾶσα
636 2124 744 2204 ἀνάγκη
764 2124 826 2182 ἐστὶ
846 2151 920 2200 ταρι-

124 2212 280 2292 χεύσαντας
300 2213 384 2272 αύτὸν
407 2213 453 2270 καὶ
473 2214 702 2288 περιστείλαντας
723 2212 759 2275 οἷς
779 2212 922 2272 κάλλιστα

126 2301 214 2380 θάψαι
234 2307 263 2360 ἐν
282 2304 359 2379 ἱρῇσι
381 2301 493 2378 θήκῃσι·
515 2300 577 2359 οὐδὲ
596 2304 705 2378 ψαῦσαι
723 2301 815 2370 ἔξεστι
835 2300 922 2360 αὐτοῦ

125 2388 215 2449 ἄλλον
223 2389 328 2458 οὐδένα,
338 2388 400 2448 οὔτε
410 2394 465 2448 τῶν
474 2387 673 2467 προσηκόντων
684 2386 747 2447 οὔτε
756 2388 920 2463 τῶνφίλων·

125 2479 201 2537 α’λλιί
214 2504 262 2554 μιν
275 2481 301 2536 οἱ
315 2477 384 2554 ἱρέες
397 2476 476 2536 αὐτοὶ
490 2481 516 2536 οἱ
533 2481 583 2536 τοῦ
597 2477 712 2545 Νείλου,
727 2474 775 2534 ἅτε
791 2477 880 2535 πλέον
894 2501 921 2536 τι

124 2565 143 2644 ἢ
156 2565 302 2644 ἀνθρώπου
316 2565 420 2642 νεκρόν,
434 2563 664 2643 χειραπτάζοντες
678 2563 826 2623 θάπτουσι.

165 2654 360 2728 Ἑλληνικοῖσι
377 2653 407 2711 δὲ
424 2654 566 2728 νομαίοισι
584 2651 721 2733 φεύγουσι
737 2652 871 2730 χρᾶσθαι,
887 2649 920 2711 τό

125 2744 154 2804 δὲ
178 2742 294 2818 σύμπαν
320 2745 414 2811 εἰπεῖν,
437 2739 501 2815 μήδ’
525 2739 621 2800 ἄλλων
647 2740 762 2816 μηδαμά
787 2739 923 2815 μηδαμῶν

78 2836 113 2892 91
125 2830 274 2907 ἀνθρώπων
293 2830 445 2904 νομαίοισι.
480 2829 518 2906 (οἱ
537 2828 589 2904 μέν
607 2854 654 2887 νυν
672 2828 757 2886 ἄλλοι
775 2827 921 2907 Αἰγύπτιοι

126 2919 196 2980 οὕτω
211 2921 295 2977 τοῦτο
310 2916 504 2991 φυλάσσουσι·
527 2917 587 2974 ἔστι
605 2916 633 2974 δὲ
653 2917 763 2992 Χέμμις
776 2916 860 2978 πόλις
874 2941 922 2992 με·

123 3007 200 3088 γάλη
220 3010 308 3081 νομοῦ
325 3009 375 3063 τοῦ
393 3005 548 3079 Θηβαϊκοῦ,
565 3002 647 3082 ἐγγύς
667 3005 743 3079 Νέης
762 3003 871 3066 πόλιος·
893 3007 922 3062 ἐν

120 3095 210 3172 ταύτῃ
220 3098 256 3172 τῇ
270 3092 338 3152 πόλι
352 3093 414 3152 ἐστὶ
428 3090 555 3167 Περσέος
567 3095 617 3149 τοῦ
632 3091 744 3166 Δανάης
758 3090 922 3168 ἶρὸντετρά-

100 3207 209 3261 γωνον·
235 3183 323 3260 πήοιξ
344 3181 376 3243 δὲ
401 3180 489 3244 αὐτοῦ
513 3179 639 3257 φοίνικες
660 3178 811 3256 πεφύκασι·
837 3177 875 3235 τὰ
894 3178 925 3236 δέ

85 3269 238 3335 τρόπυλα
255 3277 316 3333 τοῦ
336 3275 405 3346 ἱροῦ
425 3271 528 3337 λίθινά
550 3274 626 3342 ἐστι,
644 3267 737 3346 κάρτα
758 3262 876 3344 mim*
896 3264 947 3319 ’ἐπὶ
