2040 3464
121 113 168 160 ιιι
432 115 613 162 αιωκουου
859 115 920 180 [IV.

208 196 240 241 At
256 196 285 241 τό
302 196 357 252 ἐμεῦ
368 196 459 255 Λιβύην
469 196 622 255 μηλοτρόφον
633 197 697 244 οίδας
709 196 805 255 ἄμεινον

205 268 238 323 μὴ
251 268 326 312 ἐλθὼν
343 266 458 322 ἐλθόντος,
480 266 542 326 ἄγαν
559 267 653 324 ἄγαμαι
670 269 756 328 σοφίην
774 287 823 317 σευ.

124 349 311 411 Ἀκούσαντες
326 350 354 407 δὲ
363 349 467 408 τούτων
476 352 502 407 οἱ
511 349 585 425 ἀμφὶ
593 350 643 408 τόν
654 350 763 411 Βάττον
770 353 920 414 ἀπέπλωον

121 435 221 495 ὀπίσω·
243 435 274 494 οὐ
293 437 346 516 γάρ
368 436 401 512 δή
423 444 515 512 σφεας
531 434 606 495 ἀπίει
619 437 635 496 ό
650 438 711 500 θεός
729 444 780 514 τῆς
793 440 920 516 ἀποικίης

122 525 187 600 πρὶν
198 524 231 599 δή
246 523 396 583 ἀπίκωνται
411 531 437 587 ές
445 524 530 600 αὐτὴν
540 525 592 599 τήν
602 526 723 601 Λιβιίην.
759 527 921 604 ἀπικόμενοι

122 611 151 668 δὲ
165 617 192 673 ἐς
205 612 352 686 τήννῆσον
367 614 411 670 καὶ
426 612 616 688 ἀναλαβόντες
628 613 678 672 τόν
692 617 798 684 ἔλιπον,
809 616 921 675 ἔκτισαν

121 699 206 775 αὖτής
219 704 268 774 τῆς
281 700 391 775 Λιβύης
401 705 492 778 χῶρον
502 699 652 775 ἀντίοντῆς
666 701 753 776 νήσου
766 706 804 780 τῷ
817 702 921 779 οὕνομα

120 786 154 862 ἦν
169 787 283 864 Ἀζιρις,
305 787 354 846 τόν
375 787 460 847 νάπαι
480 814 512 847 τε
535 786 687 847 κάλλισται
709 788 751 846 ἐπ’
773 790 920 867 ἀμφότερα

76 950 79 957 ¹
121 875 307 955 συγκληίουσι
327 876 372 933 καὶ
388 877 513 951 ποταμός
530 875 564 933 τά
585 877 629 933 ε’πὶ
647 876 749 953 θάτερα
762 880 919 954 παραρρέει.

76 965 131 1020 158
141 967 244 1020 Τοῦτον
258 963 347 1021 οἴκεον
360 962 409 1021 τόν
423 968 514 1041 χῶρον
528 964 558 1031 ἓξ
572 965 640 1020 ἔτεα·
663 964 773 1043 ἑβδόμῳ
787 965 818 1023 δέ
831 973 921 1040 σφεας

121 1052 174 1109 ἔτεϊ
187 1050 426 1126 παραιτησάμενοι
441 1053 467 1108 οἶ
481 1052 593 1126 Λίβυες,
607 1050 642 1114 (ός
653 1057 679 1113 ές
688 1051 920 1130 ἀμείνοναχῶρον

121 1138 227 1206 ἅξουσι,
243 1138 402 1218 ἀνέγνωσαν
417 1142 550 1197 ἐκλιπεῖν.
580 1138 650 1218 ἦγον
659 1139 690 1198 δέ
697 1146 789 1214 σφεας
798 1142 920 1200 ἐνθεῦτεν

122 1229 147 1284 οἶ
160 1228 264 1301 Λίβυες
278 1225 487 1301 ἀναστήσαντες
500 1227 570 1303 πρός
584 1228 714 1303 ἕσπέρην·
733 1229 779 1285 καὶ
792 1228 842 1286 τόν
853 1228 918 1286 κάλ-

120 1318 220 1372 λιστον
241 1318 295 1372 τῶν
319 1313 414 1391 χοίρων
439 1315 482 1372 ἵνα
507 1313 650 1383 διεξιόντες
673 1318 698 1373 οἱ
721 1315 860 1390 Ἕλληνες
880 1318 920 1393 μή

73 1417 76 1421 ’
121 1402 212 1470 ἴδοιεν,
229 1401 493 1478 συμμετρησάμενοι
510 1403 561 1476 τήν
577 1401 648 1478 ὤρην
662 1406 713 1477 τῆς
732 1402 845 1479 ήμέρης,
860 1431 919 1462 νυκ-

120 1490 168 1552 τός
180 1494 315 1568 παρῆγον·
338 1490 397 1548 ἔστι
412 1489 440 1548 δὲ
454 1494 491 1568 τῷ
505 1489 585 1568 χοίρῳ
595 1489 681 1568 τούτῳ
693 1490 920 1567 οὖνομαἼρασα·

71 1632 74 1637 ,
119 1576 270 1656 ἀγαγόντες
297 1578 328 1635 δέ
354 1583 445 1651 σφεας
469 1578 513 1635 ἐπὶ
543 1577 644 1652 κρήνην
671 1580 826 1658 λεγομένην
853 1579 921 1638 εἶναι

119 1664 299 1727 ’Λπόλλωνος
314 1666 402 1724 εἶπαν·
425 1675 442 1699 “
452 1666 545 1741 ἄνδρες
559 1665 705 1741 Ἕλληνες,
726 1667 843 1724 ἐνθαῦτα
857 1666 921 1743 ὑμῖν

121 1752 264 1826 ἐπιτήδεον
278 1754 384 1811 οἰκέειν·
406 1755 523 1812 ἐνθαῦτα
540 1753 596 1834 γάρ
611 1753 626 1812 ό
641 1754 754 1828 οὐρανός
767 1755 920 1830 τέτρηται.”

75 1844 129 1898 159
181 1839 246 1897 Ἐπὶ
267 1842 318 1915 μέν
334 1867 381 1900 νυν
401 1840 513 1900 Βάττειό
531 1847 626 1900 τετοῦ
644 1842 770 1899 οἰκιστέω
785 1847 835 1917 τῆς
848 1842 920 1918 ζόης,

121 1926 253 2002 ἄρξαντος
270 1930 315 1985 ε’πὶ
333 1929 541 2004 τεσσεράκοντα
556 1931 625 1999 ἔτεα,
641 1929 748 1987 καὶτοῦ
763 1929 862 1992 παιδός
875 1930 920 1989 αὖ·

121 2018 170 2072 τοῦ
190 2014 367 2091 Ἀρκεσίλεω,
382 2015 515 2091 ἄρξαντος
536 2019 677 2076 ἑκκαίδεκα
696 2018 765 2086 ἔτεα,
785 2018 876 2076 οἴκεον
895 2021 921 2076 οἱ

122 2105 280 2178 Κυρηναῖοι,
300 2099 388 2163 ε’όντες
406 2107 537 2161 τοσοῦτοι
554 2103 618 2162 ὅσοι
635 2104 724 2182 ἀρχήν
738 2109 765 2165 ἐς
778 2103 830 2178 τὴν
843 2103 921 2163 ἀποι-

122 2190 182 2264 κίην
202 2189 373 2265 ἐστάλησαν·
396 2191 441 2248 ε’πὶ
458 2189 486 2248 δὲ
504 2196 554 2249 τοῦ
566 2193 661 2267 τρίτου
675 2189 787 2249 Βάττεω
801 2194 851 2249 τοῦ
869 2191 921 2250 Εὖ·

122 2279 251 2354 δαίμονος
271 2280 439 2354 καλεομένου
450 2277 595 2354 Ἕλληνας
608 2278 713 2340 πάντας
727 2278 840 2355 ὥρμησε
854 2277 922 2356 χρή-

123 2393 201 2425 σασα
222 2366 240 2441 ή
263 2367 356 2440 Πυθίη
378 2368 473 2425 πλέειν
497 2367 714 2441 συνοικήσοντας
739 2368 922 2441 Κυρηναίοισι

122 2455 242 2529 Λιβύην·
266 2455 447 2512 ἐπεκαλέοντο
461 2454 515 2533 γάρ
530 2458 556 2512 οἱ
567 2458 720 2529 Κυρηναῖοι
734 2453 778 2512 ἐπὶ
791 2458 844 2533 γῆς
858 2453 922 2511 ἀνα-

123 2542 230 2619 δασμῷ.
267 2544 368 2620 ἔχρησε
383 2541 412 2598 δὲ
426 2539 476 2598 ὧδε
492 2543 598 2618 ἔχοντα·

165 2656 210 2701 ‘Os
234 2656 259 2701 δέ
277 2672 316 2701 κεν
335 2656 357 2702 ἐς
374 2656 464 2715 Λιβύην
482 2657 632 2714 πολυηράτον
650 2653 749 2714 ὕστερον
765 2656 824 2713 ἔλθη

174 2728 220 2785 γᾶς
239 2728 412 2784 ἀναδαιομένας,
427 2726 489 2783 μετά
507 2727 529 2772 οί
545 2726 608 2772 ποκά
626 2732 687 2786 φαμι
703 2727 824 2783 μελήσειν.

127 2830 333 2904 Συλλεχθέντος
355 2829 383 2885 δὲ
406 2827 506 2902 ὁμίλου
528 2831 639 2885 πολλοῦ
662 2831 688 2887 ές
708 2826 760 2901 τήν
782 2828 922 2904 Κυρήνην,

124 2916 354 2990 περιταμνόμενοι
381 2920 435 2994 γῆν
461 2914 574 2990 πολλὴν
602 2919 627 2973 οἱ
654 2916 788 2990 περίοικοι
818 2917 924 2991 Λίβυες

125 3004 170 3060 καὶ
191 3003 206 3061 ὁ
227 3003 364 3078 βασιλεῦς
386 3003 474 3062 αι’τῶν
494 3007 532 3082 τῷ
553 3003 657 3078 οὕνομα
673 3002 707 3077 ἦν
723 3001 862 3079 ’Λδικράν,
878 3004 923 3061 οἶα

120 3095 172 3167 τῆς
194 3117 225 3151 τε
248 3092 352 3172 χώρης’
369 3092 580 3167 στερισκόμενοι
608 3092 653 3147 καὶ
680 3090 924 3166 περιϋβριζόμενοι

109 3180 170 3242 ἀπό
190 3186 248 3243 τῶν
268 3182 448 3262 Κυρηναίων,
461 3181 620 3257 πέμψαντες
632 3183 660 3239 ἐς
675 3179 808 3254 Λίγςπτον
822 3178 923 3238 ἔδοσαν

99 3273 205 3348 σφέας
228 3272 339 3339 αὐτοὺς
360 3270 471 3351 Ἀπρίῃ
491 3272 534 3348 τῷ
557 3264 702 3345 Μγότεςαυ
725 3261 848 3333 §amm
873 3261 943 3316 ἶιλῗε
