2040 3464
139 115 188 163 212
444 112 625 160 ‘HPOAOTOT
872 111 938 174 [Hs.

137 194 235 253 αὐτίκα
249 191 265 252 ἀ
279 191 441 267 Καμβύσης
452 192 541 271 ἀργην
554 190 743 267 ποιησάμενος
757 192 941 266 ἐστρατεύετο

138 282 184 339 ἐπὶ
197 280 261 342 τούς
276 281 419 349 Αἰθίοπας,
434 277 496 338 ούτε
516 278 695 355 παρασκευήν
709 279 789 337 σίτου
810 277 942 354 οὐδεμίαν

138 368 328 447 παραγγείλας
356 366 418 426 οὔτε
448 367 535 447 λόγον
568 370 655 445 ἑωυτῷ
689 365 752 429 δούς
779 365 823 426 ὅτι
851 371 879 429 ἐς
904 371 941 427 ταὶ

139 456 245 534 ἔσχατα
258 458 309 528 τῆς
320 459 374 534 γῆς
387 457 488 531 ἐμελλε
502 454 714 531 στρατεύεσθαι·
742 453 787 512 οἶα
807 454 837 513 δέ
854 460 940 530 ἐμμα-

138 543 186 618 νής
207 568 238 602 τε
259 541 309 600 ἐιλν
329 542 374 598 καὶ
393 541 424 600 ού
444 542 591 618 φρενήρης,
611 541 646 604 ὦς
660 540 743 617 ἤκουε
761 544 816 600 τῶν
834 541 941 620 Ἰχθυο·

139 630 245 710 φάγων,
270 629 450 705 ἐστρατεύετο
471 629 616 704 Ἑλλήνων
633 631 684 705 μὲν
704 627 769 690 τούς
787 629 941 705 παρεόντας

138 717 225 776 αὐτοῦ
244 717 330 795 ταύτῃ
348 717 433 785 τάξας
451 716 605 792 ἀπομένειν,
625 715 674 776 τάν
696 715 726 773 δέ
747 716 831 785 πεζόν
848 717 940 776 πάντα

138 805 196 880 ἅμα
212 804 357 884 ἀγόμενος·
381 806 443 863 ἐπεί
455 830 486 863 τε
503 803 532 861 δὲ
551 801 769 879 στρατευόμενος
785 804 894 884 ἐγένετο
911 811 941 865 ἐν

139 893 264 969 Θήβῃσι,
284 891 412 967 ἀπέκρινε
430 896 480 949 τοῦ
498 894 621 967 στρατοῦ
641 890 676 953 ὦς
693 891 775 950 πέντε
794 892 939 967 μυριάδας·

141 980 186 1037 καὶ
198 979 323 1038 τούτοισι
341 982 393 1055 μὲν
408 979 566 1037 ἐνετέλλετο
579 977 752 1054 Ἀμμωνίους
773 980 939 1055 ἐξανδραπο-

140 1067 303 1143 δισαμένους
320 1067 351 1125 τά
375 1066 547 1144 χρηστήριον
569 1066 602 1125 τά
624 1069 675 1124 τοῦ
696 1065 764 1128 Διὸς
786 1071 938 1144 ἐμπρῆσαι,

140 1152 222 1215 αύτάς
246 1154 274 1211 δὲ
301 1153 350 1212 τάν
373 1153 475 1213 λοιπόν
497 1151 571 1232 ἀγων
595 1153 717 1229 στρατόν
738 1152 782 1228 ἤϊε
805 1154 852 1211 ἐπὶ
875 1155 940 1219 τούς

140 1243 285 1304 Αἰθίοπας·
306 1242 372 1317 πρὶν
390 1241 420 1299 δὲ
437 1245 488 1316 τῆς
509 1240 574 1300 ὁδοῦ
595 1241 628 1300 τό
650 1242 777 1316 πέμπτον
795 1242 879 1318 μέρος
901 1244 939 1302 δι-

140 1330 304 1404 εληλυθέναι
324 1329 375 1404 τήν
394 1330 534 1405 στρατιὴν,
557 1328 655 1387 αὐτίκα
672 1328 763 1386 πάντα
784 1327 884 1392 αύτούς
904 1328 939 1390 τά

139 1417 215 1494 εἶχον
229 1419 324 1476 σιτίων
338 1417 457 1495 ἐχόμενα
471 1417 658 1474 ἐπελελοίπεε·
676 1415 747 1492 μετά
761 1416 790 1474 δὲ
803 1416 838 1475 τά
852 1421 937 1488 σιτία,

141 1504 186 1561 καὶ
199 1504 233 1562 τά
250 1502 385 1584 ὑποζύγια
402 1505 516 1562 ἐπέλιπε
535 1503 743 1578 κατεσθιόμενα·
782 1508 806 1563 εί
821 1507 874 1580 μέν
892 1533 939 1566 νυν

138 1591 234 1665 μαθων
251 1595 338 1650 ταῦτα
357 1590 373 1649 ἀ
393 1590 554 1667 Καμβύσης
573 1590 768 1670 ἐγνωσιμάχεε,
784 1593 830 1650 καὶ
847 1592 939 1673 ἀπῆγε

138 1677 229 1736 ἀπίσω
243 1679 291 1738 τάν
306 1679 435 1754 στρατὸν,
452 1680 496 1736 ἐπὶ
514 1683 549 1756 τῇ
569 1678 690 1755 ἀρχῆθεν
703 1681 838 1759 γενομένη
851 1680 939 1757 ἆμαρ·

139 1765 201 1823 τάδι
214 1765 248 1840 ἦν
261 1765 331 1841 ἀνὴρ
344 1765 445 1840 σοφός·
462 1770 510 1824 νῦν
524 1766 552 1823 δὲ
567 1758 664 1824 ούδένα
677 1766 765 1846 λόγον
778 1765 939 1843 ποιεύμενος

139 1850 183 1926 ἤϊε
197 1853 249 1910 αἰεὶ
265 1858 292 1914 ἐς
310 1853 342 1912 τά
361 1853 467 1929 πρόσω·
490 1857 516 1911 οἱ
535 1854 564 1911 δὲ
585 1858 760 1929 στρατιῶται,
777 1855 825 1917 ἕως
842 1856 895 1930 μέν
912 1881 939 1915 τι

140 1939 216 2017 εἶχον
229 1945 258 1998 ἐκ
272 1944 321 2014 τῆς
339 1944 391 2020 γῆς
409 1940 566 2015 λαμβάνειν
583 1943 802 2021 ποιηφαγέοντες
820 1942 938 2012 διέζωον·

140 2029 199 2085 ἐπεὶ
215 2027 244 2084 δὲ
258 2032 285 2088 ἐς
299 2027 351 2102 την
364 2026 479 2103 ψάμμον
498 2027 639 2096 ἀπίκοντο,
654 2029 742 2088 δεινὸν
757 2030 837 2108 ἔργον
850 2029 939 2090 αὐτῶν

139 2116 209 2176 τινές
223 2114 387 2193 ἐργάσαντο·
416 2121 445 2173 ἐκ
467 2115 579 2178 δεκάδος
592 2115 647 2195 γάρ
666 2117 713 2175 ἕνα
734 2119 831 2190 σφέων
851 2117 939 2178 αύτῶν

140 2201 389 2278 ἀποκληρώσαντες
415 2205 579 2283 κατέφαγον.
624 2204 778 2279 πυθόμενος
800 2204 829 2262 δὲ
851 2209 939 2264 ταῦτα

139 2287 155 2347 ἀ
174 2290 341 2366 Καμβύσης,
362 2289 456 2352 δείσας
476 2290 527 2364 τήν
544 2291 772 2371 ἀλληλοφαγίην,
791 2290 871 2354 ἀπεὶς
891 2293 940 2353 τάν

140 2375 183 2434 ἐπ’
196 2378 333 2440 Αἰθίοπας
353 2377 458 2437 στόλον
475 2378 564 2436 ὀπίσω
582 2377 737 2454 ἐπορεύετο·
765 2379 811 2436 καὶ
830 2378 939 2439 ἀπικνέ·

140 2490 198 2522 εται
217 2470 244 2527 ἐς
262 2465 361 2540 Θήβας
377 2465 502 2527 πολλούς
520 2465 663 2527 ἀπολέσας
679 2469 729 2525 τοῦ
749 2470 881 2541 στρατοῦ·
910 2473 940 2526 ἐκ

140 2554 257 2628 Θηβέων
284 2554 313 2611 δὲ
344 2553 471 2629 καταβάς
498 2559 524 2614 ἐς
554 2554 680 2628 Μέμφιν,
708 2552 772 2615 τούς
795 2553 940 2629 Ἕλληνας

140 2640 229 2715 ἀπῆκε
243 2641 401 2700 ἀποπλέειν.
445 2640 460 2699 ἀ
473 2642 525 2716 μὲν
538 2641 579 2698 ἐπ’
598 2642 733 2702 Αἰθίοπας
752 2641 856 2703 στόλος
870 2641 940 2701 οὕτω

92 2730 130 2786 26
141 2730 250 2804 ἔπρηξε.
294 2732 330 2786 Οἱ
344 2728 366 2787 δ’
380 2728 469 2788 αὐτῶν
483 2727 525 2787 ἐπ’
543 2729 714 2806 Ἀμμωνίους
733 2729 941 2794 ἀποσταλέντες

141 2817 351 2892 στρατεύεσθαι,
376 2819 438 2875 ἐπεί
455 2843 486 2876 τε
508 2817 673 2894 ὁρμηθέντες
695 2822 724 2874 ἐκ
745 2821 800 2876 τῶν
823 2819 941 2892 Θηβέων

141 2904 305 2978 ἐπορεύοντο
318 2906 425 2981 ἔχοντες
439 2903 572 2985 ἀγωγούς,
583 2903 746 2980 ἀπικόμενοι
758 2907 810 2979 μὲν
824 2904 942 2981 φανεροί

142 2995 197 3049 εἶσι
220 2996 248 3054 ἐς
269 2990 375 3050 Ὀασιν
397 2992 489 3061 πόλιν,
510 2993 562 3068 τήν
583 2996 679 3071 ἔχουσι
697 2995 749 3068 μὲν
770 2991 872 3068 Σάμιοι
890 2997 942 3067 τῆς

133 3078 326 3158 Αἰσχριωνιης
354 3084 447 3156 φυλῆς
470 3079 616 3161 λεγόμενοι
641 3080 719 3139 εἶναι·
749 3078 888 3157 ἀπέχουσι
911 3081 942 3140 δὲ

56 3194 72 3255 η
120 3168 199 3226 ε’τιτά
216 3167 350 3246 η’μερέων
366 3168 435 3233 ἀδόν
451 3168 509 3231 ἀπὸ
526 3170 644 3247 Θηβέων
658 3166 707 3226 διδ
720 3166 843 3242 ψάμμου·
867 3166 942 3226 σύνο-

108 3253 243 3326 μιίζεται
263 3258 296 3319 δὲ
314 3259 449 3343 ὁχῶρος
466 3257 555 3324 οὗτος
576 3252 810 3326 κατιὶῈλλὴνων
825 3253 962 3328 γλῶσσαι
