2040 3464
133 113 179 160 ιιι
438 115 621 161 τινολαποι·
879 111 931 176 [Η.

131 190 255 266 ῥεύματα
267 193 447 270 παρέχονται·
467 193 522 252 εἰσὶ
536 193 565 251 δὲ
573 193 679 252 πολλοὶ
691 194 743 269 μέν
756 196 786 252 ἐν
798 196 833 271 τῇ
844 193 932 271 Συρίῃ

131 279 261 354 ποταμοὶ,
280 280 386 338 πολλοὶ
406 280 435 339 δὲ
456 285 485 339 ἐν
505 285 541 357 τῇ
553 279 658 358 Λιβύῃ,
676 279 702 338 οἳ
723 279 801 339 ου’δέν
820 284 932 339 τοιοῦτο

85 367 120 424 21
131 364 278 443 πάσχουσι
292 366 351 426 οἶόν
363 393 391 425 τι
407 368 453 425 καὶ
466 367 482 427 ὁ
499 371 613 430 Νεῖλος.
655 366 693 425 Ἡ
708 365 731 425 δ’
748 368 827 444 ἐτέρη
839 366 932 426 άνεπι-

132 454 342 530 στημονεστέρη
368 455 420 531 μέν
441 461 503 514 ἐστι
528 460 579 530 τῆς
602 455 780 535 λελεγμένης,
805 453 882 534 λόγῳ
903 455 932 514 δὲ

132 545 218 600 εἰπεῖν
242 543 465 619 θωυμασιωτέρη·
499 542 518 618 ἣ
542 544 620 623 λέγει
643 540 699 601 dard
726 546 776 602 τοῦ
798 542 932 602 Ὠκεανοῦ

132 629 231 704 ῥέοντα
253 629 336 689 αὐτόν
359 634 447 689 ταῦτα
468 631 659 709 μηχανᾶσθαι,
682 629 732 689 τάν
756 629 779 689 δ’
800 629 932 690 Ὠκεανόν

86 718 125 775 ‘22
133 721 187 797 γῆν
213 719 277 794 πέρι
303 722 399 777 πᾶσαν
424 719 502 794 ῥέειν.
545 718 582 776 Ἡ
610 718 639 776 δὲ
665 719 745 794 τρίτη
771 721 827 777 ταῖν
853 717 931 787 ὁδῶν,

131 805 242 864 πολλάν
276 806 469 881 ἐπιεικεστάτη
503 810 598 874 ἐοῦσα,
624 805 754 882 μάλιστα
788 807 931 882 ἔψευσται·

131 893 209 971 λέγει
227 892 284 973 γάρ
305 893 339 968 δη
361 893 416 951 οὐδ’
435 893 504 969 αὕτη
527 893 605 952 ούδέν
627 893 739 969 φαμένη
755 892 805 952 τόν
824 896 931 952 Νεῖλον

132 981 204 1055 ῥέειν
220 980 275 1039 άπδ
293 981 445 1057 τηκομένης
461 981 563 1057 χιόνος·
585 980 616 1043 ὃς
630 982 687 1057 ῥέει
703 983 754 1056 μὲν
773 985 803 1038 ἐκ
821 979 932 1056 Λιβύης

132 1067 177 1126 διά
196 1069 291 1144 μέσων
311 1068 452 1128 Αἰθιόπων
473 1069 575 1127 ἐκδιδοῖ
593 1069 623 1126 δέ
644 1073 672 1131 ἐς
685 1069 837 1149 Αἴγυπτον.
880 1073 932 1131 κοῖς

132 1155 169 1215 ὦν
187 1157 256 1231 δῆτα
272 1157 330 1231 ῥέοι
350 1155 384 1214 ἂν
404 1156 460 1215 άπδ
480 1155 581 1236 χιόνος,
602 1156 657 1215 οἷπὸ
678 1160 733 1215 τῶν
754 1155 931 1233 θερμοτάτων

135 1241 250 1325 [τόπων]
267 1244 337 1320 ῥέων
351 1250 377 1306 ἐς
393 1244 428 1303 ταὶ
443 1243 619 1322 ψυχράτερα;
640 1246 695 1303 ταῖν
710 1243 746 1303 τά
757 1243 856 1302 πολλά
870 1249 931 1303 ἐστι

131 1331 212 1407 α’νδρί
225 1358 259 1411 γε
276 1333 441 1411 λογίζεσθαι
456 1331 587 1391 τοιούτων
603 1334 667 1408 πέρι
686 1332 734 1411 οἴῳ
751 1356 782 1390 τε
801 1331 882 1402 ἐόντι,
897 1332 932 1395 αῖς

132 1419 194 1478 οὐδὲ
215 1419 285 1482 εἰκός
306 1420 361 1478 άπδ
382 1419 477 1498 χιόνος
496 1446 545 1496 μιν
564 1420 645 1496 ῥέειν·
683 1423 793 1496 πρῶτον
812 1421 864 1495 μὲν
885 1422 931 1479 καὶ

131 1508 267 1586 μέγιστον
282 1507 433 1584 μαρτύριον
451 1511 478 1567 οἱ
499 1506 596 1583 άνεμοι
613 1508 784 1585 παρέχονται
803 1508 932 1571 πνέοντες

132 1594 188 1654 άπδ
205 1599 260 1654 τῶν
277 1596 387 1673 χωρέων
405 1597 523 1655 τουτέων
543 1597 651 1671 θερμοί·
681 1594 810 1670 δεύτερον
831 1595 868 1664 δὲ,
888 1595 929 1655 ὅτι

132 1682 274 1759 ἄνομβρος
286 1683 305 1757 η’
318 1683 395 1760 χάρη
409 1684 455 1740 καὶ
472 1682 668 1760 άκρύσταλλος
687 1683 818 1742 διατελέει
834 1687 931 1742 ἐοῦσα·

133 1772 177 1828 ἐπὶ
201 1771 230 1829 δέ
251 1770 324 1848 χιόνι
344 1769 474 1848 πεσούσῃ
495 1775 577 1829 πᾶσα
600 1770 707 1850 ἀνάγκη
730 1771 791 1829 ἐστὶ
814 1771 879 1829 ὗσαι
903 1777 932 1831 ἐν

133 1859 214 1917 πέντε
233 1857 365 1935 ἡμέρῃσι·
387 1857 459 1916 ὥστε
476 1862 499 1916 εἰ
518 1858 642 1937 ἐχιόνιζε,
660 1858 723 1917 ύετο
740 1857 773 1917 ἂν
789 1862 877 1917 ταῦτα
895 1861 931 1918 τά

133 1947 229 2024 χωρία·
263 1947 343 2020 τρίτα
365 1946 402 2015 δὲ,
425 1949 452 2004 οἱ
476 1945 615 2023 ἅνθρωποι
641 1945 695 2005 ύπδ
720 1950 770 2004 τοῦ
792 1945 932 2023 καύματος

132 2035 250 2109 μέλανες
270 2034 365 2096 ἐόντες.
410 2038 506 2093 ἰκτῖνοι
527 2035 621 2092 δὲκαὶ
641 2034 784 2112 χελιδόνες
804 2033 838 2092 δι’
859 2036 932 2100 έτεος

134 2122 224 2184 ἐόντες
244 2121 293 2180 ούκ
314 2121 510 2191 ἀπολείπουσι,
523 2124 635 2202 γέρανοι
656 2122 685 2179 δὲ
708 2122 864 2201 φεύγουσαι
883 2123 932 2183 τάν

132 2215 254 2287 χειμῶνα
266 2209 316 2269 τόν
330 2215 358 2268 ἐν
371 2215 406 2288 τῇ
417 2211 538 2287 Σκυθικῇ
551 2209 629 2288 χαίρῃ
642 2209 787 2290 γινόμενον
798 2211 933 2284 φοιτέωσι

134 2303 160 2359 ἐς
172 2299 323 2376 χειμασίην
338 2304 364 2359 ἐς
377 2297 440 2360 τούς
453 2297 555 2359 τόπους
571 2298 693 2360 τούτους·
716 2302 739 2356 εί
754 2299 846 2357 τοίνυν
861 2300 932 2377 ε’χιά·

133 2388 188 2456 νιζε
202 2386 247 2444 καὶ
261 2385 369 2445 ὁσονῶν
381 2385 484 2460 ταύτην
496 2385 548 2460 τήν
561 2384 662 2463 χώρην,
678 2384 710 2443 δι’
725 2383 758 2460 ἧς
772 2412 804 2444 τε
816 2387 874 2462 ῥέει
887 2390 932 2446 καλ,

134 2479 164 2532 ἐκ
179 2478 229 2549 τῆς
249 2473 365 2551 ἄρχεται
385 2474 454 2549 ῥέων
468 2473 484 2532 ά
501 2477 613 2542 Νεῖλος,
628 2472 663 2548 ἦν
676 2471 710 2532 άν
728 2473 831 2533 τούτων
845 2474 933 2544 οὐδὲν,

86 2561 169 2624 ὶ3ιύς
195 2563 214 2638 ἠ
237 2562 344 2640 ἀνάγκη
367 2562 487 2641 ἐλέγχει.
528 2561 561 2619 ‘0
585 2562 614 2620 δὲ
637 2562 701 2637 περὶ
726 2565 776 2618 τοῦ
799 2561 933 2623 Ὠκεανοῦ

132 2650 223 2720 λέξας,
239 2656 265 2712 ἐς
279 2649 383 2725 α’φανὲς
396 2652 446 2709 τόν
459 2651 548 2725 μῦθον
565 2649 703 2711 άνενείκας
720 2646 769 2705 ούκ
786 2650 842 2727 ἔχει
856 2651 932 2731 ἔλεγ-

133 2765 194 2816 χον·
229 2738 260 2797 ού
283 2737 339 2819 γάρ
362 2763 425 2796 τινα
448 2739 534 2818 έγωγε
560 2737 623 2796 οἶδα
649 2739 776 2813 ποταμόν
801 2736 934 2799 Ὠκεανόν

134 2825 223 2885 ε’όντα·
239 2826 368 2902 Ὅμηρον
387 2825 424 2898 δὲ,
441 2824 461 2899 ἦ
476 2851 539 2884 τινα
556 2830 610 2883 τῶν
626 2824 762 2902 πρότερον
780 2827 934 2905 γενομένων

127 2915 273 2990 ποιητέων,
299 2913 385 2973 δοκέω
407 2911 530 2990 τοῦνομα
554 2913 669 2989 εὖρόντα
693 2919 721 2976 ἐς
743 2913 796 2989 την
818 2914 934 2990 ποίησιν

113 3003 331 3065 ε’σενεύεασθαι.

42 3085 90 3141 24
142 3094 188 3150 Εἰ
206 3091 242 3152 δέ
267 3094 314 3154 δεῖ
335 3093 538 3177 μεμψάμενον
561 3089 682 3175 γνώμας
703 3087 756 3148 τὶς
777 3084 964 3158 'ffbssfflxssvffiss

85 3171 187 3238 αύτόν
220 3185 295 3262 περὶ
335 3191 399 3248 τῶν
440 3183 584 3265 ἀφανέων
623 3177 744 3261 ’γνάμην
777 3166 989 3264 ᾆπῦὶέξωδω·

73 3261 201 3333 φράσω
225 3271 314 3336 διότι
338 3303 399 3355 μοι,
424 3276 532 3339 δοκέει
551 3264 758 3348 πληθύεσθαι
780 3255 799 3314 ὃ
821 3248 1011 3307 Ram&
