2040 3464
140 114 173 160 ιο
449 114 632 162 «ατοιοτοτ
901 108 936 171 [1.

140 195 191 269 μὲν
200 192 346 253 Ἐπίστιον
355 196 470 264 καλέων,
481 194 551 253 διότι
565 193 598 269 δὴ
613 193 725 251 οἰκίοισι
737 189 939 265 ὑποδεξάμενος

138 280 189 340 τόν
205 281 293 349 ξεῖνον
312 283 400 356 φονέα
416 286 467 341 τοῦ
482 282 580 344 παιδός
597 280 729 340 ἐλάνθανε
744 278 869 353 βόσκων·
888 277 940 336 τόν·

158 367 346 444 ἐἙταιρήίὀν,
361 368 397 431 ὦς
413 370 527 444 φύλακα
543 368 714 445 συμπέμψας
729 365 813 424 αὐτόν
828 364 940 441 εῦρήκοι

92 458 129 513 45
138 456 368 536 πολεμιώτατον.)
410 462 552 533 Παρῆσαν
572 457 602 514 δὲ
621 454 692 531 μετὰ
708 458 791 513 τοῦτο
809 456 835 511 οἱ
851 452 940 512 Λυδοὶ
1003 458 1007 464 ’

140 544 271 618 φέροντες
288 543 337 603 τόν
353 542 457 620 νεκρόν·
478 544 580 603 ὄπισθε
598 544 628 602 δὲ
644 541 735 601 εἵπετό
751 545 778 600 οἱ
796 540 812 600 ό
829 540 938 616 φονεύς·

139 630 210 692 στάς
236 631 265 690 δὲ
291 629 371 693 οὗτος
396 631 451 708 πρδ
473 636 524 691 τοῦ
544 636 649 709 νεκροῦ,
672 630 818 706 παρεδίδου
840 627 940 688 ἑωυτόν

139 720 255 797 Κροίσῳ
275 721 424 795 προτείνων
446 719 497 782 τάς
519 724 621 799 χεῖρας,
643 716 868 794 ἐπικατασφάξαι
890 741 940 792 μιν

139 806 257 865 κελεύων
276 811 315 886 τῷ
334 811 426 886 νεκρῷ,
448 808 538 887 λέγων
557 806 609 882 τήν
628 832 660 865 τε
679 806 815 882 προτέρην
839 807 940 863 ἑωυτοῦ

138 894 298 972 συμφορήν,
313 896 360 952 καὶ
379 894 414 956 ὦς
430 893 472 952 ἐπ’
485 896 573 973 ἐκείνῃ
588 894 637 954 τόν
654 892 812 970 καθήραντα
829 890 938 951 άπολω-

139 983 226 1045 λεκώς
239 983 290 1058 εἴη·
308 982 372 1040 οὐδέ
381 986 408 1041 οἱ
422 982 464 1057 εἴη
477 981 627 1058 βιώσιμον.
659 985 784 1056 Κροῖσος
794 980 824 1039 δέ
835 978 939 1040 τούτων

138 1066 267 1139 ἀκούσας,
284 1070 332 1129 τόν
351 1095 383 1129 τε
397 1068 557 1145 ’Ἄδρηστον
575 1070 753 1144 κατοικτείρει
773 1068 871 1145 καίπερ
888 1068 939 1128 ἐων

139 1160 168 1214 ἐν
181 1161 254 1236 κακῷ
264 1158 357 1236 οἰκηίῳ
368 1156 501 1236 τοσούτῳ,
513 1156 559 1214 καὶ
571 1157 648 1236 λέγει
660 1154 730 1233 πρός
743 1153 835 1215 αῦτόν·
853 1156 937 1233 ’(ἔχω,

139 1242 160 1301 ὦ
176 1244 255 1314 ξεῖνε,
269 1244 345 1321 παρὰ
361 1249 413 1303 σεῦ
428 1248 525 1303 πᾶσαν
541 1244 593 1319 την
609 1244 694 1319 δίκην,
709 1243 801 1318 ἐπειδὴ
816 1245 938 1302 σεωυτοῦ

138 1332 325 1403 καταδικάζεις
346 1331 473 1392 θάνατον·
495 1333 534 1394 εἶς
557 1333 586 1391 δὲ
610 1331 642 1390 ου’
662 1332 700 1391 σύ
719 1356 769 1407 μοι
787 1331 868 1389 τοῦδε
886 1335 939 1391 τοῦ

139 1425 225 1479 κακοῦ
238 1421 332 1490 αἴτιος,
344 1424 367 1478 εἰ
379 1421 419 1496 μή
430 1420 499 1480 ὅσον
510 1419 596 1478 άέκων
610 1419 771 1499 ἐξεργάσαο,
781 1416 858 1476 ἀλλὰ
868 1419 938 1479 θεῶν

139 1506 188 1566 κού
200 1533 243 1571 τις
258 1508 289 1571 ός
303 1534 353 1585 μοι
369 1508 416 1566 καὶ
431 1508 521 1566 πάλαι
538 1507 728 1583 προεσήμαινε
743 1505 779 1565 τά
793 1507 938 1581 μέλλοντα

138 1595 279 1655 έσεσθαι.”
321 1598 447 1671 Κροῖσος
462 1596 513 1671 μέν
529 1622 577 1654 νυν
594 1596 679 1671 ἔθαψε
697 1593 733 1656 ὦς
749 1593 823 1656 οἶκός
840 1592 876 1667 ἦν
887 1593 938 1654 τόν

139 1686 238 1741 ἑωυτοῦ
253 1684 345 1742 παῖδα.
384 1681 543 1758 ’Ἄδρηστος
559 1683 588 1740 δὲ
607 1682 622 1742 ό
639 1682 757 1758 Γορδίεω
770 1686 820 1740 τοῦ
833 1682 936 1752 Μίδεω,

139 1768 218 1832 οὗτος
229 1769 262 1845 δὴ
274 1770 290 1829 ὁ
301 1769 401 1846 φονεῦς
413 1773 464 1846 μὲν
473 1773 523 1828 τοῦ
534 1774 633 1829 ἑωυτοῦ
642 1769 782 1844 άδελφεοῦ
791 1768 938 1850 γενόμενος

139 1857 239 1923 φονεύς
259 1858 288 1915 δὲ
307 1862 357 1916 τοῦ
378 1856 555 1935 καθῄραντος.
572 1858 635 1916 ἐπεί
651 1883 682 1917 τε
698 1857 803 1936 ἡσυχίη
820 1861 875 1916 τῶν
891 1856 938 1918 άν-

139 1943 253 2020 θράπων
267 1947 374 2025 ἐγένετο
390 1947 454 2020 περὶ
468 1945 501 2004 τό
518 1949 606 2019 σῆμα,
621 1944 879 2025 συγγινωσκόμενος
891 1944 936 2006 άν-

139 2031 253 2108 θρώπων
274 2033 415 2092 εἶναιτῶν
436 2031 518 2095 αύτός
536 2031 610 2108 ἤειδε
630 2031 935 2109 βαρυσυμφορώτατος,

139 2119 238 2178 ἑωυτόν
256 2119 475 2196 ἐπικατασφάζει
491 2125 529 2198 τῷ
546 2120 654 2199 τύμβῳ.
697 2123 821 2196 Κροῖσος
840 2120 870 2179 δὲ
891 2114 937 2180 ἐπὶ

138 2206 187 2265 δύο
210 2207 272 2266 ἔτεα
298 2213 326 2266 ἐν
352 2208 446 2267 πένθεϊ
471 2206 585 2288 μεγάλῳ
609 2209 743 2283 καθῆστο,
767 2213 817 2266 τοῦ
839 2209 937 2273 παιδός

138 2296 327 2371 ἐστερημένος·
353 2295 424 2371 μετὰ
444 2295 481 2364 δέ,
497 2295 517 2370 ἦ
536 2294 696 2376 Ἀστυάγεω
715 2299 765 2354 τοῦ
786 2295 937 2374 Κυαξάρεω

137 2381 271 2463 ἡγεμονίη
290 2384 484 2460 καταιρεθεῖσα
503 2382 558 2442 ῦπό
577 2383 672 2460 Κύρου
691 2386 741 2442 τοῦ
762 2382 935 2458 Καμβύσεω,

140 2472 184 2528 καὶ
196 2470 232 2529 τά
247 2475 301 2530 τῶν
315 2472 448 2547 Περσέων
461 2469 613 2551 πρήγματα
628 2469 808 2546 αὐξανόμενα,
822 2471 937 2536 πένθεος

137 2561 188 2634 μὲν
205 2562 331 2633 Κροῖσον
349 2557 504 2617 ἀπέπαυσε·
526 2559 645 2635 ἐνέβησε
663 2559 692 2617 δὲ
711 2563 738 2621 ἐς
756 2558 898 2634 φροντιδα,
912 2561 939 2619 εἴ

138 2672 191 2708 κως
208 2645 326 2715 δύναιτο,
342 2646 408 2723 πρὶν
425 2646 565 2725 μεγάλους
581 2647 713 2726 γενέσθαι
730 2645 794 2708 τοῦς
812 2646 936 2723 Πέρσας,

139 2735 310 2809 καταλαβεῖν
323 2733 412 2793 αὐτῶν
425 2731 611 2810 αὐξανομένην
623 2733 674 2808 τήν
687 2732 811 2809 δύναμιν.

90 2824 128 2881 46
179 2821 260 2880 Μετοὶ
279 2820 315 2880 ὧν
332 2819 384 2896 την
397 2820 518 2881 διάνοιαν
533 2821 635 2897 ταύτην
652 2821 750 2880 αὐτίκα
768 2819 937 2897 ἀπεπειρᾶτο

137 2913 192 2969 τῶν
204 2909 350 2985 μαντηίων,
363 2913 418 2967 τῶν
430 2933 462 2966 τε
478 2913 506 2968 ἐν
519 2908 646 2984 Ἕλλησι
660 2909 706 2966 καὶ
720 2912 771 2967 τοῦ
788 2913 816 2967 ἐν
831 2908 936 2987 Λιβύη,

138 2995 296 3074 διαπέμψας
311 2995 415 3058 ἅλλους
431 2994 515 3074 άλλη,
529 2996 593 3059 τοῦς
607 3000 658 3073 μὲν
674 3002 702 3059 ἐς
720 2994 852 3072 Δελφούς
868 2997 937 3056 ἰέναι

137 3083 202 3145 τοῦς
215 3083 245 3142 δὲ
258 3082 387 3159 ἐςἊβας
399 3082 449 3145 τάς
461 3085 575 3144 Φωκέων
587 3085 652 3148 τοῦς
665 3085 694 3143 δέ
708 3089 735 3147 ἐς
748 3083 892 3159 Δωδώνην·
910 3085 937 3144 οἶ

122 3168 163 3224 δι’
172 3195 248 3232 τινες
266 3171 429 3248 ἐπέμποντο
450 3171 529 3251 παρά
547 3197 580 3233 τε
596 3170 776 3250 Ἀμφιάρεων
798 3171 845 3229 καὶ
861 3170 938 3247 παρὰ

107 3256 135 3304 Τ
126 3253 287 3328 βσφῶνιον,
302 3263 334 3320 οἱ
344 3260 375 3321 δέ
388 3265 443 3338 τῆς
453 3263 610 3341 Μιλησίης
621 3267 649 3327 ἐς
660 3259 838 3338 Βραγγηδας-
867 3261 954 3312 ταῦτα
