2040 3464
125 115 175 161 τοι
433 111 615 158 ·ιιιοΔοτου
864 105 926 170 [ιν.

126 193 162 268 τῇ
175 187 297 266 Εὐρώπῃ
310 187 459 247 ποιεύντων
472 188 547 263 ἴσην·
562 192 591 246 ἑν
604 186 729 268 ὀλίγοισι
741 185 798 265 γάρ
813 184 868 266 ε’γιδ
883 185 928 260 δη-

125 275 209 334 λώσω
228 274 353 356 μέγαθός
367 301 399 334 τε
415 272 534 350 ἑκάστης
555 273 664 343 αὐτέων,
679 273 726 332 καὶ
744 273 789 348 οἴη
809 274 853 335 τίς
867 278 927 332 ἐστι

126 368 154 426 ἐς
166 361 281 443 γραφήν
294 361 407 438 ἑκάστη.

78 452 116 512 37
166 451 278 526 Πέρσαι
298 451 421 509 οἰκέουσι
442 448 607 525 κατήκοντες
627 448 673 507 ε’πὶ
692 446 744 523 τήν
762 446 859 522 νοτίην
881 448 929 507 θά-

126 541 249 606 λασσαν,
265 535 317 612 τήν
334 536 472 614 Ἐρυθρὴν
490 536 670 613 καλεομένην·
690 534 796 595 τούτων
810 535 833 592 δ’
847 534 929 611 ὕπερ-

127 624 250 684 οικέουσι
266 624 336 702 πρός
352 626 445 702 βορέω
460 624 562 701 οἷνέμου
576 623 679 699 Μῆδοι,
698 623 805 698 Μήδων
823 621 854 700 δὲ
875 621 929 687 Σοί·

126 738 247 789 σπειρες,
264 713 430 790 Σασπείρων
445 713 475 771 δὲ
490 711 613 790 Κόλχοι,
628 710 794 786 κατήκοντες
812 710 860 769 ε’πὶ
877 709 930 784 τήν

127 801 248 877 βορηίην
268 800 420 860 θάλασσαν
441 805 468 863 ές
487 800 539 875 τήν
558 797 649 862 Φάσις
668 798 796 874 ποταμός
817 797 929 856 ἐκδιδοῖ·

126 894 213 947 ταῖτα
226 889 350 964 τέσσερα
368 889 447 948 ἑθνεα
461 889 544 947 οἰκέει
558 893 588 946 ἐκ
602 885 752 962 θαλάσσης
771 891 798 949 ἐς
820 887 929 945 θάλασ·

80 977 118 1034 38
128 1003 191 1035 σον.
225 974 370 1036 Ἐνθεῦτεν
384 976 421 1046 δὲ,
432 975 465 1036 τό
479 975 550 1053 πρός
564 975 691 1052 ἑσπέρης,
701 973 783 1034 ἀκταὶ
796 974 930 1050 διφάσιαι

128 1063 175 1122 ἀπ’
194 1063 278 1139 αὐτῆς
299 1063 491 1124 κατατείνουσι
505 1069 533 1127 ἐς
551 1063 711 1132 θάλασσαν,
725 1061 777 1125 τοὶς
790 1061 845 1144 ε’γῶ
860 1062 930 1137 ἀτη·

127 1151 263 1232 γήσομαι·
285 1152 361 1211 ἔνθεν
373 1153 424 1228 μὲν
437 1151 456 1226 ἦ
476 1149 545 1226 ἀκτή
559 1151 577 1226 ή
592 1151 670 1228 ἑτέρη
683 1150 720 1210 τά
735 1149 806 1227 πρός
827 1152 929 1226 βορῆν,

128 1239 184 1298 ἀπό
212 1239 318 1301 Φάσιος
338 1239 487 1316 ἄρξαμένη,
511 1239 700 1316 παρατέταται
724 1243 751 1300 ές
775 1237 930 1298 θάλασσαν

128 1327 204 1405 παρά
224 1353 255 1386 τε
274 1326 323 1387 τόν
342 1326 453 1386 Πόντον
471 1326 517 1385 καὶ
536 1327 586 1386 τόν
606 1325 826 1402 Ἑλλήσποντον
846 1327 930 1404 μέχρι

130 1417 241 1496 Σιγείου
253 1420 303 1474 τοῦ
316 1419 449 1492 Τρωϊκοῦ·
469 1414 505 1475 τοὶ
519 1415 549 1474 δὲ
561 1413 632 1492 πρός
644 1413 761 1489 νότου,ή
775 1413 846 1490 αὐτή
858 1415 930 1490 ἀὕτη

130 1502 199 1579 ἀκτὴ
217 1503 272 1563 α’πδ
290 1507 339 1562 τοῦ
356 1503 563 1580 Μυριανδρικοΰ
582 1503 698 1572 κόλπου,
711 1506 762 1562 τοῦ
781 1502 854 1579 πρός
866 1510 931 1561 Φοι-

129 1593 190 1670 νίκῃ
204 1592 336 1668 κειμένου,
351 1592 433 1651 τείνει
445 1591 481 1651 τοὶ
495 1597 522 1654 ἐς
535 1591 687 1651 θάλασσαν
698 1590 783 1670 μέχρι
796 1591 931 1666 Τριοπίου

129 1677 223 1755 ἄκρης·
245 1680 326 1738 οἰκέει
345 1678 367 1738 δ’
383 1684 411 1739 ἐν
428 1706 463 1759 τη
480 1678 551 1758 αἷκτῇ
570 1679 657 1758 ταύτῃ
678 1679 758 1738 ἔθνεα
778 1677 931 1757 ἀνθρώπων

129 1768 285 1844 τριήκοντα.

83 1856 120 1914 39
171 1855 247 1931 Αὕτη
267 1856 319 1932 μέν
332 1881 380 1916 νυν
393 1856 411 1931 ή
426 1857 504 1933 ἑτέρη
517 1860 571 1916 τῶν
585 1855 697 1915 άκτέων·
718 1855 736 1930 ἦ
751 1855 780 1914 δὲ
794 1854 828 1930 δή
843 1856 930 1932 ἑτέρη,

131 1942 187 2002 άπὸ
209 1945 343 2018 Περσέων
362 1944 511 2021 ἀρξαμένη,
531 1945 720 2021 παρατέταται
736 1943 835 2018 ε’ςτὴν
851 1941 931 2020 'Epu-

133 2030 202 2108 θρήν
224 2032 382 2102 θάλασσαν,
404 2032 423 2108 ή
444 2059 475 2092 τε
496 2032 625 2109 Περσική
647 2032 693 2090 καὶ
712 2031 731 2107 ἦ
752 2030 809 2090 άπδ
829 2031 932 2108 ταύτης

133 2120 295 2195 ἐκδεκομένη
310 2119 450 2196 Ἀσσυρίη
467 2122 513 2179 καὶ
527 2119 582 2179 άπό
595 2120 752 2196 Ἀσσυρίης
764 2118 783 2194 ἦ
797 2118 931 2196 Ἀραβίη·

133 2207 215 2288 λήγει
236 2207 265 2265 δὲ
281 2206 349 2283 αὕτη
366 2208 410 2287 (οὗ
423 2208 554 2287 λήγουσα
568 2213 592 2267 εἰ
604 2209 645 2285 μή
659 2208 746 2286 νόμῳ)
762 2213 789 2269 ἑς
802 2207 932 2267 τδνκόλ·

131 2322 186 2355 πον
209 2295 258 2355 τόν
280 2295 424 2372 Ἀράβιον,
446 2303 473 2359 ἐς
493 2296 542 2356 τόν
565 2301 683 2374 Δαρεῖος
703 2301 733 2354 ἑκ
753 2298 805 2354 τοῦ
824 2296 932 2354 Νείλου

132 2385 253 2463 διώρυχα
277 2385 410 2466 ἐσήγαγε.
445 2384 541 2466 (μέχρι
566 2384 619 2461 μέν
645 2411 693 2446 νυν
718 2384 849 2459 Φοινίκης
876 2383 931 2442 α’πό

133 2475 274 2550 Περσέων,
288 2477 378 2551 χῶρος
396 2473 503 2536 πλατδς
517 2474 563 2532 καὶ
576 2472 685 2535 πολλός
699 2477 770 2531 ἑστι·
790 2472 824 2531 τὰ
839 2470 863 2530 δ’
876 2470 932 2531 οἷπό

134 2563 263 2636 Φοινίκης
282 2562 401 2639 παρήκει
419 2561 464 2620 διαὶ
484 2554 572 2636 τῆσδε
586 2566 637 2637 τῆς
654 2559 805 2636 θαλάσσης
820 2560 839 2636 ή
861 2560 933 2638 άκιή

135 2649 204 2724 αὕτη
223 2651 300 2726 παρά
317 2676 348 2709 τε
369 2650 471 2726 Συρίην
488 2649 539 2725 τήν
553 2649 749 2724 Παλαιστίνην
763 2649 810 2708 καὶ
826 2649 934 2730 Αἴγυπ·

131 2762 187 2806 τον,
205 2742 232 2800 ές
249 2739 301 2814 τήν
318 2738 456 2817 τελευτᾷ)
479 2742 508 2797 έν
522 2742 558 2816 τῇ
576 2737 654 2797 ἔθνεά
673 2741 737 2798 ἑστι
754 2737 820 2814 τρία
832 2742 934 2813 μοῦνα·

131 2831 219 2885 ταῦτα
232 2825 346 2902 μένάπδ
362 2825 496 2903 Περσέων
504 2825 540 2885 τά
553 2825 624 2902 πρός
638 2825 759 2902 ἑσπέρης
770 2830 822 2900 τῆς
833 2824 935 2902 Ἀσίης

84 2915 123 2973 40
134 2914 233 2993 ἔχοντά
246 2920 316 2974 ἐστι.
347 2915 390 2974 Τοὶ
403 2916 433 2973 δὲ
443 2914 596 2992 κατύπερθε
607 2913 749 2990 Περσέων,
761 2915 808 2972 καὶ
818 2913 933 2989 Μήδων,

133 3004 179 3060 καὶ
192 3004 364 3081 Σασπείρων,
374 3004 419 3061 καὶ
427 3003 557 3082 Κόλχων,
565 3002 601 3062 τοὶ
614 3001 683 3078 πρός
690 3001 732 3076 ήῶ
741 3027 773 3060 τε
783 3001 830 3061 καὶ
837 3002 936 3079 ἠέλιον

128 3088 330 3163 α’νατέλλοντα,
340 3092 416 3150 ἑνθεν
430 3091 507 3168 μὲνή
521 3089 641 3167 Ἐρυθρὴ
654 3088 773 3166 παρήκει
786 3088 936 3151 θάλασσα·

118 3179 194 3256 πρός
203 3182 305 3262 βορέω
319 3183 352 3244 δὲ
365 3180 383 3261 ή
397 3179 523 3257 Κασπίη
537 3203 569 3238 τε
582 3175 937 3250 θάλασσα,κεὲιὲ’Κςάξης

107 3271 258 3352 ποταμός,
273 3273 351 3355 ῥέων
366 3273 443 3354 πρὸς
456 3269 559 3349 ἠέλιον
573 3265 745 3342 ἀνίσχοντα,
773 3258 963 3334 ηἐγωκδετῖχς
