2040 3464
139 113 188 160 τις
444 113 626 160 Ἡνοιοτου
871 108 939 172 [ΙΠ.

140 191 245 266 ἔβενον,
267 189 314 249 καὶ
335 188 435 267 ἄνδρας
454 190 605 270 μεγίστους
626 189 673 248 καὶ
694 188 867 253 καλλίστους
893 189 941 248 καὶ

139 276 392 355 μακροβιωτάτους.

94 365 152 425 115
192 362 282 423 Αὗται
294 365 346 440 μέν
359 390 407 424 νυν
423 365 452 423 ἔν
466 390 498 424 τε
515 368 551 441 τῇ
569 363 655 442 Ἀσίη
671 364 803 442 εὀγατιαί
819 366 876 424 εἰσι
894 365 942 423 καὶ

141 457 171 513 ἐν
184 456 220 529 τῇ
233 452 339 529 Λιβίῃ.
379 454 444 529 περὶ
457 452 487 511 δὲ
503 457 559 512 τῶν
573 457 602 512 ἐν
614 457 650 530 τῇ
668 450 789 530 Εὗροίπη
802 455 857 512 τῶν
869 452 942 529 πρός

141 542 262 616 ἑσπέρην
282 541 434 618 ἐσχατιέων
455 541 508 619 ἔχω
527 542 580 616 μὲν
600 539 650 598 οόκ
676 538 810 615 ἀτρεκέως
836 540 942 620 λέγειν·

141 627 204 687 οὔτε
216 629 271 709 γοίρ
288 629 373 709 ἔγωγε
391 627 535 704 ἐνδέκομαι
546 626 695 704 Ἠριδανόν
707 652 769 686 τινα
788 627 942 687 καλέεσθαι

141 716 213 794 πρός
238 716 394 792 βαρβάρων
420 714 557 792 ποταμόν,
579 713 720 774 ἐκδιδόντα
740 719 768 777 ἐς
788 712 942 775 θάλασσαν

142 804 195 879 τήν
212 803 282 880 πρός
299 805 392 880 βορῆν
410 800 519 879 ἄνεμον,
533 801 580 861 οἵτ’
596 801 658 862 ὅτευ
678 801 711 861 τό
724 799 862 878 ἤλεκτρον
878 808 942 878 φοι-

142 897 195 951 τᾶν
221 891 307 971 λόγος
332 891 403 960 ἐστὶ,
428 889 492 950 οὔτε
515 890 618 966 νήσους
644 889 706 948 οἶδα
732 891 942 966 Κασσιτερίδας

143 977 250 1048 ἐούσας,
265 983 295 1037 ἐκ
307 982 363 1038 τῶν
376 978 392 1038 ὁ
408 979 575 1055 κασσίτερος
589 977 657 1054 ἡμῖν
671 982 767 1056 φοιτᾷ·
794 982 877 1038 τοῦτο
890 980 942 1055 μὲν

142 1065 206 1146 γάρ,
220 1066 236 1126 ὁ
249 1065 397 1141 Ἠριδανός
410 1065 477 1126 αὐτό
492 1068 653 1147 κατηγορέει
665 1065 698 1124 τό
712 1063 818 1142 οὕνομα
832 1065 868 1128 οἷς
881 1069 942 1125 ἔστι

143 1154 310 1230 Ἑλληνικόν
324 1154 371 1212 καὶ
384 1152 416 1213 οὖ
435 1153 594 1231 βάρβαρον,
609 1152 663 1212 find
682 1155 801 1228 ποιητέω
820 1153 852 1212 δέ
867 1180 942 1216 τινος

144 1243 268 1318 ποιηθέν·
291 1245 375 1301 τοῦτο
393 1242 431 1312 δέ,
450 1241 559 1304 οὐδενός
577 1240 719 1300 αὐτόπτεω
738 1243 896 1321 γενομένου,
909 1240 942 1301 ου’

144 1330 261 1406 δύναμαι
288 1329 415 1398 α’κοῦσαι,
441 1333 525 1388 τοῦτο
550 1333 683 1405 μελετῶν,
710 1327 780 1391 όκως
805 1328 942 1389 θάλασσά

144 1418 257 1477 ἐστιτὰ
276 1418 400 1476 ἐπέκεινα
415 1421 465 1492 τῆς
483 1416 628 1493 Εὐρώπης·
650 1417 681 1484 ἐξ
696 1414 818 1494 ἐσχάτης
835 1415 859 1475 δ’
876 1416 942 1477 ὧνό

98 1507 154 1565 116
164 1531 195 1564 τε
208 1506 373 1581 κασσίτερος
386 1505 454 1580 ἡμῖν
470 1508 556 1582 φοιτᾷ
570 1505 615 1561 καὶ
630 1504 663 1563 τό
678 1502 821 1581 ἤλεκτρον.
864 1505 942 1582 Πρός

144 1593 174 1652 δὲ
192 1591 293 1670 ἄρκτου
313 1597 363 1666 τῆς
381 1591 517 1668 Εὐρώπης
534 1595 633 1670 πολλῷ
649 1617 676 1650 τι
689 1595 825 1654 πλεῖστος
837 1593 942 1670 χρυσός

144 1681 272 1755 φαίνεται
300 1679 359 1738 ἐάν·
388 1679 457 1743 ὅκως
480 1682 532 1755 μὲν
553 1679 706 1759 γινόμενος,
734 1679 784 1737 οὐκ
805 1680 859 1757 ἐχω
881 1680 944 1740 οὐδὲ

143 1773 226 1827 τοῦτο
239 1767 372 1844 οἷτρεκέως
386 1767 470 1827 εἶπαι·
491 1769 603 1848 λέγεται
617 1768 646 1826 δὲ
659 1767 704 1826 ὑπ’
719 1772 747 1825 ἐκ
764 1771 818 1826 τῶν
830 1773 943 1848 γρυπῶν

145 1855 276 1932 ἁρπάζειν
288 1855 489 1932 Ἀριμασπούς,
505 1854 605 1931 ἄνδρας
617 1853 864 1931 μουνοφθάλμους·
885 1857 944 1914 πεί-

145 1944 230 2018 θομαι
257 1943 287 2000 δὲ
313 1943 375 2001 αι’-δὲ
398 1948 490 2015 τοῦτο,
516 1943 585 2005 ὅκως
607 1943 825 2019 μουνόφθαλμοι
848 1941 944 2020 ἄνδρες

66 2022 71 2029 ’
145 2029 271 2105 φύονται,
298 2031 386 2105 φύσιν
413 2033 522 2110 ἔχοντες
548 2032 600 2105 την
627 2029 720 2105 ἅλλην
746 2029 845 2106 ὁμοίην
867 2037 944 2091 τοῖσι

144 2117 262 2177 ἄλλοισι
288 2117 471 2195 ἀνθρώποισι.
512 2122 541 2177 αἱ
562 2119 597 2193 δη
623 2116 660 2176 ὧν
684 2118 813 2195 ἐσχατιαὶ
841 2119 943 2190 οἴκασι,

144 2206 357 2282 περικληίουσαι
382 2207 434 2280 τήν
461 2206 553 2282 άλλην
580 2206 673 2285 χώρην
695 2208 741 2264 καὶ
762 2205 839 2269 ἐντός
860 2206 944 2284 άτέρ·

144 2320 254 2374 γουσαι,
268 2294 304 2353 τοὶ
324 2294 467 2354 κάλλιστα
487 2294 617 2354 δοκέοντα
633 2294 700 2370 ἡμῖν
721 2292 853 2352 εἶναικαὶ
871 2321 945 2355 στα·

145 2381 263 2441 νιάτατα
280 2385 352 2461 ἔχειν
365 2380 455 2441 αὗται.

102 2471 155 2530 117
193 2469 278 2529 Ἔστι
305 2471 334 2529 δὲ
360 2471 455 2529 πεδίον
483 2474 511 2529 ἐν
534 2475 570 2549 τῇ
592 2469 676 2546 Ἀσίη
700 2469 945 2546 περικεκληιμένον

145 2556 220 2635 οὔρεϊ
233 2558 379 2627 πάντοθεν,
394 2558 550 2639 διασφάγες
570 2558 599 2616 δὲ
612 2561 662 2616 τοῦ
676 2556 770 2634 οὔρεός
784 2561 840 2617 εἶσι
851 2558 945 2617 πέντε·

145 2650 228 2707 τοῦτο
241 2647 273 2706 τό
287 2647 381 2705 πεδίον
401 2644 436 2720 ἦν
451 2647 502 2722 μέν
520 2671 583 2704 κοτε
600 2646 778 2722 Χορασμίων,
794 2650 822 2704 ἐν
836 2644 946 2723 οὔροισι

146 2733 191 2793 ἐόν
213 2739 267 2793 τῶν
294 2734 465 2810 Χορασμίων
486 2759 516 2792 τε
538 2733 626 2792 αὐτῶν
650 2735 696 2790 καὶ
716 2733 876 2809 Ὑρκανίων,
899 2736 946 2792 καὶ

148 2821 276 2898 Πάρθων,
298 2824 343 2879 καὶ
365 2822 539 2902 Σαραγγέων,
561 2823 607 2880 καὶ
627 2822 803 2896 Θαμαναίων·
834 2821 898 2880 ἐπεί
915 2846 946 2881 τε

145 2909 175 2967 δὲ
197 2911 309 2986 Πέρσαι
333 2912 430 2988 έχουσι
452 2909 485 2968 τό
508 2909 616 2986 κράτος,
641 2911 702 2968 ἔστι
723 2913 773 2967 τοῦ
795 2909 946 2984 βασιλέος.

146 3002 176 3056 ἐκ
196 2997 229 3073 δη
251 2998 287 3057 ὧν
304 3003 354 3057 τοῦ
371 2997 581 3074 περικληίοντος
596 2995 690 3073 οὔρεος
706 2996 807 3056 τούτου
822 2997 880 3074 ῥέει
895 3023 935 3057 το

141 3085 231 3163 ταμδς
242 3085 342 3169 μέγας,
362 3083 466 3163 οὕνομα
486 3086 517 3144 δέ
536 3088 563 3143 οἱ
584 3087 645 3145 ἐστὶ
660 3082 758 3160 Ἀκης·
779 3082 860 3150 οὗτος
879 3085 946 3163 πρό-

53 3212 67 3259 4
128 3199 216 3252 τερον
236 3178 297 3254 μὲν
319 3174 454 3256 ἄρδεσκε,
478 3173 701 3251 διαλελαμμένος
720 3177 871 3251 πενταχοῦ,
890 3177 947 3237 τᾶν

117 3265 288 3343 εἰρημένων
296 3266 409 3330 τούτων
419 3265 476 3331 τὰς
488 3261 652 3348 χώρας,διεὶ
658 3257 967 3332 διασφὰγοςδηδυευυκ
