2040 3464
95 109 237 174 118-—12⁰]
439 112 551 158 ΚΛΕῙΩ.
863 113 893 158 61

91 189 181 266 μέλεα
198 187 304 260 διελών,
317 189 353 248 τά
368 192 420 266 μὲν
437 187 550 264 ὤπτησε
566 188 602 247 τά
619 189 649 246 δὲ
665 189 755 265 ἔψησε
767 191 823 247 τῶν
835 213 895 264 κρε-

92 281 139 336 ῶν·
161 276 277 336 εὕτυκτα
293 278 322 337 δὲ
338 276 528 353 ποιησάμενος
545 277 604 354 εἶχε
621 280 727 352 ἑτοῖμα·
742 277 845 335 ἐπείτε
858 276 897 347 δὲ,

90 369 142 440 τῆς
155 364 226 442 ὥρης
238 366 384 446 γινομένης
397 370 446 423 τοῦ
461 366 580 435 δείπνου,
590 370 723 441 παρῆσαν
734 365 801 424 οἵτε
812 363 898 424 ἄλλοι

91 452 253 530 δαιτυμόνες
274 455 320 511 καὶ
341 453 526 533 ὁἉρπαγος,
547 457 623 511 τοῖσι
642 456 694 528 μὲν
714 452 831 511 ἄλλοισι
851 453 898 512 καὶ

91 539 166 618 αὐτῷ
181 540 332 620 Ἀστυάγεϊ
348 542 530 617 παρετιθέατο
547 539 680 616 τράπεζαι
698 541 828 598 ἐπιπλέοι
843 567 896 616 μη-

91 629 175 687 ,λείων
185 633 279 704 κρεῶν,
287 629 420 708 Ἁρπάγῳ
434 628 463 687 δὲ
476 633 525 686 τοῦ
535 628 634 690 παιδδς
646 633 696 686 τοῦ
711 631 811 687 ἑωυτοῦ
822 629 898 703 πλῆν

92 720 221 791 κεφαλῆς
236 743 268 775 τε
285 718 331 774 καὶ
348 715 437 793 ἄκρων
449 721 550 794 χειρῶν
562 742 593 775 τε
607 717 653 774 καὶ
666 717 759 775 ποδῶν
771 716 807 775 τά
821 715 899 775 ἅλλα

92 803 194 862 πάντα·
214 809 303 863 ταῦτα
323 804 352 862 δὲ
370 805 454 883 χωρὶς
472 806 559 862 ἔκειτο
580 805 625 862 ἐπὶ
644 806 729 882 κανέτρ
749 814 897 862 κἀτακεκα-

92 893 231 969 λυμμένα·
253 891 289 954 ώς
310 892 339 951 δὲ
357 897 395 971 τῷ
412 891 544 971 Ἁρπάγῳ
565 892 655 950 ἐδόκεε
676 892 739 954 άλις
758 894 830 970 ἔχειν
847 897 898 967 τῆς

92 981 193 1056 βορῆς,
206 978 366 1061 Ἀστυάγης
380 979 467 1057 εἴρετό
484 1005 532 1054 μιν
550 984 573 1038 εἰ
589 980 690 1055 ῆσθείη
707 1006 735 1039 τι
750 985 786 1058 τῇ
802 981 899 1058 θοίνης

94 1068 222 1143 φαμένου
235 1067 265 1126 δὲ
277 1066 421 1147 Ἁρπάγου
435 1069 481 1124 καὶ
494 1066 582 1142 κάρτα
595 1067 718 1141 ἡσθῆναι
731 1069 900 1144 παρέφερον,

92 1159 170 1215 τοῖσι
183 1155 357 1232 προσέκειτο,
370 1155 422 1231 τῆν
436 1154 564 1228 κεφαλῆν
576 1161 626 1214 τοῦ
640 1156 737 1217 παιδός
751 1181 900 1214 κατακεκα-

93 1244 239 1320 λυμμένην
256 1243 302 1302 καὶ
320 1242 371 1305 τάς
385 1247 482 1320 χεῖρας
500 1245 546 1301 καὶ
564 1243 629 1305 τούς
644 1244 739 1313 πόδας,
751 1242 900 1323 Ἁρπαγον

93 1331 125 1390 δὲ
142 1333 270 1390 ἐκέλευον
285 1331 458 1408 προστάντες
476 1329 684 1390 ἀποκαλύπτειν
696 1357 726 1389 τε
740 1333 785 1389 καὶ
798 1333 901 1406 λαβεῖν

61 1487 67 1498 ‚
94 1417 127 1478 τδ
147 1419 284 1495 βούλεται
304 1419 403 1478 αὐτῶν·
425 1417 589 1494 πειθόμενος
610 1419 639 1477 δὲ
657 1418 672 1478 ὁ
688 1418 834 1499 ’Ἁρπαγος
854 1420 901 1477 καὶ

94 1506 301 1567 οἶποκαλύπτων
316 1507 370 1586 ὁρᾷ
387 1511 437 1566 τοῦ
454 1506 552 1568 παιδός
568 1505 604 1564 τά
622 1506 854 1583 λείμματα,,ἶδών
872 1507 900 1567 δὲ

95 1593 159 1653 οὔτε
182 1594 324 1676 ἐξεπλάγη
346 1594 422 1657 ε’ντός
443 1620 474 1653 τε
496 1597 596 1652 ἑωυτοῦ
617 1595 731 1675 γίνεται·
762 1595 849 1673 εἴρετο
872 1595 901 1653 δὲ

94 1681 179 1742 αὐτόν
200 1683 216 1742 ὁ
236 1681 403 1764 Ἀστυάγης,
429 1687 453 1741 εἰ
474 1682 609 1762 γινώσκοι
632 1681 694 1741 ὅτευ
717 1683 813 1759 θηρίου
835 1684 902 1759 κρέα

94 1770 257 1847 βεβρώκοι;
277 1770 293 1830 ὁ
307 1771 337 1830 δὲ
350 1772 396 1830 καὶ
408 1770 556 1850 γινώσκειν
570 1773 624 1846 ἔφη
639 1772 684 1829 καὶ
698 1771 818 1848 άρεστδν
832 1773 901 1832 εἶναι

95 1863 153 1918 πᾶν
165 1859 197 1918 τδ
211 1858 245 1918 ἂν
257 1859 397 1935 βασιλεῦς
410 1860 486 1937 ἕρδη.
523 1859 649 1919 τούτοισι
662 1860 692 1918 δὲ
706 1860 901 1938 ἀμειψάμενος,

96 1947 143 2004 καὶ
159 1946 313 2023 α’ναλαβών
327 1947 364 2006 τά
380 1948 468 2006 λοιποὶ
482 1951 537 2006 τῶν
553 1952 647 2023 κρεῶν,
661 1947 704 2021 ἤϊε
722 1955 748 2010 ἐς
764 1949 800 2008 πά
818 1950 900 2008 οἰκία·

97 2036 222 2095 ἐνθεῦτεν
235 2036 265 2095 δὲ
279 2036 389 2112 ἔμελλε,
403 2035 439 2098 οἷς
453 2035 506 2116 ἐγώ
520 2036 612 2106 δοκέω,
627 2035 731 2098 ἁλίσας
751 2036 851 2114 θάψειν
865 2037 902 2097 τά

96 2122 197 2182 πάντα.

136 2210 270 2292 Ἁρπάγῳ
289 2214 341 2288 μὲν
357 2211 516 2292 Ἁστυάγης
535 2212 613 2286 δίκην
630 2211 735 2287 ταύτην
752 2214 878 2289 ε’πέθηκε.
891 2214 948 2272 190

97 2298 194 2375 Κόρου
215 2301 245 2358 δὲ
265 2302 330 2377 πέρι
350 2300 502 2376 βουλεύων,
526 2299 623 2358 ε’κάλεε
643 2300 708 2362 τους
730 2300 829 2363 αὐτοδς
848 2306 904 2360 τῶν

96 2386 195 2468 μάγων
212 2388 239 2447 οἳ
254 2388 286 2447 τό
305 2387 430 2447 ἐνύπνιόν
446 2391 473 2446 οἱ
489 2386 575 2464 ταύτῃ
590 2388 704 2463 ἔκριναν,
719 2387 903 2464 α’πικομένους

97 2475 128 2533 δὲ
142 2476 229 2551 εἴρετο
243 2475 258 2535 ὁ
272 2476 478 2557 Ἁστυάγηςτῇ
493 2474 601 2551 ἔκρινάν
614 2479 641 2533 οἱ
657 2475 709 2550 τῆν
726 2475 808 2553 ὅψιν;
831 2479 857 2534 οἱ
873 2477 903 2534 δὲ

98 2563 170 2621 κατοὶ
182 2562 269 2622 ταύτά
283 2564 371 2634 εἶπαν,
385 2564 515 2643 λέγοντες
532 2562 567 2624 ώς
583 2565 759 2638 βασιλεῦσαι
770 2568 843 2640 χρῆν
855 2562 905 2622 τδν

97 2651 185 2709 παῖδα
207 2656 231 2710 εἰ
254 2653 375 2722 ἐπέζωσε
397 2653 443 2708 καὶ
463 2649 504 2726 μῆ
527 2649 647 2710 ἀπέθανε
668 2651 813 2727 πρότερον·
836 2650 852 2710 ό
875 2652 904 2711 δέ

99 2737 168 2815 άμεί
191 2765 249 2798 εται
263 2740 361 2800 αὐτούς
375 2740 480 2798 τοῖσδε·
495 2749 512 2772 “
521 2741 582 2797 ἔστι
594 2766 625 2798 τε
641 2739 736 2801 ὀπαῖς
754 2739 812 2819 [καὶ
828 2741 904 2816 περί-

99 2826 173 2908 εστι]
188 2829 236 2886 καί
245 2854 294 2904 μιν
308 2827 349 2886 ἐπ’
363 2827 450 2908 α’γροῦ
470 2826 648 2903 διαιτώμενον
662 2831 688 2885 οἱ
702 2832 731 2884 ἐκ
744 2832 794 2902 τῆς
811 2827 904 2903 κώμης

99 2918 196 2978 παῖδες
213 2915 369 2991 ἐστήσαντο
386 2917 523 2991 βασιλέα·
540 2915 556 2974 ό
573 2916 602 2973 δὲ
617 2914 717 2984 πάντα,
735 2915 791 2974 ὅσα
806 2942 859 2992 περ
878 2920 905 2977 οἶ

99 3002 202 3079 α’ληθέῖ
218 3003 295 3084 λόγῳ
313 3005 458 3079 βασιλέες,
478 3004 613 3061 ἐτελέωσε
630 3002 761 3077 ποιήσας·
783 3005 830 3062 καὶ
847 3003 903 3084 γάρ

101 3091 274 3168 δορυφόρους
288 3093 333 3150 καὶ
347 3091 485 3170 θυρωροδς
499 3091 545 3149 καὶ
561 3089 795 3172 άγγελιηφόρους,
809 3094 855 3151 καὶ
868 3092 906 3151 τά

100 3180 187 3237 λοιπά
201 3178 292 3238 πάντα
305 3179 437 3251 διατάξας
452 3180 520 3262 εἶχε·
539 3180 586 3241 καὶ
597 3185 647 3242 νῆν
669 3185 698 3242 ἐς
708 3180 741 3238 τί
751 3178 820 3256 δμῖν
833 3183 932 3237 ταῖιτα

89 3267 222 3336 &aberat
238 3269 339 3347 φέρειν
347 3269 376 3342 ;”
393 3271 480 3336 εἶπαν
494 3275 527 3335 οἱ
546 3271 647 3352 μάγοι·
667 3279 687 3306 “
700 3273 727 3330 εἰ
746 3270 797 3346 μὶν
815 3259 961 3341 πεηλεῦτῖ·
