2040 3464
125 114 157 160 92
431 113 614 162 ‘HPOAOTO'P
888 117 921 178 [Ῑ.

124 191 207 251 αύτδν
220 191 307 272 λόγον
319 197 357 270 τῷ
369 194 463 271 τείχεϊ,
479 198 562 253 τοῦτο
576 193 605 252 δὲ
618 193 689 253 κατὰ
704 195 796 271 μέσην
808 220 858 254 κου
870 195 922 271 μό-

123 282 211 338 λιστα
225 279 278 354 τῆν
295 279 388 350 πόλιν,
406 284 484 339 τοῖσι
498 281 607 340 λίθοισι
625 281 690 344 τούς
706 281 830 358 ὠρύξατο
851 286 923 342 οἶκο·

125 365 206 442 δόμεε
226 367 352 446 γέφυραν
372 367 475 426 δέουσα
495 367 560 430 τούς
581 369 678 430 λίθους
700 368 805 446 σιδήρῳ
824 393 856 428 τε
876 370 922 430 καλ

123 453 269 533 μολύβδῳ.
311 455 479 514 ἐπιτείνεσκε
492 455 522 514 δέ
532 454 573 513 ἐπ’
584 454 678 530 αύτῆν,
689 455 758 518 ὅκως
770 459 821 531 μὲν
831 455 921 533 ήμέρη

41 600 51 621 Ι
121 542 238 622 γένοιτο,
253 541 324 610 ξύλα
342 540 502 623 τετράγωνα
522 541 563 601 ἐπ’
578 540 615 600 ὧν
630 542 682 617 τῆν
696 543 831 618 διάβασιν
848 548 922 602 ἐποι-

122 633 201 689 εῦντο
218 633 244 689 οἱ
260 629 448 705 Βαβυλώνιοι·
468 627 518 692 τοὶς
537 629 567 687 δὲ
585 629 684 692 νύκτας
696 629 732 689 τὰ
745 629 817 698 ξύλα
833 635 922 690 ταῦτα

121 715 307 791 ἀπαιρέεσκον
323 717 405 776 τοῦδε
421 717 520 787 εἵνεκα,
535 717 579 775 ἵνα
593 716 634 793 μῆ
651 717 855 791 διαφοιτέοντες
871 717 922 781 τοὶς

121 804 220 866 νύκτας
234 805 379 864 κλέπτοιεν
388 803 454 880 παρ’
465 803 608 880 ἀλλήλων.
636 803 671 866 ὦς
681 805 711 863 δὲ
720 804 753 864 τό
762 831 793 864 τε
803 804 922 883 ὀρυχθὲν

121 892 207 968 λίμνη
219 891 330 968 πλήρης
342 891 467 972 ἐγεγόνεε
479 891 534 951 iuro*
544 895 594 951 τοῦ
608 897 735 967 ποταμοῦ
749 892 796 951 καὶ
809 891 844 951 τό
857 894 921 968 περὶ

119 979 172 1053 τῆν
183 980 309 1060 γέφυραν
323 978 502 1054 ἐκεκόσμητο,
516 979 566 1038 τδν
581 978 735 1055 Εὐφρήτην
753 979 881 1055 ποταμόν
894 986 921 1044 ἐς

120 1066 156 1125 ταὶ
170 1066 274 1145 ἀρχαῖα
291 1067 392 1144 ῥέεθρα
410 1071 440 1124 ἐκ
457 1069 508 1140 τῆς
526 1067 628 1142 λίμνης
641 1066 769 1147 ἐξήγαγε·
791 1068 837 1125 καὶ
851 1066 921 1127 οὕτω

123 1152 155 1213 τδ
167 1153 284 1232 ὀρυχθὲν
298 1155 361 1215 ἕλος
378 1152 527 1235 γενόμενον
540 1159 567 1215 ἐς
581 1153 643 1212 δέον
660 1153 752 1212 ἐδόκεε
768 1155 920 1234 γεγονέναι,

123 1242 169 1300 καὶ
181 1246 258 1300 τοῖσι
270 1241 424 1320 πολιήτῃσι
437 1242 548 1321 γέφυρα
560 1241 595 1316 ἦν
608 1243 862 1317 κατεσκευασμένη.

76 1330 132 1390 187
166 1329 204 1388 Ἡ
216 1329 238 1388 δ’
248 1328 317 1405 αύτῆ
326 1328 394 1404 αὕτη
403 1331 542 1404 βασίλεια
555 1330 602 1387 καὶ
615 1327 725 1404 α’ποίτην
737 1328 846 1404 τοιήνδε
858 1330 921 1389 τινοὶ

120 1416 328 1495 ἐμηχανήσατο·
348 1416 418 1493 ὑπὲρ
434 1419 489 1475 τῶν
504 1415 632 1492 μάλιστα
648 1415 799 1494 λεωφόρων
811 1418 921 1478 πυλέων

120 1509 170 1564 τοῦ
193 1504 295 1567 ἄστεος
316 1503 408 1579 τάφον
430 1507 515 1581 ἐωυτῆ
538 1503 764 1563 κατεσκευάσατο
784 1506 921 1582 μετέωρον

120 1597 258 1667 ἐπιπολῆς
277 1590 378 1651 αὐτέων
393 1596 448 1651 τῶν
464 1591 584 1650 πυλέων·
612 1591 764 1668 ἐνεκόλαψε
780 1592 809 1650 δὲ
826 1597 853 1654 ἐς
870 1591 920 1652 τόν

118 1679 211 1754 ’τάφον
225 1679 378 1760 γράμματα
394 1679 515 1758 λέγοντα
529 1678 605 1738 τάδε·
634 1684 713 1737 ΤΩΝ
731 1680 794 1742 TI}
811 1686 920 1739 ΕΜΕΥ

119 1765 304 1830 ’ΥΣΤΕΡΟΝ
330 1771 567 1824 ΓΙΝΟΜΕΝΩΝ
590 1768 825 1830 ΒΑΒΥΛΩΝΟΣ
857 1773 921 1827 ΒΑ·

120 1855 266 1919 ΣΙΛΕΩΝ
280 1860 338 1912 ΗΝ
356 1855 550 1917 ΣΠΑΝΙΣΗῙ
569 1859 796 1924 ΧΡΗΜΑΤΩΝ,
809 1860 921 1914 ΑΝΟΙ·

119 1942 195 2004 EA}
213 1947 292 2000 ΤΟΝ
308 1946 439 2000 ΤΑΦΟΝ
456 1947 610 2000 ΛΑΒΕΤΩ
623 1941 765 2005 ὉΚΟΣΑ
779 1948 920 2001 ΒΟΥΛΕ-

121 2034 185 2088 ΤΑῙ
203 2034 403 2088 ΧΡΗΜΑΤΑ.
444 2035 506 2086 ΜΗ
523 2034 676 2088 ΜΕΝΤΟῙ
689 2035 736 2088 ΓΕ
750 2036 812 2089 ΜΗ
828 2033 921 2094 ΣΠΑ·

122 2118 241 2180 MEAE
256 2122 312 2186 ΓΕ,
326 2118 456 2180 ΑΛΛΩΣ
472 2120 648 2180 ΑΝΟΙΞΗῙ·
663 2123 714 2175 ΟΥ
724 2122 797 2176 ΓΑΡ
808 2124 919 2176 ΑΜΕΙ-

122 2209 219 2264 ΝΟΝ.
259 2201 339 2266 οὗτος
360 2203 375 2263 ό
397 2203 487 2279 τάφος
513 2203 548 2279 ῆν
575 2204 702 2280 ἀκίνητος
727 2206 811 2283 μέχρι
838 2203 870 2262 οὗ
893 2210 921 2267 ἐς

120 2296 240 2368 Δαρεῖον
256 2292 392 2368 περιῆλθε
404 2291 422 2366 ή
432 2291 584 2367 βασιληίη·
607 2293 715 2369 Δαρείῳ
728 2292 758 2350 δὲ
772 2292 818 2350 καὶ
832 2291 921 2351 δεινόν
936 2304 939 2312 “

120 2379 211 2439 ἐδόκεε
232 2380 301 2439 εἶναι
320 2384 387 2457 τῆσι
406 2379 516 2458 πύλῃσι
532 2379 651 2458 ταύτησι
671 2380 757 2455 μηδὲν
776 2380 921 2457 χρέεσθαι,

72 2538 75 2547 1
119 2469 166 2527 καὶ
185 2467 334 2547 χρημάτων
355 2469 484 2543 κειμένων
502 2467 549 2528 καὶ
566 2467 655 2526 αὐτῶν
672 2466 739 2548 [τῶν
759 2466 921 2550 χρημάτων]

110 2556 347 2632 ἐπικαλεομένων,
361 2555 401 2630 μῆ
421 2554 452 2614 ού
466 2557 568 2630 λαβεῖν
581 2554 660 2614 αύτό·
681 2559 748 2632 τῆσι
765 2555 795 2614 δέ
812 2554 921 2632 πύλῃσι

120 2649 240 2721 ταύτῃσι
253 2642 330 2702 οὐδὲν
344 2647 445 2720 ἐχρᾶτο
455 2643 535 2702 τοῦδε
546 2642 643 2711 εἵνεκα,
657 2641 701 2702 ὅτι
713 2641 783 2719 ύπέρ
794 2647 922 2719 κεφαλῆς

120 2735 147 2792 οἱ
169 2733 273 2812 ἐγίνετο
294 2729 310 2789 ό
332 2731 426 2805 νεκρδς
448 2728 657 2798 διεξελαύνοντι·
686 2729 796 2798 ἀνοίξας
817 2729 846 2788 δὲ
872 2730 922 2789 τδν

118 2819 219 2895 τάφον,
241 2815 303 2895 εἶρε
324 2817 456 2896 χρήματα
481 2820 533 2893 μὲν
559 2815 600 2885 ού,
620 2815 670 2875 τόν
691 2816 719 2875 δὲ
745 2817 849 2894 νεκρόν,
875 2819 920 2876 καὶ

116 2906 272 2984 γράμματα
286 2906 406 2985 λέγοντα
418 2904 493 2963 τάδε·
514 2909 554 2961 ΕΙ
568 2908 630 2960 ΜΗ
645 2906 858 2968 ΑΠΛΗΣΤΟΣ
872 2911 920 2964 ΤΕ

101 2994 187 3054 EAS
195 2996 426 3053 XPHMATssN
436 2997 507 3052 ΚΑΙ
517 2991 738 3075 ΑῙΣΧῨΟΚΕᾯ
743 2994 830 3060 ΔΗΣ,
840 2997 921 3051 ΟΥΚ

83 3080 152 3133 ΑΝ
171 3084 354 3143 ΝΕΚΡΩΝ
381 3084 525 3148 ΘΗΚΑΣ
552 3080 760 3140 mmm·
793 3076 864 3148 αδτη
887 3077 935 3147 μἐυ

71 3179 129 3218 '‘v'‘
142 3163 341 3240 7θβασίλεια
355 3173 487 3252 τοιαύτη
500 3198 548 3236 τις
563 3171 684 3251 λέγεται
695 3163 848 3247 γενέσθαι.

7 3231 76 3295 188
142 3247 183 3310 Ὁ
206 3255 245 3317 δὲ
269 3261 309 3340 δή
337 3264 451 3346 Κύρος
478 3264 532 3327 ἐπὶ
555 3259 672 3336 ταύτης
691 3259 751 3330 τῆς
769 3243 909 3325 γυνςὶυςῖ)ς
928 3239 979 3295 τὶ*
