2040 3464
82 107 207 173 το-ιοι]
416 110 554 158 οκκοικ.
831 105 880 154 251

81 191 191 267 χρῶμα·
215 188 344 265 τοιαύτην
366 187 396 248 δὲ
417 190 463 247 καὶ
484 188 617 250 Αἰθίοπες
637 185 765 248 ἀπίενται
785 184 881 263 θορήν.

82 270 159 333 οὗτοι
167 277 220 351 μὲν
229 277 284 335 τῶν
293 273 386 334 Ἰνδῶν
397 275 537 351 ἑκαστέρω
546 279 601 334 τῶν
609 275 744 351 Περσέων
751 274 883 344 οἰκέουσι,

82 361 129 418 καὶ
140 361 211 438 πρδς
224 360 306 422 νότου
319 361 431 439 οἷνέμου·
453 362 499 420 καὶ
513 362 633 440 Δαρείου
645 361 786 439 βασιλέος
801 359 881 421 ούδω-

114 447 194 469 KQ!

81 475 123 525 μα
135 475 308 524 υπηκουσαν.

117 534 224 596 Ἀλλοι
236 537 266 595 δὲ
277 540 332 597 τῶν
338 535 433 597 Ἰνδῶν
446 535 628 616 Κασπατύρῳ
640 563 671 596 τε
685 536 754 597 πάλι
768 537 813 595 καὶ
826 539 861 616 τῇ
871 536 929 598 102

82 626 229 702 Πακτυϊκῇ
241 624 318 703 χάρη
332 624 388 683 εἶσὶ
406 623 569 702 πρόσουροι,
582 624 653 702 πρδς
672 625 774 701 ἄρκτου
791 650 823 685 τε
836 623 882 683 καὶ

81 712 175 788 βορέω
201 712 304 788 οἶνέμου
324 713 518 789 κατοικημένοι
536 716 593 772 τῶν
612 711 708 772 ἄλλων
726 711 828 782 Ἰνδῶν,
856 710 883 770 οἳ

82 800 246 876 Βακτρίοισι
259 801 461 877 παραπλησίην
475 801 573 879 έχουσι
589 800 705 859 δίαιταν.
746 797 823 859 οὗτοι
836 799 883 858 καὶ

79 886 278 967 μαχιμώτατοί
302 891 358 946 εἰσι
382 886 484 961 Ἰνδῶν,
510 888 556 945 καὶ
580 890 607 946 οἱ
633 889 679 946 ε’πὶ
705 887 755 947 τόν
775 885 883 965 χρυσόν

81 975 269 1050 στελλόμενοι
296 975 352 1035 εἶσὶ
386 972 472 1034 οὗτοι.
514 974 585 1033 κατά
617 975 673 1055 γάρ
707 975 791 1035 τοῦτό
821 981 882 1034 έστι

83 1063 183 1138 ἐρημίη
196 1061 241 1121 διά
254 1062 306 1138 τήν
322 1061 448 1141 ψάμμον·
470 1067 499 1121 ἐν
517 1062 551 1139 δή
571 1061 607 1123 ὧν
621 1067 658 1141 τῇ
679 1064 778 1142 ἐρημίῃ
794 1062 881 1140 ταύτῃ

83 1151 130 1208 καὶ
145 1153 181 1228 τῇ
198 1150 304 1229 ψάμμῳ
323 1152 448 1232 γίνονται
467 1149 609 1227 μύρμηκες
628 1150 753 1229 μεγάθεα
773 1151 882 1228 ἔχοντες

83 1242 170 1297 κυνῶν
181 1241 234 1314 μὲν
247 1238 393 1298 ἐλάσσονα
406 1236 570 1296 α’λωπέκεων
583 1237 613 1296 δὲ
626 1239 737 1313 μέζονα·
759 1238 815 1296 εἰσὶ
827 1237 882 1317 γάρ

83 1324 173 1385 αὐτῶν
199 1326 245 1384 καὶ
266 1325 343 1404 παρῶ
366 1325 490 1401 βασιλέϊ
512 1329 568 1384 τῶν
593 1326 735 1402 Περσέων,
760 1325 884 1385 ἐνθεῦτεν

83 1414 269 1490 θηρευθέντες.
310 1412 387 1474 οὗτοι
421 1412 457 1473 ῶν
490 1416 517 1472 οἶ
549 1412 692 1490 μύρμηκες
723 1413 884 1489 ποιεύμενοι

84 1500 193 1577 οἴκησιν
205 1501 261 1560 ύπδ
273 1505 336 1583 γῆν,
350 1500 540 1578 ἀναφορέουσι
552 1500 605 1576 την
622 1500 747 1578 ψάμμον,
761 1500 883 1577 κατάπερ

589 1588 820 1610 ἱλῖἱΙ

84 1592 111 1648 οἱ
125 1594 154 1649 ἐν
166 1593 243 1648 τοῖσι
251 1589 380 1664 Ἕλλησι
392 1588 542 1666 μύρμηκες,
554 1615 599 1647 και
611 1615 660 1649 τον
674 1615 758 1649 αυτον
770 1615 883 1664 τροπον·

85 1677 140 1735 εἶσὶ
171 1679 242 1736 ἒκαῖ
260 1676 293 1736 τό
313 1676 384 1740 εἶδος
401 1676 563 1752 ὁμοιότατοι
579 1674 665 1735 οὗτοι·
686 1676 705 1751 ἦ
724 1677 753 1735 δὲ
769 1675 885 1754 ψάμμος

82 1763 312 1843 ἦάναφερομένη
333 1765 395 1824 ἐστὶ
414 1768 551 1842 χρυσῖτις.
593 1765 639 1823 ε’πὶ
659 1764 693 1839 δη
714 1765 818 1841 ταύτην
832 1764 885 1841 τήν

84 1852 200 1930 ψάμμον
216 1855 385 1913 στέλλονται
406 1857 434 1915 ε’ς
451 1851 503 1928 την
519 1856 622 1930 ἔρημον
639 1855 664 1912 οἶ
682 1852 773 1923 Ἰνδοὶ,
792 1852 886 1923 ζευξά-

83 1966 167 2016 μενος
197 1941 313 2003 έκαστος
346 1939 489 2015 καμήλους
519 1944 601 2017 τρεῖς,
633 1939 805 2017 σειρηφόρον
833 1943 887 2018 μὲν

85 2029 251 2105 ἑκατέρωθεν
269 2030 369 2105 ἔρσενα
387 2028 544 2104 παρέλκειν,
566 2027 671 2103 θήλεαν
691 2029 721 2087 δὲ
740 2034 766 2090 ἐς
785 2029 885 2105 μέσον·

85 2117 132 2174 ε’πὶ
152 2116 254 2191 ταύτην
276 2115 309 2190 δη
332 2114 414 2178 αύτδς
437 2113 592 2190 άναβαίνει,
615 2116 796 2192 ἐπιτηδεύσας
817 2116 887 2180 ὅκως

84 2203 142 2262 οἷπό
156 2205 257 2262 τέκνων
275 2203 309 2265 ῶς
327 2202 468 2263 νεωτάτων
486 2201 659 2266 ἀποσπάσας
679 2203 769 2282 ζεύξῃ·
790 2207 819 2262 αἱ
831 2204 886 2284 γάρ

85 2298 142 2367 σφι
156 2291 278 2367 κάμηλοι
299 2292 390 2350 ἵππων
408 2289 458 2350 ούκ
475 2290 598 2367 ἥσσονες
616 2297 644 2354 ές
660 2291 803 2368 ταχύτητά
821 2297 885 2351 εἶσι·

84 2380 169 2459 χωρὶς
187 2381 223 2452 δὲ,
244 2379 333 2459 άχθεα
351 2379 533 2455 δυνατώτεραι
547 2379 659 2438 πολλῶν
680 2380 786 2455 φέρειν.
826 2380 866 2439 T&
877 2383 933 2441 103

84 2471 137 2545 μὲν
158 2468 192 2543 δή
214 2468 285 2530 εἶδος
305 2467 399 2528 ὁκοῖόν
419 2494 446 2527 τι
467 2470 523 2546 ἔχει
543 2467 562 2543 ἡ
583 2467 716 2543 κάμηλος,
738 2470 886 2543 ε’πισταμέ·

85 2582 160 2617 νοισι
179 2559 256 2616 τοῖσι
272 2556 400 2631 Ἕλλησι
420 2555 451 2614 ού
473 2554 639 2635 συγγράφω·
660 2554 693 2613 τό
717 2555 747 2613 δὲ
767 2554 807 2630 μὴ
829 2560 886 2614 ε’πι-

85 2645 203 2705 στέαται
228 2643 320 2720 αὐτῆς,
347 2648 431 2703 τοῦτο
458 2643 569 2718 φράσω·
605 2640 730 2718 κάμηλος
757 2648 786 2701 ἐν
810 2647 887 2702 τοῖσι

84 2733 245 2793 ὀπισθίοισι
258 2733 378 2790 σκέλεσι
395 2733 452 2809 ἔχει
470 2731 608 2807 τέσσερας
625 2730 738 2806 μηρούς,
758 2731 804 2788 καὶ
821 2730 886 2810 γού-

84 2846 156 2882 νατα
175 2822 308 2897 τέσσερα·
328 2819 365 2878 τά
383 2819 413 2878 δὲ
429 2819 520 2877 αἰδοῖα
536 2817 581 2876 διά
598 2822 652 2877 τῶν
665 2817 802 2877 ὀπισθίων
823 2844 885 2877 σκε-

84 2909 158 2968 λέων
171 2908 241 2985 πρδς
253 2908 305 2983 την
318 2906 404 2985 ούρην
417 2906 600 2982 τετραμμένα.
644 2909 680 2964 Οἱ
695 2906 725 2964 δὲ
738 2905 772 2980 δη
785 2904 867 2965 Ἰνδοὶ
877 2909 932 2965 104

84 2995 180 3076 τρόπῳ
196 2996 312 3074 τοιούτῳ
328 2996 374 3054 καὶ
391 2993 478 3065 ζεύξει
498 2994 612 3073 τοιαύτῃ
632 2993 791 3071 χρεάμενοι,
807 2992 887 3052 έλαύ-

85 3110 168 3146 νουσι
186 3085 231 3143 ἐπὶ
250 3083 300 3144 τόν
317 3084 434 3162 χρυσόν,
453 3083 661 3162 λελογισμένως
681 3082 749 3143 ὅκως
768 3079 802 3141 ἂν
822 3108 885 3140 καυ-

85 3172 182 3250 μάτων
191 3176 246 3232 τῶν
256 3170 432 3250 θερμοτάτων
445 3169 547 3234 ε’άντων
557 3171 676 3232 ’ἔσονται
685 3175 715 3230 ἐν
725 3173 767 3246 τῇ
780 3168 911 3242 wrm&

78 3259 136 3319 εἶπά
149 3259 203 3339 γάρ
217 3263 269 3320 τοῦ
277 3260 427 3342 καύματος
440 3265 471 3325 οἱ
486 3263 641 3345 μύρμηκες
655 3259 790 3338 άφονέες
801 3255 948 3326 ηἰυοντιιῑ
