2040 3464
81 105 220 169 121—125]
364 107 590 155 ΜΕΛΙΙΟΜΕΝΠ.
832 111 879 157 329

81 185 126 244 διά
139 190 188 260 τῆς
202 189 338 259 Σκυθικῆς
352 186 460 260 καὶτῆς
474 186 679 263 Σαυρομάτιδος
696 185 797 266 χάρης,
811 191 837 246 οἶ
851 188 881 246 δέ

81 275 157 352 εἶχον
174 274 252 333 ούδὲν
266 275 404 342 σίνεσθαι,
419 273 468 332 ἅτε
480 278 530 349 τῆς
546 273 638 353 χώρης
652 275 752 351 ἐούσης
764 276 879 354 χέρσου·

82 366 143 423 ἐπεί
162 391 192 424 τε
213 364 242 422 δὲ
263 369 290 426 ἐς
310 365 361 439 τήν
380 367 435 423 τῶν
459 364 597 424 Βουδίνων
616 365 710 443 χιύρην
730 366 880 440 ἐσέβαλον,

81 454 200 511 ἐνθαῦτα
218 452 252 527 δή
273 451 431 530 ἐντυχόντες
443 455 481 530 τῷ
494 453 594 531 ξυλίνῳ
611 454 706 531 τείχεϊ,
721 454 881 512 ἐκλελοιπό-

80 567 134 600 των
150 545 204 599 τῶν
221 541 358 599 Βουδίνων
372 541 418 597 καὶ
437 541 619 615 κεκενωμένου
632 545 682 600 τοῦ
695 542 801 618 τείχεος
814 542 881 600 πάν-

80 655 143 698 των,
163 628 319 704 ἐνέπρησαν
336 628 412 686 αύτό·
434 633 517 687 τοῦτο
536 629 565 686 δὲ
583 628 751 703 ποιήσαντες
772 630 882 688 εἵποντο

81 718 134 775 αἰεὶ
148 716 180 775 τό
195 716 376 793 πρόσωικατά
390 717 502 797 στίβρν,
513 721 539 777 ἐς
554 715 569 774 δ
583 716 768 785 διεξελθόντες
780 716 882 790 ταύτην

82 809 110 866 ἐς
127 804 178 879 τήν
196 808 299 881 ἐρῆμον
317 803 459 863 άπίκοντο·
480 803 499 878 ή
516 804 545 862 δὲ
563 808 664 881 ἐρῆμος
682 803 751 878 αὕτη
769 803 824 863 ύπό
839 804 883 862 ου’·-

82 893 177 968 δαμῶν
190 892 302 968 νέμεται
315 890 430 967 ἀνδρῶν·
452 892 543 950 κέεται
556 891 585 949 δὲ
599 892 668 967 όπὲρ
681 895 731 966 τῆς
744 892 883 952 Βουδίνων

81 980 174 1057 χώρης
188 984 273 1038 ἐοῦσα
287 979 396 1054 πλῆθος
410 979 479 1038 ἑπτά
491 978 615 1057 ἡμερέων
626 979 700 1038 ὁδοῦ·
716 979 785 1055 ὑπὲρ
796 980 825 1038 δὲ
833 985 883 1055 τῆς

84 1068 187 1143 ἐρήμου
208 1068 389 1147 Θυσσαγέται
410 1068 541 1125 οἰκέουσι·
562 1069 684 1143 ποταμοὶ
700 1067 730 1125 δὲ
749 1068 779 1136 ἐξ
794 1066 883 1127 αὐτῶν

83 1158 215 1232 τέσσερες
227 1154 348 1236 μεγάλοι
361 1156 469 1231 ῥέοντες
483 1154 528 1213 διά
541 1156 688 1230 Μαιητέων
702 1156 842 1215 ἐκδιδοῦσι
856 1161 884 1219 ἐς

83 1243 134 1317 τήν
147 1245 249 1320 λίμνην
262 1243 313 1318 τῆν
327 1244 498 1319 καλεομένην
511 1247 643 1317 Μαιῆτιν,
653 1247 729 1302 τοῖσι
743 1242 883 1319 ούνόματα

84 1333 174 1390 κέεται
187 1331 260 1399 τάδε,
274 1331 372 1399 Λύκος,
397 1337 497 1405 Οαρος,
516 1329 624 1399 Τάναϊς,
639 1329 748 1411 Σύργις.
782 1329 862 1388 Ἐπεὶ
872 1333 929 1390 124

84 1418 153 1478 ὦνό
175 1422 292 1494 Δαρεῖος
311 1417 382 1494 ἦλθε
404 1423 430 1480 ἐς
445 1417 497 1493 τήν
510 1422 621 1494 ἐρῆμον,
636 1418 813 1494 παυσάμενος
832 1423 882 1479 τοῦ

84 1506 188 1582 δρόμου
213 1507 307 1583 ἵδρυσε
332 1506 384 1581 τήν
406 1505 541 1581 στρατιήν
568 1507 614 1564 ἐπὶ
641 1511 756 1585 ποταμῷ
780 1505 883 1585 Ὀάρῳ·

83 1598 167 1653 τοῦτο
189 1594 217 1652 δὲ
236 1592 358 1669 ποιήσας
375 1592 446 1652 σ’κτώ
461 1594 556 1672 τείχεα
573 1594 674 1672 ἐτείχεε
692 1594 803 1674 μεγάλα
820 1595 883 1654 ἴσον

84 1680 131 1739 ἀπ’
150 1681 285 1757 άλλήλων
303 1680 453 1759 άπέχοντα,
474 1681 604 1744 σταδίους
625 1682 659 1744 ὥς
678 1682 811 1758 ’ἐξήκοντα
831 1682 884 1758 μά-

84 1770 172 1828 λιστά
188 1796 232 1845 κη·
253 1773 307 1827 τῶν
325 1769 365 1827 ἔτι
386 1774 413 1830 ἐς
429 1771 477 1844 ἐμὲ
492 1769 529 1827 τά
548 1770 653 1846 ἐρείπια
667 1774 729 1828 σῶα
741 1765 785 1845 ῆν.
821 1776 849 1830 ἐν
863 1768 884 1849 ᾧ

102 1860 114 1915 ἐ
128 1855 208 1920 οὗτος
220 1857 290 1934 πρός
302 1860 390 1915 ταῦτα
409 1856 550 1932 ἐτράπετο,
566 1861 592 1916 οἱ
606 1857 764 1933 διωκόμενοι
778 1859 883 1921 Σκύθαι

83 1945 277 2021 περιελθόντες
293 1943 328 2003 τά
345 1943 499 2020 κατύπερθε
515 1944 694 2021 ὑπέστρεφον
707 1951 734 2008 ἐς
751 1946 803 2021 τήν
816 1949 884 2010 Σκυ-

85 2032 176 2107 θικήν·
204 2031 415 2108 ἀφανισθέντων
442 2031 471 2089 δέ
497 2031 599 2092 τούτων
625 2033 658 2091 τό
682 2033 821 2109 παράπαν,
851 2035 886 2097 ὥς

85 2119 176 2179 ούκέτι
197 2118 384 2195 ἐφαντάζοντό
404 2125 468 2193 σφι,
483 2119 553 2177 οὕτω
574 2119 608 2195 δή
625 2119 640 2179 ὁ
658 2125 774 2197 Δαρεῖος
791 2123 885 2200 τείχεα

84 2211 137 2286 μὲν
150 2212 239 2267 ἐκεῖνα
255 2207 375 2288 ήμίεργα
388 2211 499 2282 μετῆκε,
514 2207 596 2269 αὐτός
610 2207 639 2265 δὲ
651 2208 830 2283 ὑποστρέψας
842 2209 886 2284 ήῖε

84 2295 155 2373 πρός
168 2296 297 2372 ἕσπέρην,
306 2295 407 2353 δοκεων
419 2294 532 2356 τούτους
545 2320 576 2353 τε
589 2295 693 2358 πάντας
702 2295 766 2357 τούς
777 2297 886 2360 Σκύθας

85 2385 155 2443 εἶναι
169 2385 213 2442 καὶ
227 2383 297 2460 πρός
310 2385 432 2460 ἕσπέρην
445 2384 537 2457 σφέας
551 2382 673 2462 φεύγειν.

125 2471 267 2531 Ἐλαύνων
287 2471 316 2529 δὲ
336 2470 388 2546 τήν
408 2471 545 2548 ταχίστην
565 2470 614 2529 τόν
636 2470 765 2547 στρατόν,
787 2470 822 2534 οἷς
839 2475 933 2534 ἐς125

84 2560 137 2635 τήν
158 2559 297 2634 Σκυθικὴν
320 2558 443 2627 α’πίκετο,
467 2559 595 2634 ἐνέκυρσε
618 2557 798 2637 άμφοτέρησι
817 2563 885 2638 τῇσι

84 2649 202 2727 μοίρῃσι
222 2653 277 2707 τῶν
299 2647 433 2715 Σκυθέων,
451 2647 571 2724 ἐντυχών
593 2646 630 2715 δὲ,
654 2647 745 2706 ἐδίωκε
764 2647 888 2723 ύπεκφέ·

84 2762 185 2814 ροντας
201 2736 306 2814 ήμέρης
327 2736 389 2813 ὁδῷ·
412 2736 465 2803 καὶ,
483 2734 515 2793 ού
532 2734 588 2814 γάρ
604 2735 673 2793 άνίει
694 2734 777 2794 ἐπιόν
795 2735 811 2794 ό
831 2743 887 2795 Δα-

85 2828 167 2903 ρεῖος,
183 2828 209 2883 οἱ
227 2825 333 2887 Σκύθαι
352 2823 422 2882 κατὰ
442 2822 476 2881 τά
494 2824 708 2904 βεβουλευμένα
728 2822 887 2904 ὑπέφευγον

86 2920 114 2976 ἐς
126 2916 182 2972 τῶν
195 2911 389 2987 άπειτταμένων
401 2910 453 2986 τῆν
466 2911 607 2986 σφετέρην
621 2912 793 2988 συμμαχίην
813 2911 887 2986 ’.τριό-

85 3027 138 3076 πην
154 3000 192 3069 δὲ,
207 3006 234 3063 ἐς
250 3005 305 3059 τῶν
318 2998 544 3079 Μελαγχλαίνων
556 2998 608 3073 τήν
623 3002 685 3078 γῆν·
707 2998 742 3060 ὦς
755 2999 784 3056 δέ
798 3000 886 3074 ἔσβα·

86 3088 185 3151 λόντες
197 3087 311 3150 τούτους
324 3087 458 3163 ἐτάραξαν
472 3087 502 3145 οἵ
511 3112 543 3145 τε
557 3085 661 3151 Σκύθαι
670 3087 716 3144 καὶ
729 3091 755 3145 οἱ
766 3085 886 3163 Πέρσαι,

88 3177 256 3257 κατηγέοντο
280 3178 306 3234 οἱ
332 3174 439 3237 Σκύθαι
466 3179 493 3239 ἐς
519 3177 576 3235 τῶν
598 3173 811 3253 Ἀνδροφίιγωυ
839 3172 927 3267 πόλιςΧ

76 3263 199 3342 χώρους·
224 3264 424 3343 ταραχθέντων
450 3264 481 3326 δὲ
513 3265 561 3325 καὶ
583 3264 710 3333 τούτων,
736 3260 857 3332 ἱιπῆγον
883 3257 939 3304 'm

152 3349 185 3392 20'
