2040 3464
41 93 43 97 ’
88 115 128 169 ιι,
142 114 184 174 45]
390 112 617 162 υυιιυοιιυυιι.
843 115 890 163 2³0:

88 190 219 248 πλοίοισι
243 189 350 252 ἅλλους
373 216 404 248 τε
431 195 507 249 τοῖσι
529 192 656 249 ἐπίστευε
680 191 732 264 τήν
753 189 891 265 άληθηίην

89 278 182 352 ἐρέειν,
197 277 243 334 καὶ
260 277 293 351 δή
314 278 359 335 καὶ
373 277 505 340 Σκύλακα
523 276 609 354 ἄνδρα
628 278 800 354 Καρυανδέα·
822 281 849 336 οἱ
862 279 892 337 δὲ

88 364 255 441 ὁρμηθέντες
273 370 300 426 ἐς
317 365 511 441 Κασπατύρου
529 391 560 424 τε
579 365 678 428 πόλιος
693 367 800 440 καὶτῆς
814 372 890 423 Πακ-

87 455 184 526 τυϊκῆς
202 457 262 531 γῆς,
285 454 385 511 ἔπλεον
406 453 476 511 κατά
497 453 624 529 ποταμόν
645 454 715 530 πρός
734 453 775 527 ήῶ
795 455 890 512 τεκαὶ

87 538 171 614 ήλίου
185 539 323 602 οἷνατολάς
337 545 364 602 ἐς
378 541 538 600 θάλασσαν·
557 540 602 599 διά
616 542 766 616 θαλάσσης
780 542 809 599 δὲ
819 541 888 618 πρός

88 629 211 703 ἑσπέρην
232 629 373 698 πλέοντες,
393 633 550 706 τριηκοστῷ
574 629 640 703 μηνὶ
664 627 840 687 ἀπικνέονται
860 634 887 691 ἐς

87 719 187 774 τοῦτον
201 714 251 774 τόν
265 720 358 793 χῶρον
374 715 438 775 ὅθεν
456 716 650 796 όΑἶγυπτίων
668 715 808 790 βασιλεύς
825 715 890 778 τούς

87 804 224 873 Φοίνικας,
237 804 302 865 τούς
319 803 456 880 πρότερον
470 804 543 872 εἶπα,
558 803 708 863 οἷπέστειλε
722 804 889 883 περιπλώειν

87 891 209 967 Λιβύην·
229 891 301 967 μετά
315 892 344 950 δὲ
357 892 471 954 τούτους
488 891 727 968 περιπλώσαντας,
741 891 844 954 Ἰνδούς
857 917 888 950 τε

88 981 297 1056 κατεστρέψατο
316 983 435 1056 Δαρεῖος
449 980 495 1052 καὶ
508 984 543 1057 τῇ
557 979 692 1058 θαλάσση
706 978 792 1057 ταύτῃ
808 983 888 1058 ἐχρᾶ-

87 1092 131 1124 το·
154 1067 224 1126 ούτω
241 1068 287 1125 καὶ
303 1072 353 1142 τῆς
369 1066 477 1143 Ἀσίης,
497 1067 574 1145 πλην
592 1067 628 1126 τά
646 1067 717 1143 πρότ
730 1069 827 1141 ήέλιον
841 1067 886 1126 α’ν-

88 1155 215 1232 ίσχοντα,
236 1155 271 1214 τά
292 1155 370 1214 ἅλλα
390 1155 536 1231 οἷνεύρηται
557 1155 640 1225 ὁμοῖα
656 1156 834 1233 παρεχομένη
852 1181 886 1233 τῃ

87 1243 193 1321 Λιβύη.
227 1244 264 1301 ‘H
286 1243 316 1302 δὲ
337 1243 371 1318 δή
392 1242 513 1320 Εύρώπη
535 1244 605 1320 πρός
629 1243 754 1318 οὐδαμῶν
777 1242 885 1319 φανερή
894 1244 931 1302 45

87 1335 149 1389 ἐστι
162 1357 361 1411 γινωσκομεκη,
369 1330 434 1390 αύτε
447 1331 482 1391 τά
494 1331 565 1408 πρός
578 1330 674 1406 ήέλιον
689 1330 887 1401 ἀνατέλλοντα,

87 1417 149 1477 ούτε
162 1418 197 1478 τά
211 1419 280 1496 πρὸς
292 1421 382 1495 βορήι
399 1423 422 1476 εἰ
435 1418 598 1495 περίρρυτος
611 1424 682 1478 ἐστι·
703 1417 785 1493 μήκεϊ
799 1418 828 1475 δὲ
845 1444 887 1497 γι-

86 1505 221 1565 νώσκεται
233 1506 298 1583 παρ’
308 1506 468 1583 άμφοτέρας
479 1506 654 1582 παρήκουσα.
685 1505 740 1564 οὐδ’
754 1507 807 1583 ἐχω
818 1531 887 1581 συμ-

86 1595 231 1668 βαλέσθαι
247 1594 288 1653 ἐπ’
302 1593 364 1654 ὅτευ
378 1599 428 1672 μιῇ
446 1594 531 1672 ἐούσῃ
544 1597 582 1673 γῇ
597 1593 737 1670 οὐνόματα
749 1592 887 1670 τριφάσια

86 1683 177 1741 κέεται
201 1685 354 1760 ἐπωνυμίας
378 1684 477 1761 ἔχοντα
497 1687 640 1763 γυναικῶν,
662 1683 708 1740 καὶ
730 1681 888 1758 ούρίσματα

86 1769 156 1849 αὐτῇ
166 1771 270 1833 Νεῖλός
279 1797 310 1830 τε
323 1770 339 1830 ό
351 1771 503 1851 Αἰγύπτιος
513 1770 638 1846 ποταμός
647 1771 735 1845 ἐτέθη,
744 1771 790 1827 καὶ
798 1769 884 1829 Φάσιε·

86 1857 102 1917 ό
121 1859 244 1937 Κόλχος·
265 1861 305 1939 (οἱ
323 1859 353 1918 δὲ
370 1857 473 1918 Τάναϊν
490 1858 617 1934 ποταμόν
633 1858 682 1918 τόν
696 1857 826 1933 Μαιήτην
840 1860 886 1917 και·

86 1948 238 2022 Πορθμήῖα
257 1948 293 2006 τά
314 1947 457 2024 Κιμμέρια
474 1947 612 2027 λέγουσι)
633 1946 695 2005 οὐδὲ
715 1951 769 2005 τῶν
787 1946 886 2023 διουρι-

85 2034 193 2093 σάντων
210 2035 245 2095 ‘td
267 2034 407 2109 ούνόματα
423 2035 571 2104 πυθέσθαι,
588 2036 633 2094 καὶ
647 2034 662 2094 ὅ
683 2061 711 2094 εν
727 2036 820 2094 ἔθεντο
835 2034 886 2098 τοὶς

85 2124 248 2198 ἐπωνυμίας·
268 2122 286 2198 ἡ
301 2122 334 2198 δή
348 2121 403 2203 γάρ
416 2122 511 2199 Λιβύη
525 2125 576 2199 μὲν
590 2123 635 2181 ἐπὶ
650 2122 761 2198 Λιβύης
774 2123 886 2203 λέγεται

85 2209 138 2270 ύπό
152 2215 207 2271 τῶν
220 2214 335 2270 πολλῶν
348 2210 493 2286 Ἑλλήνων
504 2212 576 2289 ἔχειν
588 2211 621 2270 τό
638 2209 743 2287 οὕνομα
755 2210 884 2291 γυναικός

84 2297 263 2377 ου’τόχθονος·
282 2298 301 2374 ή
315 2299 345 2358 δὲ
360 2298 444 2368 Ἀσίη
459 2299 504 2356 ἐπὶ
516 2303 567 2374 τῆς
580 2299 746 2375 Προμηθέος
759 2298 887 2378 γυναικός

84 2386 136 2461 τήν
149 2387 312 2462 ἐπωνυμίην·
330 2388 375 2444 καὶ
388 2385 488 2445 τούτου
496 2388 547 2462 μὲν
557 2385 823 2461 μεταλαμβάνονται
835 2390 885 2444 τοῦ

85 2474 239 2550 ούνόματος
255 2475 351 2545 Λυδοὶ,
366 2474 486 2550 φάμενοι
504 2475 550 2531 ἐπὶ
567 2473 677 2543 Ἀσίεω,
697 2477 748 2532 τοῦ
769 2472 885 2542 Κότυος,

84 2566 134 2621 τοῦ
154 2561 264 2633 Μάνεω,
280 2564 435 2638 κεκλῆσθαι
448 2560 499 2636 τήν
511 2560 618 2637 Ἀσίην,
634 2559 699 2618 ἀλλ’
714 2560 763 2619 ούκ
778 2560 823 2619 ἐπὶ
836 2563 886 2635 τῆς

84 2652 252 2728 Προμηθέος
263 2650 372 2725 Ἀσίης·
394 2649 441 2709 α’π’
455 2649 518 2709 ὅτευ
532 2650 577 2706 καὶ
590 2649 641 2723 τήν
655 2653 684 2707 ἐν
698 2648 816 2725 Σάρδισι
833 2654 885 2722 φυ-

83 2739 138 2814 λήν
160 2740 316 2814 κεκλῆσθαι
335 2738 464 2797 Ἀσιάδα.
499 2737 518 2812 ή
539 2737 568 2795 δέ
585 2735 619 2811 δή
638 2734 758 2812 Εύρώπη
777 2735 839 2794 ούτε
862 2739 886 2794 εἰ

82 2827 246 2903 ι’νερίρρυτός
259 2832 321 2886 ἐστι
334 2826 499 2907 γινώσκεται
508 2825 579 2901 πρός
592 2823 719 2900 ούδαμῶν
727 2823 884 2899 α’νθρώπων,

83 2913 147 2973 ούτε
164 2914 263 2974 ὁκόθεν
279 2915 313 2973 τό
332 2913 438 2991 ούνομο
459 2915 547 2989 ἔλαβε
566 2917 659 2981 τοῦτο,
680 2910 742 2970 ούτε
758 2911 837 2974 ὅστις
857 2913 884 2970 οί

81 3000 147 3077 ἧνό
163 3004 276 3078 θέμενος
290 3002 428 3076 φαίνεται·
450 3005 474 3060 εἰ
491 3000 530 3077 μή
547 3000 603 3060 οἷπό
617 3004 667 3075 τῆς
680 3000 779 3076 Τυρίης
793 2997 885 3075 φήσο-

81 3115 135 3166 μεν
146 3090 282 3169 Εὐρώπης
295 3092 397 3166 λαβεῖν
409 3089 442 3149 τό
457 3088 561 3165 οὕνομα
573 3087 625 3163 τήν
637 3086 739 3166 χώρην,
749 3087 885 3165 πρότερον

82 3178 113 3236 δέ
132 3177 168 3254 ἦν
185 3177 240 3255 ἄρα
256 3177 404 3255 άνώνυμος,
418 3177 513 3256 ὥσπερ
527 3181 557 3237 αἱ
570 3179 669 3254 ἕτεραι·
692 3174 754 3234 ἀλλ’
775 3174 851 3247 αἴκα
859 3197 899 3249 ηε

79 3270 111 3323 εἰ(
127 3270 179 3338 τῆς
195 3266 293 3343 Ἀσίης
306 3293 338 3327 τε
353 3268 490 3343 φαίνεται
505 3273 606 3335 ἐοῦσα,
621 3268 671 3327 καὶ
685 3265 742 3326 ούκ
754 3257 926 3330 δπικαμένα

144 3347 175 3389 24
