2040 3464
123 111 169 157 164
421 111 603 160 ’ΠΡΟΔΟΤΟΤ
867 106 915 168 [Π.

121 188 174 269 ἐγιδ
195 191 246 264 μὲν
268 190 397 265 ἔλπομαι,
421 195 445 249 εἰ
466 189 512 248 καὶ
537 187 619 252 αιίτός
640 187 770 265 Πρίαμος
793 188 917 245 συνοίκεε
945 189 950 195 ’

119 275 226 354 Ἑλένῃ,
237 276 387 336 ἀποδοῦναι
399 277 432 337 ἂν
440 276 526 352 αὐτὴν
536 280 613 336 τοῖσι
621 276 766 354 Ἀχαιοῖσι
775 265 918 351 μέλλοντά

120 388 153 444 γε
172 363 206 438 δὴ
223 368 279 423 τῶν
295 364 454 440 παρεόντων
473 368 563 423 κακῶν
581 361 848 443 ἀπαλλαγήσεσθαι.
886 360 918 420 οιί

120 452 172 526 μὲν
190 449 252 509 οὐδὲ
270 451 289 526 ἡ
307 453 449 527 βασιληίη
468 457 496 515 ἐς
512 451 697 526 Ἀλέξανδρον
716 449 831 526 περιήῖε,
845 447 918 508 ὥστε

120 539 249 615 γέροντος
270 539 401 616 Πριάμου
423 540 524 610 ἐόντος,
543 538 584 598 ἐπ’
602 540 692 616 ἐκείνῳ
710 537 746 595 τοὶ
767 535 916 616 πρήγματα

122 625 200 685 εἶναι·
221 626 299 685 άλλοὶ
311 626 428 704 Ἕκτωρ,
443 628 489 685 καὶ
502 626 696 703 πρεσβύτερος
710 625 755 683 καὶ
769 624 838 699 άνηρ
853 625 918 683 ἐκεί-

121 739 169 773 νου
181 718 295 790 μᾶλλον
305 715 364 783 ἐιδν,
376 716 477 791 ἔμελλε
491 714 577 790 αάτῆν
588 713 719 791 Πριάμου
730 711 919 775 α’ποθανόντος

121 801 372 880 παραλάμψεσθαι·
389 802 438 862 τόν
453 802 485 869 οὖ
499 806 626 880 προσῆκε
639 801 775 859 ἀδικέοντι
788 804 826 877 τῷ
839 798 919 857 άδελ·

123 893 181 967 φεῷ
195 891 357 966 ἐπιτρέπειν,
374 890 419 948 καὶ
436 894 523 949 ταῦτα
539 889 671 970 μεγάλων
685 892 775 947 κακῶν
788 887 821 945 δι’
835 886 920 947 αὐτόν

123 977 335 1053 συμβαινόντων
357 978 410 1054 ἰδίῃ
430 1005 461 1037 τε
482 979 527 1036 καὶ
548 977 685 1056 αὐτῷκαὶ
705 979 781 1035 τοῖσι
801 973 920 1034 άλλοισι

123 1067 195 1122 πᾶσι
208 1065 311 1139 Τρωσί.
345 1064 410 1123 άλλ’
425 1064 456 1123 οὐ
470 1066 525 1146 γάρ
540 1066 616 1144 εἶχον
629 1064 746 1139 Ἑλένην
759 1062 919 1133 ἀποδοῦναι,

124 1150 185 1210 οὐδὲ
208 1153 326 1232 λέγουσι
349 1153 458 1211 αὐτοῖσι
482 1154 534 1228 την
557 1153 696 1228 άληθηίην
723 1151 869 1210 ἐπίστευον
893 1154 920 1210 οἶ

118 1238 265 1315 Ἕλληνες,
281 1240 316 1303 ὠς
328 1243 380 1317 μέν
393 1241 447 1320 ἐγώ
460 1241 572 1321 γνώμην
585 1239 785 1315 ἀποφαίνομαι,
799 1242 850 1297 τοῦ
863 1238 920 1296 δαι-

124 1328 220 1403 μονίου
244 1328 502 1406 παρασκευάζοντος
524 1328 592 1391 όκως
614 1328 789 1404 πανωλεθρίῃ
816 1326 920 1385 άπολό-

123 1441 201 1492 μενοι
215 1419 370 1491 καταφανὲς
385 1421 469 1493 τοξιτο
483 1421 560 1475 τοῖσι
578 1415 751 1492 α’νθράποισι
768 1414 919 1489 ποιήσωσι,

127 1503 163 1565 <te
184 1509 239 1563 τῶν
259 1503 389 1584 μεγάλων
410 1503 584 1580 ἀδικημάτων
604 1503 726 1583 μεγάλαι
748 1502 803 1561 εἶσὶ
825 1503 871 1560 καὶ
891 1505 921 1560 αἱ

125 1592 252 1667 τιμωρίαι
268 1593 345 1668 παραὶ
364 1595 419 1651 τῶν
435 1593 513 1651 θεῶν.
550 1592 597 1650 καὶ
616 1596 704 1650 ταῦτα
724 1593 783 1667 μὶν,
801 1594 838 1669 τῇ
858 1591 921 1667 ἐμοὶ

46 1747 48 1754 ¹
125 1677 220 1748 δοκέει,
235 1680 348 1755 εἴρηται.

80 1767 134 1825 121
166 1767 295 1842 Πρωτέος
306 1767 334 1825 δὲ
344 1767 507 1837 ἐκδέξασθαι
516 1767 569 1843 τήν
576 1767 733 1843 βασιληίην
740 1765 921 1843 Ῥαμψίνιτον

126 1854 232 1933 ἔλεγον·
246 1853 276 1917 δς
288 1855 454 1930 μνημόσυνα
468 1856 578 1914 ἐλίπετο
588 1857 624 1914 τοὶ
634 1855 797 1932 προπύλαια
805 1852 841 1911 τά
851 1854 922 1930 πρός

127 1942 247 2018 ἑσπέρην
259 1945 433 2019 τετραμμένα
445 1947 495 2001 τοῦ
504 1943 699 2012 Ἡφαιστείου,
709 1943 817 2004 άντίους
827 1941 857 2000 δὲ
867 1946 922 2000 τῶν

126 2030 304 2105 προπυλαίων
319 2032 420 2105 ἔστησε
437 2030 598 2108 α’νδριάντας
614 2030 662 2089 δύο
680 2030 775 2093 ἐόντας
789 2029 823 2088 τό
836 2030 921 2109 μέγα·

127 2118 176 2180 θος
194 2117 276 2176 πέντε
296 2118 343 2176 καὶ
364 2119 466 2176 ἐείκοσι
486 2120 606 2196 πηχέων·
630 2123 684 2178 τῶν
705 2116 853 2198 Αίγόπτιοι
872 2117 922 2177 τόν

126 2207 177 2282 μέν
187 2205 256 2281 πρδς
268 2207 360 2282 βορέω
373 2210 495 2266 ἑστεῶτα
506 2207 639 2264 καλέουσι
654 2207 740 2281 θέρος,
751 2205 800 2264 τόν
811 2205 839 2263 δέ
853 2205 923 2281 πρός

128 2292 208 2353 νότον
221 2298 352 2372 χειμῶνα·
375 2296 421 2353 καὶ
436 2293 485 2354 τόν
501 2297 553 2370 μὲν
570 2295 704 2352 καλέουσι
721 2293 808 2369 θέρος,
824 2296 923 2353 τοῦτον

128 2383 179 2458 μέν
188 2383 395 2457 προσκυνέουσί
406 2408 437 2442 τε
451 2384 497 2441 καὶ
510 2381 538 2440 εὖ
549 2383 686 2440 ποιέουσν
700 2381 749 2440 τόν
760 2381 789 2439 δέ
801 2385 924 2459 χειμῶνα

129 2470 296 2546 καλεόμενον
315 2470 351 2530 τά
373 2472 493 2546 ἐμπαλιν
513 2469 617 2530 τούτων
639 2469 756 2546 ἔρδουσι.
800 2473 925 2527 πλοῦτον

129 2557 158 2621 δὲ
176 2557 263 2637 τούτῳ
279 2563 319 2636 τῷ
336 2559 457 2634 βασιλέϊ
474 2558 606 2639 γενέσθαι
624 2556 744 2637 α’ργύρου
762 2558 859 2636 μέγαν,
875 2557 925 2616 τόν

130 2643 227 2704 οὐδένα
239 2649 293 2704 τῶν
308 2645 426 2723 ὕστερον
442 2646 647 2723 ἐπιτραφέντων
663 2647 808 2720 βασιλέων
824 2643 925 2704 δύνασ-

129 2733 176 2791 θαι
188 2732 411 2808 ὑπερβαλέσθαι,
426 2733 481 2792 οὐδ’
495 2733 576 2814 ε’γγδς
590 2734 690 2792 ἐλθεῖν·
706 2732 883 2810 βουλόμενον
895 2733 926 2792 δὲ

129 2819 212 2880 αὐτόν
232 2826 261 2879 ἐν
279 2821 428 2899 άσφαληίῃ
447 2821 482 2879 τά.
502 2821 633 2898 χρήματα
652 2820 835 2896 θησαυρίζειν,
854 2824 925 2879 οἶκο-

130 2908 280 2983 δομέεσθαι
294 2909 396 2985 οἴκημα
414 2909 521 2967 λίθινον
534 2913 583 2966 τοῦ
599 2912 654 2966 τῶν
667 2909 768 2986 τοίχων
785 2908 832 2966 ἕνα
850 2912 877 2970 ἐς
892 2906 926 2968 τι)

131 2997 180 3064 ἔξω
192 2996 276 3071 μέρος
291 3000 341 3072 τῆς
355 2998 441 3071 οἰκίης
455 2997 535 3074 ἔχειν·
556 2995 606 3055 τόν
619 2995 648 3053 δὲ
663 2995 853 3076 ἐργαζόμενον,
869 3001 925 3054 ἐπι-

117 3082 308 3155 βουλεύοντα,
334 3084 401 3144 τάδε
427 3085 619 3163 μηχανᾶσθαι·
646 3088 701 3142 τῶν
726 3085 813 3142 λίθων
839 3110 927 3160 παρα·

57 3216 71 3239 ,
104 3167 318 3233 σκευασασθαι
347 3174 397 3235 ἕνα
426 3173 572 3254 ἐξαιρετὸν
602 3172 674 3234 εἶναι
701 3177 731 3230 ἐκ
761 3175 810 3229 zo&
839 3172 935 3246 τοίχω

280 3261 371 3284 ἱθὶ

101 3252 213 3325 3723&-
238 3285 289 3320 και
311 3289 372 3326 υπο
400 3265 455 3328 δύο
477 3265 594 3343 ἀνδρῶν
621 3264 669 3324 καὶ
690 3259 749 3320 δπδ
773 3257 842 3318 ἑνός’
870 3254 907 3314 (υς
920 3253 957 3311 λλ
