2040 3464
78 103 188 171 ,ιι-οι]
403 108 565 157 αυυανυα.
834 110 880 157 ιιι

80 181 295 264 ἐγχριπτόμενοι
313 184 359 243 καὶ
372 184 507 262 ψαύοντες
524 185 560 248 ῶς
577 185 715 262 μάλιστα,
731 186 775 245 ἵνα
792 184 827 262 δὴ
839 185 881 263 μὴ

79 271 230 348 ἁμάρτοιεν
244 275 296 347 τῆς
311 271 375 331 ὁδοῦ
393 272 438 331 διαὶ
455 272 505 332 τόν
518 272 591 349 ῥόον.
629 274 713 332 ἐπεὰν
727 274 756 332 δὲ
774 272 882 350 πληθύ-

79 360 163 420 εσθοι
176 358 295 439 ἄρχηται
309 359 325 419 ὅ
339 363 451 432 Νεῖλος,
465 360 545 419 τότε
560 365 642 420 κοῖλα
655 365 706 437 τῆς
719 365 772 441 γῆς
786 363 832 420 καὶ
845 360 881 421 τά

79 449 208 524 τέλματα
226 447 262 507 τά
277 447 354 525 παρά
369 447 420 507 τόν
440 448 569 524 ποταμόν
589 453 687 525 πρῶτα
707 449 823 527 ἄρχεται
837 449 883 507 πί-

80 536 219 606 πλασθαι,
228 535 385 611 διηθέοντος
397 539 448 594 τοῦ
461 534 560 599 ὕδατος
575 541 604 594 ἐκ
618 541 669 595 τοῦ
681 541 819 612 ποταμοῦ·
837 537 884 596 καὶ

81 622 180 683 αύτίκα
190 648 221 682 τε
234 623 309 681 πλέα
317 622 424 702 γίνεται
437 628 526 682 ταῦτα
540 624 586 682 καὶ
595 629 769 702 παραχρῆμα
781 623 883 702 ἰχθύων

81 715 208 788 σμικρῶν
229 711 369 769 πίπλαται
390 709 491 770 πάντα.
535 710 616 770 κόθεν
637 711 667 770 δὲ
689 711 763 774 οἰκός
784 711 884 776 αύτούς

81 799 218 880 γίνεσθαι,
233 797 287 879 ἐηοί
300 816 350 874 μοι
364 799 449 857 δοκέω
463 800 621 858 κατανοέειν
633 803 727 858 τοῦτο·
748 803 799 858 τοῦ
816 826 883 876 προ-

82 888 164 963 τέρου
191 887 265 950 ἐτεος
291 885 375 945 ἐπεάν
402 885 530 964 οἷπολίπῃ
554 886 571 946 ό
598 891 711 955 Νεῖλος,
737 889 764 945 οἱ
792 886 884 964 ἰχθύες

83 973 237 1037 ἐντεκόντες
258 972 298 1032 ὦοὶ
318 979 345 1036 ἐς
368 973 420 1049 τὴν
442 974 504 1034 ἰλύν
527 973 587 1050 ἅμα
609 979 648 1052 τῷ
672 974 783 1053 ἐσχάτῳ
804 974 884 1034 ὕδατι

83 1061 331 1121 ἀπαλλάσσονται·
353 1061 437 1120 ἐπεάν
452 1062 481 1120 δὲ
498 1062 694 1138 περιελθόντος
712 1066 762 1120 τοῦ
781 1061 884 1140 χρόνου

84 1149 171 1209 πάλιν
182 1151 287 1226 ἐπέλθῃ
296 1149 330 1207 τό
344 1148 424 1225 ὕδωρ,
437 1154 466 1207 ἐκ
478 1153 534 1208 τῶν
545 1149 603 1208 ὠῶν
614 1149 717 1207 τούτων
728 1151 885 1225 παραυτίκα

83 1238 209 1316 γίνονται
229 1241 256 1296 οἱ
277 1236 378 1315 ἰχθύες.
412 1238 458 1295 καὶ
477 1238 541 1314 περὶ
561 1239 612 1313 μὲν
628 1237 693 1300 τούς
713 1239 792 1314 ἰχθῦς
813 1236 884 1296 οὕτω

86 1327 170 1404 ἔχει,

126 1413 277 1490 Ἀλείφατι
291 1413 320 1473 δέ
335 1413 470 1493 χρέωνται
483 1415 641 1494 Αἰγυπτίων
655 1417 682 1473 οἱ
693 1414 758 1490 περὶ
771 1413 807 1473 τοὶ
821 1414 885 1472 ἕλεα
895 1415 931 1473 94
1000 1419 1008 1428 ’

86 1503 222 1566 οἰκέοντες
237 1502 293 1561 α’πδ
307 1505 362 1560 τῶν
375 1503 580 1578 σιλλικυπρίων
592 1506 643 1561 τοῦ
660 1506 776 1577 καρποῦ,
791 1501 824 1560 τὸ
839 1528 885 1560 κα·

86 1595 169 1649 λεῦσι
183 1592 235 1666 μέν
248 1588 398 1670 Αἰγύπτιοι
416 1591 480 1648 κίκι·
502 1593 614 1649 ποιεῦσι
633 1590 662 1648 δὲ
679 1587 740 1648 ὦδε·
761 1589 837 1665 παρά
851 1589 887 1647 τά

85 1679 186 1758 χείλεα
202 1682 257 1738 τῶν
272 1703 303 1737 τε
322 1681 456 1753 ποταμῶν
470 1679 517 1736 καὶ
533 1683 589 1737 τῶν
604 1679 724 1753 λιμνέων
737 1678 887 1754 σπείρουσι

86 1766 123 1825 τοὶ
150 1764 336 1842 σιλλικύπρια
359 1770 455 1835 ταῦτα,
479 1766 515 1826 τά
539 1772 568 1826 ἐν
589 1767 718 1842 Ἕλλησι
741 1765 886 1842 αύτόματα

87 1853 171 1933 ἄγρια
196 1852 306 1930 φύεται·
332 1858 421 1912 ταῦτα
445 1858 475 1914 ἐν
496 1858 532 1932 τῇ
554 1854 685 1934 Αἰγύπτῳ
708 1854 887 1931 σπειρόμενα,

88 1938 197 2014 καρπόν
211 1941 290 2017 φέρει
303 1937 415 2000 πολλόν
427 1943 479 2019 μὲν
493 1942 618 2002 δυσώδεα
632 1943 670 2001 δέ·
691 1948 791 2002 τοῦτον
805 1941 888 2001 ἐπεάν

89 2027 289 2097 συλλέξωνται,
308 2033 335 2088 οἱ
354 2031 405 2105 μέν
424 2029 559 2108 κόψαντες
577 2031 724 2090 οἷπιποῦσι·
747 2034 774 2090 οἱ
792 2031 822 2089 δὲ
843 2031 889 2088 καὶ

89 2114 243 2192 φρύξαντες
266 2117 416 2196 ἀπέψουσι,
441 2119 487 2176 καὶ
512 2117 546 2177 τὸ
571 2117 709 2196 οἷπορρέον
733 2117 780 2176 ἀπ’
804 2117 888 2178 αὐτοῦ

88 2205 314 2284 συγκομίζονται.
349 2205 458 2264 ἔστιδὲ
478 2210 544 2265 πῖον
565 2207 610 2264 καὶ
631 2206 711 2265 οὐδὲν
725 2205 821 2282 ἧσσον
838 2210 889 2264 τοῦ

90 2292 186 2350 ἐλαίου
202 2296 241 2370 τῷ
256 2291 349 2372 λύχνῳ
365 2296 512 2369 προσηνὲς,
527 2292 617 2369 ὀδμὴν
635 2294 665 2352 δὲ
682 2295 790 2370 βαρέαν
805 2293 889 2369 παρέ-

88 2405 179 2458 χεται.
191 2437 199 2449 ,
209 2380 287 2456 Πρὸς
300 2382 330 2439 δὲ
342 2381 408 2444 τούς
421 2381 551 2443 κώνωπας
566 2381 706 2456 οἷφθόνους
720 2381 815 2444 ἐόντας
824 2380 889 2440 τάδε
899 2383 937 2441 95

90 2468 150 2542 σφί
161 2472 223 2526 ἐστι
235 2470 463 2547 μεμηχανημένα·
480 2469 546 2532 τούς
559 2472 611 2545 μὲν
621 2468 657 2528 τοὶ
670 2468 726 2528 ἅνω
739 2473 794 2529 τῶν
807 2469 891 2528 ἑλέων

90 2555 230 2619 οἰκέοντας
244 2558 271 2615 οἶ
285 2557 387 2637 πύργοι
404 2557 570 2633 ὠφελέουσι,
586 2562 613 2620 ἐς
629 2557 675 2618 ούς
692 2556 891 2631 ἀναβαίνοντες

90 2643 257 2720 κοιμέονται·
275 2648 302 2703 οἱ
314 2645 370 2725 γάρ
384 2645 509 2707 κώνωπες
517 2645 571 2703 ύπό
585 2649 640 2703 τῶν
654 2644 761 2719 οἷνέμων
774 2642 824 2702 ούκ
837 2642 895 2702 οἶοί

90 2758 121 2790 τε
133 2735 188 2791 εἰσι
201 2731 274 2809 ύψοῦ
284 2733 428 2793 πέτεσθαι·
442 2737 520 2792 τοῖσι
534 2734 563 2791 δὲ
573 2731 636 2808 περὶ
646 2732 681 2790 τά
693 2733 759 2790 ἕλεα
769 2732 892 2791 οἰκέουσι

89 2819 156 2878 τάδε
169 2818 231 2879 α’ντὶ
244 2824 299 2880 τῶν
312 2819 425 2901 πύργων
439 2820 516 2878 ἄλλα
528 2818 732 2897 μεμηχάνηται·
753 2821 809 2881 πῶς
822 2818 893 2896 οἷνηρ

90 2907 181 2967 αύτῶν
202 2907 428 2984 α’μφίβληστρον
449 2908 568 2984 ἔκτηται,
587 2913 625 2985 τῷ
645 2912 695 2970 τῆς
715 2908 769 2985 μὲν
787 2904 892 2982 ἡμέρης

92 2996 172 3074 ἰχθῦς
183 2993 299 3075 οἷγρεύει,
314 2996 366 3071 τὴν
379 2996 409 3054 δὲ
422 2995 507 3056 νύκτα
519 2994 586 3054 τάδε
600 2993 673 3073 αύτῷ
686 2999 798 3074 χρᾶται·
816 2998 845 3054 ἐν
857 2999 893 3072 τῇ

91 3083 262 3142 ἀναπαύεται
282 3085 361 3163 κοίτη
376 3084 440 3160 περὶ
456 3082 561 3160 ταύτην
578 3083 677 3159 ἵστησι
695 3083 729 3143 τό
744 3081 897 3160 ἀμφίβλη-

422 3171 595 3194 ἱθὶἱη

91 3197 188 3247 στρον,
200 3173 247 3230 καὶ
260 3172 353 3232 ἔπειτα
368 3172 446 3238 ἐνδυς
458 3200 498 3234 υπ
521 3199 598 3254 ουτω
616 3171 758 3234 καθεύδει·
777 3169 856 3231 οἶδε
868 3165 923 3224 κεὀ·

84 3281 177 3326 νωπες,
190 3257 292 3342 ἧνμέν
304 3266 335 3320 ἐν
350 3263 456 3347 ἱματίῳ
467 3264 680 3344 ἔνελιξᾶμενος
695 3257 803 3334 ὠδυηῆ
816 3250 955 3316 σινλιέινῑς
