2040 3464
151 112 200 163 27⁴
457 110 640 160 ‘HPOAOTO'I'
888 105 954 170 [ῙΠ.

108 193 163 252 152
173 191 225 260 ζων
238 186 272 248 ἂν
284 187 400 265 ήμίονον
412 193 510 249 τεκεῖν·
525 188 615 249 Ἑπτό
628 189 658 248 δὲ
670 191 765 266 μηνῶν
773 187 818 246 καῖ
827 189 956 247 ἐνιαυτοῦ

153 276 350 352 διεληλυθότος
362 275 449 351 ἤδηό
464 276 581 353 Δαρεῖός
593 303 624 336 τε
633 275 765 354 ἤσχαλλε
776 276 822 334 καὶ
834 274 855 350 ή
868 300 955 352 στρα·

153 364 198 439 τιν)
215 369 296 423 πᾶσα
310 364 343 422 αι’
358 364 460 438 δυνατή
480 368 566 424 ἐοῖσα
580 368 653 423 ἑλεῖν
665 361 730 427 τούς
743 363 955 439 Βαβυλωνίους·

153 453 203 512 καί
215 478 259 511 τοι
279 451 371 510 πάντα
390 453 559 528 σοφίσματα
577 454 623 511 καὶ
639 451 734 514 πόσας
746 449 876 529 μηχανὰς
894 455 955 510 ἐπε·

152 540 266 616 ποιήκεε
284 545 311 602 ἐς
332 539 431 602 αύτούς
453 544 581 617 Δαρεῖος·
609 539 675 598 ἀλλ’
700 537 756 598 οὐδ’
781 539 816 601 αῖς
840 537 956 600 ἐδύνατο

155 633 228 688 ἑλεῖν
248 628 348 705 σφέας,
369 625 489 686 ἄλλοισί
509 654 540 687 τε
559 629 727 704 σοφίσμασι
749 626 956 704 πειρησάμενος

154 718 200 775 καὶ
214 716 247 792 δη
261 717 358 793 καὶτῷ
370 719 464 791 Κῦρος
477 715 536 774 εῖλέ
547 722 639 791 σφεας
652 716 698 773 καὶ
710 714 797 792 τούτῳ
810 713 955 791 ἐπειρήθη·

156 804 234 864 ἅλλοὶ
249 805 303 885 γοὶρ
323 804 415 865 δεινῶς
430 802 504 878 ἦσαν
521 809 550 864 ἐν
564 807 711 882 φυλακῇσι
724 806 751 862 οἱ
764 800 955 879 Βαβυλώνιοι,

156 893 220 952 οὐδέ
232 898 323 967 σφεας
337 890 394 953 οῖός
406 917 436 949 τε
449 890 484 967 ἢν
497 895 580 950 ἑλεῖν.

110 983 167 1041 153
207 979 354 1048 Ἐνθαῦτα,
369 983 485 1056 εἰκοστῷ
497 981 572 1054 μηνὶ,
587 978 707 1058 Ζωπύρῳ
723 982 762 1056 τῷ
781 978 955 1059 Μεγαβύζου

156 1067 186 1131 ὃς
198 1071 254 1128 τῶν
267 1067 337 1126 ἑπτοὶ
349 1067 454 1144 ἀνδρῶν
468 1068 576 1147 ἐγένετο
588 1071 643 1126 τῶν
652 1066 703 1126 τόν
712 1065 816 1145 Μοίγον
826 1065 956 1125 κατελόν·

155 1183 217 1226 των,
231 1155 331 1216 τούτου
348 1159 399 1214 τοῦ
417 1154 592 1233 Μεγαβύζου
611 1155 691 1214 παιδὶ
707 1153 829 1233 Ζωπύρῳ
847 1154 957 1236 ἐγένετο

155 1246 236 1321 τέρας
248 1243 321 1304 τόδε·
341 1247 396 1302 τοῖν
410 1246 436 1301 οἱ
450 1242 610 1319 σιτοφόρων
622 1241 744 1319 ἡμιόνων
756 1243 808 1318 μία
821 1243 906 1301 ἔτεκε·
922 1241 959 1305 ὥς

159 1334 190 1392 δέ
206 1337 233 1392 οἱ
255 1332 410 1413 ἐξαγγέλθη
425 1332 470 1389 καὶ
483 1331 538 1390 ύπό
553 1331 686 1405 ἀπιστίης
700 1329 782 1393 αύτὸς
795 1329 811 1389 ὁ
826 1329 959 1408 Ζώπυρος

161 1421 216 1480 εἶδε
228 1419 261 1481 τό
274 1421 392 1497 βρέφος,
406 1419 526 1480 οἷπείπας
538 1423 615 1477 τοῖσι
633 1418 761 1477 δούλοισι
773 1418 873 1495 μηδενὶ
887 1418 959 1495 φρό-

159 1511 216 1580 ζειν
234 1507 268 1568 τό
288 1509 411 1589 γεγονός,
434 1506 610 1582 ἐβουλεύετο·
643 1508 691 1565 καί
709 1510 737 1565 οἱ
757 1505 828 1583 πρός
850 1505 888 1566 τὰ
908 1511 960 1566 τοῦ

160 1597 344 1672 Βαβυλωνίου
357 1595 476 1671 ῥήματα,
491 1593 525 1657 ὃς
534 1595 592 1654 κατ’
607 1593 694 1672 οῖρχιῖς
708 1596 800 1670 ἔφησε
810 1594 895 1653 ἐπεόν
905 1621 959 1672 περ
976 1675 978 1679 Ι

169 1684 177 1702 G
205 1688 212 1704 ν
307 1685 315 1706 Ι
424 1682 430 1701 ν

158 1710 270 1760 ημιονοι
282 1709 384 1742 τεκωσι
397 1708 462 1742 τοτε
474 1681 508 1741 τό
522 1687 615 1760 τεῖχος
628 1680 802 1751 ἁλώσεσθαι,
812 1681 885 1758 πρός
895 1683 960 1742 ταύ-

159 1798 210 1847 την
227 1771 279 1845 τήν
297 1770 395 1847 φήμην
414 1771 533 1849 Ζωπύρῳ
552 1769 643 1830 ἐδόκεε
660 1770 728 1828 εἶναι
744 1769 890 1845 ἁλώσιμος
905 1770 960 1846 ἤδη

159 1860 179 1935 ἡ
196 1859 346 1935 Βαβυλών·
368 1859 422 1918 συν
439 1858 494 1939 γοῖρ
512 1860 565 1937 θεῷ
578 1857 681 1917 ἐκεῖνόν
694 1884 725 1917 τε
738 1861 824 1916 εἰπεῖν
837 1859 885 1916 καὶ
897 1862 960 1918 ἑωυ-

113 1950 171 2007 154
179 1952 217 2026 τῳ
236 1951 326 2006 τεκεῖν
339 1946 391 2021 τήν
404 1945 529 2021 ημίονον.
563 1947 611 2008 Ὦς
624 1947 655 2005 δέ
668 1949 694 2004 οῖ
709 1945 801 2005 ἐδόκεε
817 1945 962 2024 μόρσιμον

161 2036 230 2094 εἶναι
242 2034 295 2110 ήδη
309 2039 344 2111 τῇ
359 2037 512 2110 Βαβυλῶνι
529 2034 708 2105 ἁλίσκεσθαι,
721 2034 891 2110 προσελθών
904 2042 961 2094 Δα-

159 2125 223 2202 ρείῳ
242 2121 457 2192 ἀπεπυνθάνετο,
475 2127 499 2180 εἰ
516 2123 580 2198 περὶ
598 2126 710 2181 πολλοῦ
729 2121 818 2198 κάρτα
837 2125 963 2184 ποιέεται

160 2210 211 2287 τήν
232 2213 392 2286 Βαβυλῶνα
413 2213 485 2268 ἑλεῖν
495 2235 502 2279 ;
524 2211 679 2287 πυθόμενος
695 2210 724 2268 δὲ
745 2209 781 2272 ὦς
795 2214 910 2270 πολλοῦ
922 2238 962 2271 τι·

160 2304 245 2377 μῳῖτο,
264 2297 338 2356 ἄλλο
358 2297 524 2374 ἐβουλεύετο
542 2297 611 2362 ὅκως
629 2297 711 2360 αὐτός
723 2323 754 2356 τε
768 2298 848 2357 ἔσται
861 2299 877 2358 ὁ
891 2287 967 2360 ἐλώί

162 2387 248 2463 αὐτὴν
259 2388 304 2445 καὶ
318 2391 418 2446 ἑωυτοῦ
431 2386 463 2445 τό
477 2387 558 2466 ἔργον
568 2387 656 2446 ἔσται·
678 2385 765 2462 κάρτα
777 2385 833 2465 γὰρ
847 2390 877 2446 ἐν
886 2392 964 2450 τοῖσι

162 2477 294 2555 Πέρσησι
315 2479 343 2534 αἱ
364 2474 545 2553 ἀγαθοεργίαι
561 2480 588 2537 ἐς
605 2475 638 2533 τὸ
655 2474 753 2550 πρόσω
772 2474 913 2554 μεγάθεος
924 2502 964 2535 τι·

163 2569 278 2642 μῶνται.
312 2563 391 2642 ἄλλῳ
408 2563 460 2639 μέν
478 2589 526 2622 νυν
544 2561 593 2621 οῖκ
610 2562 745 2639 ἐφράζετο
765 2564 835 2642 ἔργῳ
849 2563 965 2628 δυνατός

165 2652 237 2711 εἶναί
254 2678 302 2727 μιν
322 2651 485 2728 ὑποχειρίην
507 2654 633 2724 ποιῆσαι,
656 2655 679 2708 εἶ
700 2649 723 2708 δ’
748 2652 848 2710 ἑωυτόν
867 2655 964 2728 λωβη-

163 2739 285 2815 σοίμενος
306 2737 511 2814 αὐτομολήσειε
532 2743 559 2800 ἐς
579 2737 684 2799 αὐτούς.
722 2739 842 2798 ἐνθαῦτα
858 2745 888 2799 ἐν
901 2746 966 2799 ἐλα·

164 2831 226 2905 φρῷ
238 2826 434 2903 ποιησάμενος,
446 2825 545 2885 ἑωυτόν
553 2827 682 2900 λωβᾶται
692 2825 791 2902 λώβην
799 2825 965 2903 ἀνήκεστον·

162 2912 313 2990 οἷποταμῶν
325 2913 381 2993 γαρ
400 2916 501 2972 ἑωυτοῦ
518 2913 570 2987 τήν
582 2916 645 2988 ῥῖνα
665 2914 711 2971 καὶ
723 2912 759 2971 τό
774 2912 840 2983 ὦτα,
855 2917 903 2975 καὶ
916 2917 969 2992 τήν

164 3001 252 3077 κόμην
266 3005 354 3063 κακῶς
367 3001 531 3077 περικείρας,
541 3002 586 3058 καὶ
599 2999 793 3080 μαστιγώσας,
802 3001 876 3076 ἦλθε
890 3004 970 3081 παρὰ

110 3091 172 3150 155
179 3092 312 3168 Δαρεῖον.
356 3092 473 3167 Δαρεῖος
493 3089 523 3147 δὲ
544 3087 631 3165 κάρτα
650 3088 761 3165 βαρέως
780 3087 883 3164 ἤνεικε,
905 3092 971 3153 ἰδών

80 3200 99 3259 η
118 3234 124 3245 ,
147 3176 243 3256 ἄνδρα
261 3178 459 3260 δοκιμώτατον
474 3177 685 3255 λελωβημένον·
705 3177 739 3234 ἐκ
754 3201 787 3232 τε
799 3182 850 3234 τοῖι
866 3179 972 3255 θρόνου

140 3265 352 3349 ἀναπηδήσας
368 3268 511 3349 όνέβωσί
529 3292 561 3327 τε
579 3265 628 3325 καὶ
646 3262 737 3339 εἶρε-,ὸ
753 3259 905 3336 μινιῖὶῦῒῑῖ
915 3265 995 3337 {usu
