2040 3464
154 114 202 160 τοι
457 116 640 165 ἯΡοΔοτοτ
882 112 950 178 [ιιι

150 190 319 268 ἀλλόθροον,
342 197 519 272 μηχανῶνται
542 197 660 273 πρῆγμα
681 198 708 256 ἐς
731 191 816 251 αὐτόν
833 191 941 250 τοιόνδε

150 277 225 353 ἦσαν
240 285 279 358 τῷ
295 280 372 358 Φάνῃ
385 282 481 344 παῖδες
499 287 528 340 ἐν
544 281 676 360 Αἰγύπτῳ
691 280 951 355 καταλελειμμένοι·

150 366 216 429 τούς
235 366 386 448 ἀγαγόντες
406 375 433 431 ἐς
452 369 485 428 τό
506 367 696 445 στρατόπεδον
714 369 761 426 καὶ
778 372 805 429 ἐς
823 365 888 444 ὄψιν
901 370 952 426 τοῦ

152 453 265 530 πατρός,
284 459 408 532 κρητῆρα
424 456 547 535 ἐνμέσῳ
568 457 691 531 ἔστησαν
711 453 877 530 ἀμφοτέρων
896 459 953 514 τῶν
997 517 999 521 ,

152 543 357 616 στρατοπέδων·
376 542 448 619 μεταὶ
463 543 501 613 δὲ,
516 543 670 624 ἀγινέοντες
687 542 757 600 κατοὶ
771 543 818 601 ἕνα
832 542 954 602 ἕκαστον

152 632 208 688 τῶν
228 630 332 690 παίδων
353 631 477 706 ἔσφαζον
494 635 522 693 ἐς
538 630 588 690 τόν
610 634 749 707 κρητῆρα·
775 628 821 688 διά
841 629 954 689 πάντων

153 715 184 774 δὲ
209 716 394 786 διεξελθόντες
422 722 477 777 τῶν
508 719 620 788 παίδων,
647 717 722 776 οἶνόν
750 743 781 776 τε
808 718 853 775 καὶ
879 715 954 793 ὕδωρ

155 804 308 881 ε’σεφόρεον
335 811 362 868 ἐς
388 804 480 864 αὐτόν·
523 805 667 882 ἐμπιόντες
700 804 729 862 δὲ
757 808 808 863 τοῦ
834 803 954 880 αἵματος

153 891 254 954 πάντες
267 895 293 950 οἱ
307 893 446 969 ἐπίκουροι
465 891 536 951 οὕτω
552 892 586 967 δη
605 893 775 967 συνέβαλον.
815 891 909 969 μάχης
923 892 954 950 δὲ

153 980 303 1058 γενομένης
328 983 462 1056 καρτερῆς
488 981 534 1037 καὶ
560 979 703 1039 πεσόντων
729 980 760 1047 ἐξ
785 977 954 1055 ἀμφοτέρων

153 1070 208 1125 τῶν
235 1067 429 1143 στρατοπέδων
458 1066 562 1141 πλήθεϊ
595 1070 719 1136 πολλῶν,
746 1066 898 1142 ἐτράποντο
926 1071 954 1127 οἱ

154 1153 310 1234 Αἰγύπτιοι.

109 1243 146 1300 12
195 1246 298 1317 Θῶυμα
321 1243 351 1301 δὲ
377 1242 451 1322 μέγα
470 1243 529 1301 ἴδον
548 1241 704 1318 πυθόμενος
723 1241 800 1319 παραὶ
819 1246 874 1301 τῶν
894 1248 954 1301 ε’πι·

155 1330 270 1408 χωρίων·
290 1334 346 1389 τῶν
361 1329 416 1410 γάρ
438 1329 542 1389 ἀστέων
555 1331 775 1408 περικεχυμένων
787 1330 872 1408 χωρὶς
892 1334 954 1388 ἔκα-

154 1419 239 1493 τέρων
251 1422 306 1478 τῶν
324 1423 353 1477 ἐν
370 1422 406 1496 τῇ
426 1417 505 1496 μάχῃ
518 1418 606 1494 ταύτῃ
621 1418 773 1477 πεσόντων·
794 1418 888 1495 (χωρὶς
901 1422 955 1494 μὲν

154 1506 209 1587 γάρ
235 1510 290 1566 τῶν
313 1506 447 1583 Περσέων
473 1506 563 1564 ε’κέετο
583 1505 619 1565 τά
639 1505 734 1575 ὀστέα,
755 1505 791 1568 ὥς
811 1507 955 1583 ἐχωρίσθη

156 1592 214 1653 κατ’
228 1592 324 1672 ἀρχαῖς,
340 1594 450 1669 ἑτέρωθι
470 1594 499 1651 δὲ
516 1597 571 1652 τῶν
589 1593 767 1672 Αἰγυπτίων)
789 1595 819 1650 αἴ
832 1596 885 1668 μὲν
898 1598 955 1654 τῶν

155 1683 288 1758 Περσέων
301 1683 426 1756 κεφαλαί
438 1686 493 1739 εἰσι
507 1680 636 1743 ἀσθενέες
648 1679 725 1751 οὕτω,
738 1680 810 1739 ὥστε
823 1685 848 1739 εἰ
861 1682 954 1746 θέλεις

92 1824 96 1833 ,
154 1769 240 1846 ψηφῳ
270 1768 359 1847 μούνῃ
393 1768 510 1844 βαλέειν
540 1769 745 1844 διατετρανέεις·
786 1771 815 1826 αἱ
840 1768 872 1828 δὲ
897 1774 952 1830 τῶν

154 1858 311 1937 Αἰγυπτίων
328 1855 398 1915 οὕτω
415 1856 448 1930 δή
464 1882 492 1915 τι
514 1857 635 1934 ἰσχυραὶ,
651 1856 733 1937 μόγις
754 1853 787 1915 ἀν
803 1857 873 1936 λίθῳ
889 1862 950 1916 ποί·

155 1970 209 2006 σας
222 1943 402 2021 διαρρήξειας.
444 1945 532 2003 αἴτιον
552 1945 581 2002 δὲ
594 1943 692 2003 τούτου
709 1943 773 2003 τόδε
786 1945 892 2025 ἔλεγον,
907 1947 954 2003 καῖ

156 2033 207 2108 ε’μέ
221 2031 248 2112 γ’
268 2031 398 2094 εὐπετέως
417 2032 535 2091 ἔπειθον·
556 2031 600 2090 ότι
615 2030 764 2111 Αἰγύπτιοι
783 2034 834 2107 μὲν
855 2030 955 2092 αὐτίκα

91 2117 95 2124 ’
154 2118 210 2178 ἀπό
228 2119 343 2178 παιδίων
359 2119 508 2196 ἀρξόμενοι
529 2119 670 2195 ξυρεῦνται
687 2119 737 2182 τάς
755 2119 889 2194 κεφαλὰς,
908 2122 954 2179 καὶ

154 2207 224 2284 πρός
249 2207 299 2267 τόν
323 2206 406 2282 ἥλιον
432 2207 584 2284 παχύνεται
610 2207 643 2267 τό
671 2206 780 2267 ὀστέον·
813 2207 903 2267 τώυτό
925 2210 955 2268 δὲ

154 2299 238 2355 τοῦτο
252 2296 360 2354 καὶτοῦ
373 2293 414 2371 μη
434 2296 651 2371 φαλακροῦσθαι
670 2293 758 2354 αἴτιόν
777 2300 848 2354 ε’στι·
869 2301 954 2378 Αἰγυ·

154 2383 241 2442 πτίων
266 2382 321 2464 γάρ
349 2381 383 2441 ἀν
409 2408 450 2444 τις
477 2383 646 2461 ἐλαχίστους
672 2383 758 2441 ἴδοιτο
790 2385 955 2460 φαλακρούς

153 2472 263 2531 πάντων
289 2468 448 2547 ἀνθρώπων·
489 2471 615 2529 τούτοισι
641 2473 692 2546 μὲν
719 2470 753 2545 δή
779 2471 864 2530 τοῦτό
891 2477 955 2532 ε’στι

155 2561 243 2620 αἴτιον
257 2557 373 2637 ἰσχυραῖς
387 2558 498 2635 φορέειν
511 2557 561 2620 ταὶς
574 2557 708 2632 κεφαλαῖς.
746 2562 823 2617 τοῖσι
836 2559 866 2616 δὲ
880 2561 953 2636 Πέρ-

153 2673 226 2726 σῃσι
252 2645 296 2706 ὅτι
321 2645 455 2708 ἀσθενέας
482 2646 619 2722 φορέουσι
637 2645 688 2706 τάς
708 2646 842 2720 κεφαλαῖς,
863 2647 955 2706 αἴτιον

153 2737 226 2796 τόδε·
260 2733 480 2810 σκιητροφέουσι
500 2733 531 2801 ἐξ
549 2731 638 2811 ἀρχῆς
663 2734 764 2796 πίλους
783 2732 880 2810 τιάρας
901 2742 954 2810 φο·

153 2826 271 2902 ρέοντες.
310 2827 399 2882 ταῦτα
411 2821 463 2898 μέν
476 2846 524 2880 νυν
539 2826 655 2880 τοιαῦτα
668 2820 748 2880 ἐόντα
762 2822 829 2880 ἴδον·
851 2824 911 2883 ἴδον
923 2824 954 2882 δὲ

155 2913 201 2971 καὶ
227 2911 304 2969 ἄλλα
330 2909 416 2985 ὁμοῖα
437 2909 563 2968 τούτοισι
590 2914 619 2967 ἔν
645 2909 792 2986 Παπρήμι,
815 2912 870 2970 τῶν
893 2909 954 2987 ἅμα

152 2999 312 3078 Ἀχαιμένεϊ
336 3001 375 3077 τῷ
401 2996 521 3073 Δαρείου
548 2995 754 3073 διαφθαρέντων
777 2996 832 3057 ἀπό
854 2996 955 3076 Ἰνάρω

145 3091 201 3148 τοῦ
210 3087 333 3166 Λίβυος.

49 3176 127 3263 Ιι13
182 3179 221 3238 Οἱ
250 3177 284 3239 δὲ
308 3178 469 3264 Αἰγύπτιοι
498 3178 532 3235 ἐκ
555 3175 609 3250 τῆς
636 3171 737 3251 μάχης,
765 3171 802 3232 ὣς
825 3173 953 3247 ’πρότον-

122 3289 174 3338 ro,
202 3267 340 3349 ἔφευγον
369 3267 469 3334 οὐδενὶ
497 3263 614 3344 κόσμῳ.
656 3257 874 3332 κατεδηδὶυτων
892 3257 930 3314 λλ
946 3263 981 3316 ἒς
