2040 3464
95 105 202 170 ιι-ιι]
384 109 609 160 κυιιιουυυπ.
846 113 892 160 291

537 189 627 212 θ’]
747 190 755 209 5

93 188 201 256 τοῦτον,
214 185 325 262 ἡμίονοι
338 189 369 248 δὲ
381 190 427 247 καὶ
441 188 499 249 ὄνοι
513 216 563 248 ουκ
576 217 723 268 ανεχονται
737 189 837 270 αρχήν·
857 196 894 268 τῇ

94 271 124 329 δὲ
137 271 213 352 όλλῃ
227 275 307 335 ἵπποι
319 279 372 352 μὲν
393 281 423 336 ἓν
442 281 535 356 κρυμῷ
553 282 684 340 ἑστεῶτες
699 278 894 354 ἀποσφακελί-

94 360 182 430 ζουσι,
206 359 265 421 ὄνοι
288 363 318 422 δὲ
345 363 390 422 καὶ
411 362 521 440 ἡμίονοι
545 365 700 444 α’νέχονται.
742 366 841 424 Δοκέει
865 366 896 425 δέ
903 367 938 428 29

94 473 142 514 μοι
160 449 205 506 καὶ
224 449 258 509 τό
276 450 356 531 γένος
373 455 429 511 τῶν
446 453 525 526 βοῶν
544 452 577 512 τό
595 453 681 513 κόλον
699 452 744 513 διαὶ
759 458 848 512 ταῦτα
861 452 893 512 ού

92 534 174 608 φύειν
186 536 267 613 κέρεα
279 538 387 598 αύτόθι·
408 541 555 617 μαρτυρέει
569 541 600 598 δέ
614 566 669 616 μου
688 540 834 622 τῇγνώμῃ
848 541 894 600 καὶ

91 623 217 700 Ὀμήρου
231 627 296 688 έπος
310 631 339 685 ε’ν
351 626 512 705 Ὀδυσσείῃ,
528 629 592 706 ἔχον
606 626 667 687 ῶδε·

157 715 208 762 Καὶ
224 715 323 777 Λιβυην,
343 714 381 764 ὅθι
397 714 418 764 τΙ
434 717 501 778 ἄρνες
518 718 585 779 ἄφαρ
602 718 682 779 κεραοὶ
699 717 832 766 τελέθουσι·

90 781 180 858 ὀρθῶς
203 787 354 862 εἰρημένον,
377 791 406 845 ἐν
426 791 504 845 τοῖσι
525 788 655 863 θερμοῖσι
675 787 746 865 ταχύ
771 788 889 868 παραγί·

91 873 189 930 νεσθαι
201 873 238 931 τῶ
252 875 341 950 κέρεα·
362 880 391 933 ἐν
407 874 437 932 δὲ
452 877 529 932 τοῖσι
546 879 691 953 ἰσχυροῖσι
707 873 813 952 ψύχεσι
825 873 844 950 ἦ
858 874 890 934 ού

90 958 156 1032 φύει
170 962 250 1037 κέρεα
267 961 302 1020 τό
319 961 420 1037 κτήνεα
440 961 538 1040 ἀρχὴν,
553 961 571 1038 ἢ
585 963 692 1038 φύοντα
713 961 778 1037 φύει
797 962 889 1043 μόγις.

90 1048 208 1107 ἐνθαῦτα
220 1050 272 1125 μέν
286 1075 334 1108 νυν
347 1049 391 1109 διώ
403 1049 440 1110 τῶ
453 1051 544 1129 ψύχεα
559 1051 664 1132 γίνεται
677 1056 774 1110 ταῦτα.
815 1058 889 1109 Θωυ-
898 1052 937 1113 30

88 1134 166 1210 μύζω
182 1137 219 1207 δὲ,
239 1137 414 1216 (προσθήκας
428 1138 483 1218 γοὶρ
503 1137 536 1213 δή
552 1165 601 1214 μοι
617 1139 632 1198 ὁ
649 1138 735 1220 λόγος
753 1138 785 1207 ἐξ
800 1138 889 1216 ἀρχῆς

90 1222 216 1304 ἐδίζητο,)
231 1225 274 1284 ὅτι
292 1231 321 1285 ε’ν
341 1230 377 1303 τῇ
392 1225 492 1304 Ἠλείῃ
508 1224 588 1304 πόσῃ
608 1226 686 1306 χώρῃ
708 1225 740 1285 ού
761 1226 888 1285 δυνέαται

88 1313 216 1391 γίνεσθαι
242 1313 362 1390 ἡμίονοι,
387 1313 450 1374 οὔτε
477 1319 586 1392 ψυχροῦ
608 1318 659 1384 τρῦ
683 1313 775 1393 χώρου
797 1313 889 1378 ε’όντος

88 1399 152 1459 οὔτε
164 1400 256 1461 ἄλλου
277 1407 400 1480 φανεροῦ
421 1403 509 1462 αἰτίου
530 1401 649 1465 οὐδενός·
671 1404 746 1478 φασὶ
764 1401 794 1460 δὲ
810 1399 888 1461 αύτοὶ

87 1486 197 1548 Ἠλεῖοι
219 1496 249 1549 ἐκ
271 1490 391 1568 κατάρης
411 1516 459 1550 τευ
476 1489 507 1549 ού
525 1491 656 1570 γίνεσθαί
676 1497 732 1566 σφι
747 1488 887 1566 ἡμιόνους·

87 1574 153 1634 ἀλλ’
174 1577 258 1637 ἐπεοῖν
278 1581 384 1658 προσίῃ
404 1579 423 1654 ηι
444 1577 500 1655 ῶρη
521 1579 687 1638 κυΐσκεσθαι
706 1577 757 1641 τῶς
778 1577 887 1647 ἵππους,

651 1665 694 1686 Ἰ
771 1667 808 1688 ΗΙ
879 1665 888 1686 Ι

87 1664 266 1733 ἐξελαύνουσι
281 1672 307 1730 ἐς
319 1666 384 1730 τούς
396 1665 611 1744 πλησιοχώρους
625 1693 718 1729 αυτας·
735 1692 781 1724 και
794 1692 888 1726 επειτα

86 1759 143 1828 σφι
164 1759 192 1813 ἐν
211 1759 248 1832 τῇ
264 1759 320 1814 τῶν
339 1757 429 1818 πέλας
447 1760 549 1813 ἐπιεῖσι
568 1754 633 1818 τούς
651 1753 738 1824 όνους,
758 1759 785 1817 ἒς
802 1752 834 1812 οὗ
852 1752 887 1813 ἂν

87 1845 180 1918 σχῶσι
194 1846 223 1901 αἱ
237 1843 317 1901 ἵπποι
330 1847 359 1902 ἓν
370 1844 484 1922 γαστρί·
505 1844 599 1902 ἔπειτα
612 1843 641 1901 δὲ
658 1841 750 1902 όπίσω
764 1840 884 1900 α’πελαύ·

86 1955 176 1988 νουσι.
218 1932 291 2007 Περὶ
311 1931 340 1989 δὲ
357 1935 412 1990 τῶν
435 1934 550 2008 πτερῶν,
566 1934 621 1990 τῶν
641 1930 747 1994 Σκύθαι
767 1930 927 2011 λέγουσι3]

86 2015 231 2078 όνοίπλεων
245 2018 313 2078 εἶναι
326 2017 375 2078 τόν
387 2018 465 2096 ἠέρα,
480 2019 526 2076 καὶ
545 2018 649 2078 τούτων
667 2018 756 2078 εἵνεκα
775 2018 825 2077 ούκ
838 2018 884 2078 οἶοί

85 2131 116 2163 τε
135 2105 204 2165 εἶναι
220 2104 283 2166 οὔτε
299 2107 365 2165 ἰδεῖν
384 2107 417 2166 τδ
438 2107 536 2183 πρόσω
556 2110 607 2182 τῆς
626 2106 742 2183 η’πείρου
763 2105 826 2165 οὔτε
846 2107 884 2164 δι-

86 2193 193 2264 εξιέναι,
206 2193 288 2270 τήνδε
302 2196 355 2273 ἔχω
368 2195 432 2271 περὶ
446 2193 535 2254 αὐτῶν
548 2194 600 2270 πψν
612 2193 734 2275 γνώμην·
754 2194 791 2254 τῶ
804 2194 883 2253 κατύ-

85 2283 170 2358 περθε
188 2283 291 2358 ταύτης
309 2288 360 2358 τῆς
379 2283 470 2361 χώρης
490 2283 544 2342 αἰεὶ
563 2284 682 2357 νίφεται,
697 2281 835 2341 ε’λόσσονι
856 2283 885 2340 δὲ

85 2374 134 2428 τοῦ
149 2371 241 2447 θέρεος
254 2368 272 2446 ἢ
285 2375 335 2430 τοῦ
347 2375 490 2450 χειμῶνος,
506 2369 600 2447 ὥσπερ
615 2371 662 2429 καὶ
678 2369 761 2432 οἶκός·
782 2369 835 2445 ἤδη
850 2368 886 2428 ῶν

86 2457 164 2520 ὅστις
179 2458 302 2538 ἀγχόθεν
319 2459 402 2537 χιόνα
416 2458 504 2535 οἷδρήν
519 2459 679 2518 πίπτουσαν
700 2457 763 2526 εἶδε,
778 2457 835 2516 οἶδε
851 2457 884 2516 τό

85 2547 168 2626 λέγω·
190 2548 261 2606 ἔοικε
280 2547 335 2628 γὰρ
352 2547 371 2623 ἦ
391 2546 461 2626 χιών
475 2551 614 2624 πτεροῖσι·
636 2545 682 2604 καὶ
701 2544 746 2603 διοὶ
760 2543 810 2604 τόν
827 2571 884 2623 χει·
939 2608 941 2613 ,

84 2639 163 2713 μῶνα
175 2638 275 2695 τοῦτον
288 2635 370 2695 ἐόντα
382 2639 516 2705 τοιοῦτον,
531 2634 648 2711 οἷοίκητα
660 2632 696 2693 τῶ
711 2632 781 2709 πρός
793 2634 885 2709 βορῆν

85 2729 148 2784 ε’στι
166 2727 218 2799 τῆς
236 2723 352 2801 ἠπείρου
372 2723 482 2800 ταύτης·
508 2722 545 2783 τοὶ
565 2723 600 2782 ῶν
621 2720 709 2798 πτερῶ
730 2720 885 2791 εἰκάζοντας

84 2812 136 2888 τὴν
148 2812 231 2892 χιόνα
243 2812 307 2875 τούς
321 2812 430 2876 Σκύθας
446 2837 476 2869 τε
492 2811 538 2869 καὶ
555 2809 619 2872 τούς
631 2808 787 2885 περιοίκους
801 2808 886 2866 δοκέω

83 2902 188 2982 λέγειν.
228 2904 318 2960 ταῦτα
342 2900 394 2978 μέν
428 2925 476 2960 νυν
508 2897 545 2957 τοὶ
577 2897 691 2978 λέγεται
723 2896 886 2975 μακρότατα

84 2991 201 3067 εἴρηται.

123 3075 320 3154 Ὑπερβορέων
340 3074 370 3134 δὲ
389 3076 454 3152 πέρι
473 3072 625 3151 ἀνθρώπων
645 3071 708 3132 ούτε
727 3098 755 3131 τι
779 3069 883 3135 Σκύθαι
895 3071 932 3128 32

82 3166 212 3248 λέγουσι,
221 3164 284 3224 ούτε
295 3165 367 3226 τινὲς
379 3162 465 3222 ἄλλοι
477 3166 532 3223 τῶν
544 3161 633 3242 ταύτῃ
645 3161 812 3237 οἰκημένων,
819 3163 847 3215 ἐι
858 3157 903 3230 μὴ

76 3253 132 3329 (zoa
151 3249 320 3329 Ἰσσηδόνες·
342 3251 380 3318 ώς
393 3251 417 3312 δ’
433 3251 489 3338 ἐγώ
504 3252 608 3325 δοκέω,
620 3248 675 3312 οὐδ’
696 3244 927 3320 οἷποιλέηςυῦῑ
