2040 3464
79 104 188 170 78-81]
432 111 542 157 ΚΛΕΙΩ.
852 113 882 159 39

79 185 128 246 εἶπ’
146 187 244 256 ἵππων,
266 187 386 264 δούρατά
406 215 436 247 τε
458 188 576 265 ἐφόρεον
595 189 716 270 μεγάλα,
738 189 784 248 καὶ
805 190 884 248 αὐτοὶ

80 274 155 351 ἦσαν
174 274 340 334 ἱππεύεσθαι
356 275 467 357 ἀγαθοί.
509 275 556 340 Ἐς
573 276 606 336 τῦ
625 277 720 336 πεδίον
739 278 768 336 δὲ
784 282 882 336 ουνελ-
893 280 929 338 80

79 362 185 423 θόντων
194 367 277 422 τοῦτο
289 363 323 422 τδ
336 364 392 440 πρό
406 368 456 424 τοῦ
467 363 568 428 ἅστεός
582 371 643 424 ἐστι
656 369 705 424 τοῦ
721 366 882 442 Σαρδιηνοῦ,

79 451 126 510 ἐόν
136 452 211 530 μέγα
223 476 254 509 τε
268 452 314 509 καὶ
328 452 421 528 ψιλόν,
433 452 490 530 (δια
503 452 532 510 δὲ
546 451 629 511 αῦτοῦ
640 453 763 529 ποταμοὶ
776 455 884 530 ῥέοντες

79 540 127 598 καὶ
146 537 232 598 ἄλλοι
252 538 298 597 καὶ
313 538 421 602 Ὕλλος
437 544 611 620 συρρηγνῦσι
630 545 657 603 ἐς
673 541 723 600 τόν
739 542 883 621 μέγιστον,

79 625 251 702 καλεόμενον
274 626 304 684 δὲ
320 625 436 703 Ἕρμον,
459 626 489 689 ῦς
511 629 542 696 ἐξ
565 627 658 705 οῦρεος
683 631 743 704 ἱροῦ
767 635 883 704 Μητρος

79 713 256 791 Δινδυμήνης
265 715 334 791 ῥέων
347 715 449 774 ἐκδιδοῖ
462 721 488 777 ἐς
502 714 654 775 θάλασσαν
668 715 738 774 κατὰ
756 717 883 792 Φωκαίην

78 804 188 881 πόλιν,)
208 803 325 862 ἐνθαῦτα
348 802 364 861 ό
389 807 482 880 Κῦρος
502 802 538 865 ιῦς
563 803 617 863 εἶδε
640 803 704 866 τοῦς
727 803 835 866 Λυδοῦς
856 809 885 867 ἐς

78 889 176 968 μάχην
193 889 395 968 τασσομένους,
410 890 625 968 καταρρωδήσας
640 892 693 967 τήν
709 891 796 951 ἵππον
810 892 882 950 ἐποί-

81 1003 145 1052 ησε,
162 977 306 1059 Ἃρπάγου
326 977 498 1054 ῦποθεμένου
520 977 618 1055 α’νδρῦς
638 979 747 1055 Μήδου,
768 979 882 1039 τοιόνδε·

81 1065 150 1125 ὅσαι
162 1070 200 1144 τῷ
217 1070 328 1144 στρατῷ
343 1070 381 1145 τῷ
395 1070 494 1125 ἑωυτοῦ
512 1066 611 1126 ἕποντο
629 1067 779 1143 σιτοφόροι
791 1093 823 1126 τε
840 1067 884 1125 καὶ

81 1153 252 1230 σκευοφόροι
266 1153 396 1229 κάμηλοι,
410 1153 511 1216 ταύτας
527 1153 623 1217 πάσας
638 1155 742 1217 ἁλίσας
760 1156 805 1213 καὶ
819 1154 884 1213 α’πε-

116 1240 237 1263 λλῖ
467 1241 646 1267 ,ἱὶἱὶ

81 1245 141 1302 λων
160 1268 197 1301 τα
219 1243 317 1320 αχθεα,
338 1240 438 1318 ἄνδρας
461 1269 496 1301 επ
523 1269 608 1305 αυτας
628 1244 754 1318 ανέβησε
778 1242 882 1301 ἱππάδα

82 1329 192 1405 στολήν
208 1330 435 1407 ἐνεσταλμένους·
457 1330 598 1393 σκευάσας
616 1331 646 1388 δὲ
661 1329 769 1398 αὐτοῦς,
783 1331 884 1406 προσέ-

82 1418 149 1487 ταξε
160 1422 211 1494 τῆς
223 1417 314 1493 ἄλλης
328 1422 461 1494 στρατιῆς
474 1419 600 1496 προϊέναι
612 1416 683 1495 πρός
695 1417 747 1493 τήν
758 1418 885 1494 Κροίσου

83 1506 177 1576 ἵππον,
197 1504 233 1585 τῇ
257 1505 287 1564 δέ
308 1505 424 1584 καμήλῳ
445 1506 563 1565 ἔπεσθαι
585 1505 634 1565 τόν
654 1504 739 1575 πεζδν
763 1506 885 1582 στρατόν

83 1594 202 1652 ἐκέλευε·
225 1591 328 1654 ὄπισθε
349 1594 378 1652 δὲ
400 1598 450 1653 τοῦ
471 1595 555 1664 πεζοῦ
580 1593 695 1662 ἐπέταξε
717 1592 769 1668 τήν
788 1596 886 1652 πᾶσαν

293 1682 392 1704 tt!

83 1683 178 1742 ἵππον.
221 1680 256 1745 ὥς
269 1682 299 1740 δε
313 1709 340 1741 οι
352 1708 452 1744 παντες
466 1679 651 1760 διετετάχατο,
665 1681 818 1759 παραίνεσε
830 1685 885 1741 τιῦν

82 1772 134 1846 μὲν
146 1768 242 1829 ἄλλων
254 1770 351 1829 Λυδῶν
364 1769 404 1846 μή
416 1769 594 1846 φειδομένους
607 1770 722 1829 κτείνειν
732 1769 823 1829 πάντα
835 1769 886 1830 τόν

83 1857 211 1935 ἐμποδῦν
228 1857 382 1939 γινόμενον,
402 1862 530 1934 Κροῖσον
548 1858 578 1917 δὲ
598 1857 682 1918 αὐτόν
701 1857 741 1933 μή
761 1857 884 1927 κτείνειν,

81 1946 152 2022 μηδὲ
178 1944 214 2021 ἢν
237 1945 511 2022 συλλαμβανόμενος
535 1944 679 2022 οἶμῦνηται.
722 1949 810 2004 ταῦτα
833 1947 885 2020 μέν

82 2033 244 2110 παραίνεσε.
284 2033 334 2106 τάς
351 2034 379 2091 δὲ
394 2033 536 2109 καμήλους
550 2033 627 2101 ἔταξε
642 2033 721 2092 οἷντία
734 2036 784 2108 τῆς
798 2033 885 2091 ἵππου

82 2123 168 2182 τῶνδε
193 2122 303 2181 εἵνεκεν·
331 2120 459 2198 κάμηλον
487 2122 580 2183 ἵππος
595 2121 741 2196 φοβέεται,
765 2120 811 2178 καὶ
835 2119 884 2178 οῦκ
940 2115 943 2120 ’

82 2209 211 2288 α’νέχεται
225 2209 288 2269 οῦτε
303 2208 355 2284 τήν
369 2210 442 2284 ἰδέην
455 2207 541 2284 αὐτῆς
554 2209 639 2285 ὁρέων
653 2208 716 2268 οὔτε
732 2207 783 2283 τήν
797 2206 886 2284 ὀδμήν

82 2296 315 2375 ὀσφραινόμενος·
337 2296 420 2355 αῦτοῦ
440 2297 473 2372 δή
494 2296 531 2356 ὧν
548 2296 648 2356 τούτου
667 2297 768 2356 εἵνεκεν
787 2296 885 2355 ἐσεσό-

82 2393 181 2462 φιστο,
197 2386 240 2445 ἵνα
252 2390 291 2464 τῷ
304 2386 420 2464 Κροίσιρ
432 2385 576 2463 ἄχρηστον
589 2383 608 2463 ᾗ
620 2384 654 2444 τό
670 2384 791 2454 ἱππικὸν,
802 2388 841 2463 τῷ
852 2384 886 2460 δή

81 2500 110 2533 τι
123 2474 170 2532 καὶ
183 2477 277 2552 ἐπεῖχε
291 2472 489 2550 ἐλλάμψεσθαι
503 2473 519 2532 ό
533 2473 632 2535 Λυδός.
674 2473 708 2536 ὥς
722 2474 751 2532 δὲ
765 2473 811 2530 καὶ
823 2498 887 2531 συν-

82 2561 171 2640 ήεσαν
188 2567 215 2624 ἐς
229 2561 281 2636 τήν
296 2561 399 2639 μάχην,
415 2562 533 2620 ἐνθαῦτα
551 2561 586 2624 οἷς
603 2560 749 2637 ὄσφραντο
765 2559 888 2638 τάχιστα

84 2654 138 2710 τῶν
159 2648 291 2725 καμήλων
312 2653 339 2708 οἱ
360 2649 440 2708 ἵπποι
457 2649 503 2707 καὶ
521 2648 592 2709 εἶδον
609 2649 701 2717 αὐτάς,
717 2648 808 2708 ὀπίσω
825 2647 886 2706 άνέ-

83 2743 218 2813 στρεφον,
228 2737 380 2813 διέφθαρτό
390 2762 421 2796 τε
431 2741 469 2816 τῷ
480 2737 622 2816 Κροίσῳή
634 2737 722 2799 ἐλπίς.
751 2735 783 2795 οῦ
792 2735 887 2811 μέντοι

83 2827 114 2886 οἵ
124 2851 158 2907 γε
169 2825 256 2884 Λυδοὶ
268 2824 301 2884 τό
313 2827 437 2886 ἐνθεῦτεν
448 2826 535 2884 δειλοὶ
548 2825 632 2901 ἦσαν·
649 2824 724 2894 ἀλλ’,
737 2824 771 2887 (ῦς
786 2824 888 2899 ἔμαθον

83 2915 115 2974 τό
126 2911 281 2995 γινόμενον,
290 2914 475 2990 α’ποθορόντες
489 2911 545 2972 άπῦ
556 2918 611 2972 τῶν
623 2914 712 2971 ἵππων
720 2912 799 2982 πεζοὶ
812 2914 890 2971 τοῖσι

84 3003 219 3079 Πέρσῃσι
239 3002 428 3077 συνέβαλλον.
470 3001 561 3080 χρόνῳ
582 3001 620 3068 δὲ,
637 2999 781 3059 πεσόντων
797 2998 890 3075 ἀμφο-

83 3091 170 3167 τέρων
185 3093 310 3158 πολλῶν,
324 3089 475 3166 ἐτράποντο
492 3091 519 3147 οἱ
535 3088 622 3147 Λυδοὶ
636 3087 844 3162 κατειληθέντες
860 3087 893 3146 δὲ

84 3183 112 3240 ἐς
125 3177 158 3236 τῦ
170 3180 263 3254 τεῖχος
275 3179 494 3256 ἐπολιορκέοντο
507 3176 566 3239 ῦπδ
580 3181 638 3239 τῶν
650 3176 810 3255 ἷὶερσέωυ,

114 3267 194 3322 Τοῖσι
206 3266 263 3334 μὲν
275 3264 313 3340 δή
327 3267 509 3348 κατεστήκεε
524 3269 706 3349 πολιορκίη.
742 3267 893 3343 Ἐρόὶῦῦῖ
900 3252 994 3314 &QX
