2040 3464
83 93 225 166 ται-ατη·
420 105 555 156 emm,
836 106 882 153 τοι

81 182 113 242 δέ
134 186 161 242 οἱ
183 182 330 260 ήπείλησε,
352 183 387 259 ἢν
409 189 466 247 σῶς
492 183 677 262 ἀπονοστήσῃ
702 181 815 243 πολλάν
837 209 886 258 μιν

80 270 184 349 χρόνον
197 271 426 349 παρθενεύεσθαι·
445 271 464 347 ή
479 271 509 330 δὲ
521 271 650 348 ἠρήσατο
659 270 789 331 ἐπιτελέα
797 275 886 330 ταῦτα

80 359 222 438 γενέσθαι·
244 359 404 434 βούλεσθαι
420 360 476 439 γάρ
493 359 717 435 παρθενεύεσθαι
729 359 806 417 πλέω
819 357 884 436 χρά-

81 471 130 505 νον
151 443 170 521 ή
191 450 241 506 τοῦ
268 446 374 523 πατράς
400 447 581 520 ἐστερῆσθαι.
623 445 809 522 Πολυκράτης
835 447 931 507 δέ125

81 533 176 609 πάσης
190 535 369 610 συμβουλίης
382 533 537 614 ἀλογήσας,
549 535 631 592 ἔπλεε
644 532 721 609 παραὶ
732 533 781 592 τάν
794 533 885 610 Ὀροί-

81 646 132 681 τεα
149 620 208 697 ἅμα
227 620 362 701 ἀγόμενος
382 621 488 684 ἀλλους
505 647 537 680 τε
553 619 680 683 πολλούς
697 625 752 680 τῶν
769 623 883 698 ἑταίρων

82 712 112 767 ἐν
128 708 158 766 δὲ
175 708 209 785 δή
227 710 273 766 καὶ
292 708 460 785 Δημοκήδεα
476 708 526 768 τάν
540 712 757 783 Καλλιφῶντος,
772 714 885 784 Κραται-

82 795 187 872 νιήτην,
202 795 289 873 ἄνδρα
309 796 402 874 ἶητράν
416 823 447 855 τε
466 796 547 867 ἐόντα
564 797 610 854 καὶ
622 797 674 870 τήν
687 796 789 874 τέχνην
801 796 884 856 ἀσκέ·

82 907 151 943 οντα
164 883 267 959 ἀριστα
283 889 339 944 τῶν
354 884 412 943 κατ’
427 884 536 943 ἑωυτόν.
571 884 737 960 ἀπικόμενος
751 884 781 942 δὲ
794 889 822 946 ἐς
834 885 886 960 τήν

83 973 254 1052 Μαγνησίην
276 971 292 1030 ὁ
320 971 506 1047 Πολυκράτης
533 971 672 1049 διεφθάρη
699 977 796 1042 κακῶς,
821 971 886 1033 οὔτε

83 1063 185 1119 ἑωυτοῦ
198 1059 280 1128 ἀξίως
294 1058 358 1119 οὔτε
371 1064 426 1120 τῶν
440 1065 540 1119 ἑωυτοῦ
555 1060 750 1137 φρονημάτων·
772 1061 815 1119 ὅτι
828 1060 884 1140 γάρ

82 1146 123 1223 μή
138 1152 165 1207 οἱ
181 1149 360 1225 Συρηκοσίων
375 1147 521 1229 γενόμενοι
537 1149 676 1223 τύραννοι,
691 1147 753 1206 οὐδὲ
774 1148 812 1210 εἷς
831 1153 887 1208 τῶν

84 1233 180 1294 άλλων
197 1234 371 1311 Ἑλληνικῶν
386 1234 525 1311 τυράννων
540 1232 618 1304 ἀξιάς
634 1240 695 1294 ἐστι
709 1235 887 1311 Πολυκράτεϊ

83 1324 328 1402 μεγαλοπρεπείην
351 1321 564 1399 συμβληθῆναι.
599 1321 763 1384 ἀποκτείνας
784 1322 815 1381 δέ
837 1349 886 1398 μιν

84 1409 135 1468 ούκ
148 1410 229 1480 ἀξίως
240 1409 400 1490 ἀπηγήσιος
412 1410 549 1487 Ὀροίτης,
564 1409 769 1487 ἀνεσταύρωσε·
789 1414 843 1469 τῶν
856 1411 887 1469 δέ

85 1501 113 1556 αἱ
133 1500 273 1574 ἑπομένων
292 1500 358 1559 ὅσοι
373 1501 426 1575 μὲν
441 1498 515 1572 ἦσαν
536 1497 638 1573 Σάμιαι
654 1497 753 1572 ἀπῆκε,
768 1497 886 1558 κελεύων

85 1588 178 1662 σφέας
197 1591 286 1664 ἑωυτῷ
302 1585 385 1665 χάριν
403 1586 502 1645 εἰδέναι
519 1586 614 1648 ἐόντας
631 1587 800 1662 ἐλευθέρους
822 1585 887 1646 ὅσοι

85 1673 115 1731 δὲ
128 1674 203 1747 ἦσαν
216 1675 303 1743 ξεῖνοί
313 1701 344 1733 τε
358 1674 404 1732 καὶ
418 1673 515 1733 δοῦλοι
528 1678 583 1733 τῶν
597 1674 737 1750 ἑπομένων
751 1679 780 1733 ἐν
789 1672 887 1751 ἀνδρα·

85 1762 176 1822 πάδων
193 1763 270 1843 λόγῳ
287 1762 450 1838 ποιεύμενος
471 1762 539 1841 εἶχε·
563 1762 748 1840 Πολυκράτης
768 1763 798 1821 δὲ
821 1762 886 1823 ἀνα·

85 1850 264 1928 κρεμάμενος,
279 1852 407 1909 ἐπετέλεε
425 1854 522 1910 πᾶσαν
535 1850 586 1924 τήν
600 1850 665 1927 ὄψιν
677 1855 727 1925 τῆς
740 1851 885 1930 θυγατρός·

85 1942 185 1997 ἐλοῦτο
204 1941 256 2014 μὲν
273 1937 329 2018 γάρ
350 1938 404 1997 ύπά
425 1942 476 1997 τοῦ
498 1938 565 2001 Διδς
582 1938 650 2001 ὅκως
666 1938 718 2008 ύοι,
733 1940 841 2017 ἐχρίετο
855 1941 884 1998 δὲ

85 2025 139 2084 ύπδ
156 2030 206 2085 τοῦ
222 2025 305 2100 ήλίου
324 2025 407 2087 ἀνιεὶς
425 2025 508 2088 αύτάς
522 2033 552 2084 ἐκ
565 2031 615 2085 τοῦ
630 2026 760 2104 σώματος
774 2028 884 2103 ἰκμάδα.

86 2113 282 2190 Πολυκράτεος
301 2117 354 2189 μὲν
375 2113 409 2187 δή
431 2117 460 2171 αἱ
481 2116 588 2172 πολλαὶ
613 2115 736 2192 εὐτυχίαι
754 2120 782 2177 ἐς
802 2120 885 2175 τοΐτο

86 2201 278 2277 ἐτελεύτησαν,
294 2205 330 2279 τῇ
352 2204 379 2261 οἱ
394 2201 519 2277 Ἄμασις
540 2201 555 2261 ά
577 2202 721 2284 Αἰγύπτου
745 2204 886 2276 βασιλεύς

87 2289 339 2364 προεμαντεύσατο.

126 2377 224 2456 Χρόνῳ
238 2377 267 2436 δὲ
281 2376 313 2436 ού
326 2381 425 2455 πολλῶ
437 2378 556 2454 ὕστερον
570 2379 615 2436 καὶ
627 2377 757 2452 Ὀροίτεα
770 2382 864 2437 Πολυ-
875 2379 911 2436 1²2
916 2381 931 2440 6

85 2464 200 2540 κράτεος
214 2467 302 2528 τίσιες
316 2467 467 2540 μετῆλθον.
501 2466 573 2542 μετά
586 2465 641 2546 γάρ
653 2464 704 2523 τάν
722 2463 887 2540 Καμβύσεω

43 2607 45 2610 ⁴
84 2553 205 2612 θάνατον
224 2554 270 2611 καὶ
290 2558 345 2612 τῶν
367 2552 474 2631 Μάγων
491 2552 542 2626 τήν
563 2552 729 2629 βασιληίην,
747 2552 836 2627 μένων
856 2558 886 2612 ἐν

83 2645 153 2718 τῇσι
174 2640 293 2717 Σάρδισι
312 2641 441 2717 Ὀροίτης
462 2639 568 2714 ῶφέλει
589 2644 640 2717 μὲν
661 2640 740 2698 αι’δὲν
761 2639 885 2716 Πέρσας,

84 2728 139 2788 find
154 2729 258 2804 Μήδων
268 2729 508 2805 ἀπαραιρημένους
521 2727 573 2802 τήν
584 2726 683 2805 ἀρχήν·
698 2726 752 2784 ἀδὲ
761 2732 790 2786 ἐν
798 2726 885 2806 ταύτῃ

84 2821 120 2892 τῇ
142 2820 253 2894 ταραχῇ
277 2817 347 2875 κατά
371 2820 422 2892 μὲν
446 2817 546 2874 ἔκτεινε
572 2813 760 2892 Μιτροβάτεα
781 2814 831 2874 τάν
854 2819 886 2875 ἐκ

85 2906 264 2963 Δασκυλείου
285 2903 420 2982 ὕπαρχον,
440 2903 471 2965 ὅς
489 2907 516 2961 οἱ
538 2902 662 2962 ὠνείδισε
682 2903 718 2962 τά
741 2908 768 2965 ἐς
789 2906 884 2961 Πολυ·

85 2991 187 3067 κράτεα
204 2992 311 3069 έχοντα,
326 2992 397 3050 κατά
412 2992 442 3050 δὲ
459 2995 509 3050 τοῦ
527 2990 718 3067 Μιτροβάτεω
734 2991 783 3050 τάν
799 2990 884 3049 παῖδα
918 3037 921 3042 .

85 3079 270 3154 Κρανάσπην,
290 3078 390 3156 ἀνδρας
408 3084 437 3138 ἐν
454 3081 587 3157 Πέρσησι
605 3079 742 3155 δοκίμους,
758 3077 835 3137 ἀλλα
854 3104 885 3138 τε

85 3167 219 3243 ἐξύβρισε
236 3173 364 3227 παντοῖα·
387 3168 435 3227 καί
450 3193 515 3228 τινα
532 3166 689 3250 ἀγγαρήιον
714 3168 838 3242 Καρέιου
854 3168 907 3217 ἐλε-

238 3254 446 3278 ”K‘'

78 3253 164 3314 fflv'vra
178 3281 236 3334 παρ
252 3282 349 3330 αυταν,
361 3285 397 3325 ως
411 3286 448 3322 ου
461 3258 539 3341 πρὸς
551 3257 662 3338 ἡδονήν
676 3259 708 3315 οἱ
717 3253 757 3330 ἦν
768 3251 811 3312 τῶ.
823 3245 935 3322 &affl
