2040 3464
114 115 161 161 ιιι
408 111 602 160 ··Ηι>οΔουου
854 109 915 174 [ιν.

117 192 178 253 ἐπεί
188 219 219 252 τε
231 193 281 252 τόν
295 193 445 268 Κορώβιον
459 191 589 253 λιπόντες
603 195 631 250 ἐν
643 193 679 268 τῇ
693 187 770 268 νήσῳ
784 188 918 248 α’πίκοντο

114 287 142 344 ἐς
162 279 214 355 τήν
238 279 343 356 Θήρην,
365 279 529 360 οἷπήγγελον
551 279 586 341 ὥς
607 286 663 354 σφι
690 279 732 352 εἴη
759 282 846 351 νῆσος
873 278 918 335 ἐπὶ

114 368 209 445 Λιβύη
231 368 389 443 ἐκτισμένη.
425 369 575 444 Θηραίοισι
596 369 625 426 δὲ
646 366 707 424 ἕαδε
729 364 870 440 α’δελφεόν
887 390 918 423 τε

113 455 161 515 ἀπ’
180 455 320 530 ἀδελφεοῦ
339 457 459 531 πέμπειν
477 457 560 534 πάλῳ
580 456 715 534 λαχόντα,
731 454 777 511 καὶ
795 452 851 512 α’πό
864 458 919 512 τῶν

113 543 211 623 χιόρων
225 542 354 602 ἁπάντων
368 545 438 602 ἑπτὰ
452 544 551 603 ἐόντων
565 542 673 620 ἄνδρας·
696 541 765 601 εἶναι
778 541 810 598 δέ
821 548 918 616 σφεων

114 633 160 690 καὶ
180 629 306 711 ἡγεμόνα
327 633 373 690 καὶ
393 633 521 708 βασιλέα
542 631 661 690 Βάττον.
696 628 767 688 οὕτω
785 628 820 704 δή
835 631 918 688 στέλ-

115 723 201 778 λουσι
215 719 264 777 δύο
278 722 510 796 πεντηκοντέρους
525 725 552 782 ἐς
564 719 616 794 τήν
629 719 773 777 Πλατέαν.

68 810 125 866 154
168 811 264 865 Ταῦτα
284 807 314 864 δέ
335 812 452 883 Θηραῖοι
472 809 599 888 λέγουσι·
621 806 657 866 τᾶ
673 805 696 864 δ’
715 806 851 864 ἐπίλοιπα
868 809 919 863 τοῦ

114 894 212 975 λόγου,
227 896 421 972 συμφέρονται
433 896 486 972 ἤδη
500 900 618 972 Θηραῖοι
631 894 827 970 Κυρηναίοισι.
863 899 918 950 Κυ-

113 986 222 1059 ρηναῖοι
242 982 297 1062 γάρ
315 984 351 1042 τὰ
373 986 437 1060 περὶ
456 984 566 1043 Βάττον
583 983 710 1058 οὐδαμῶς
728 980 919 1060 ὁμολογέουσι

115 1070 273 1146 Θηραίοισι·
305 1071 424 1152 λέγουσι
450 1072 505 1152 γάρ
534 1071 614 1130 οὕτω·
646 1071 707 1128 ἔστι
733 1072 784 1143 τῆς
805 1068 919 1144 Κρήτης

113 1156 196 1227 Ἀξός
217 1158 300 1220 πόλις
322 1164 351 1218 ἐν
368 1164 404 1238 τῇ
426 1162 534 1240 ἐγένετο
552 1159 703 1236 Ἐτέαρχος
717 1154 867 1233 βασιλεύς·
888 1156 919 1217 ὃς

115 1246 160 1304 ἐπὶ
186 1247 302 1326 θυγατρὶ
323 1247 454 1324 α’μήτορι,
478 1253 514 1326 τῇ
536 1247 643 1324 ούνομα
663 1245 698 1321 ἦν
719 1246 854 1321 Φρονίμη,
874 1246 919 1302 ἐπὶ

114 1332 201 1410 ταύτῃ
220 1335 305 1413 ἔγημε
326 1334 419 1410 ἄλλην
432 1341 558 1416 γυναῖκα·
580 1335 598 1411 ἦ
613 1335 642 1393 δέ
657 1334 853 1392 ἐπεσελθοῦσα
867 1333 920 1391 ἐδι-

114 1421 191 1479 καίευ
212 1421 281 1480 εἶναι
300 1423 403 1501 καὶτῷ
424 1426 494 1504 ἔργῳ
511 1423 631 1500 μητρυιὴ
648 1426 683 1499 τῇ
701 1421 835 1498 Φρονίμη,
849 1447 919 1496 παρ-

116 1508 221 1586 έχουσά
240 1536 271 1568 τε
290 1511 362 1568 κακοὶ
381 1512 426 1569 καὶ
447 1516 503 1569 πᾶν
517 1510 558 1569 ἐπ’
572 1510 642 1588 αὐτῇ
655 1508 851 1586 μηχανωμένη·
874 1508 919 1565 καὶ

113 1597 203 1664 τέλος,
224 1597 411 1675 μαχλοσύνην
432 1600 597 1658 ἐπενείκασα
617 1601 643 1656 οἱ
660 1598 751 1655 πείθει
770 1595 820 1654 τόν
834 1594 919 1671 ἄνδρα

114 1688 204 1740 ταΐτα
224 1685 297 1761 ἐχειν
314 1685 393 1743 οὕτω·
415 1686 430 1745 ὁ
447 1687 477 1745 δέ
494 1685 682 1766 ἀναγνωσθεὶς
696 1679 751 1742 ὖπό
764 1687 814 1758 τῆς
826 1709 920 1763 γυναι-

118 1769 165 1832 κός
184 1772 265 1850 ἔργον
279 1771 328 1830 ούκ
346 1772 426 1832 ίσιον
441 1778 601 1850 ἐμηχανᾶτο
615 1773 661 1844 ἐπὶ
674 1779 710 1850 τῇ
725 1771 850 1851 θυγατρί.
885 1769 920 1846 ἢν

115 1857 170 1937 γάρ
189 1857 222 1934 δή
242 1860 372 1935 Θεμίσων
388 1861 459 1937 α’νήρ
476 1865 597 1937 Θηραῖος
614 1861 733 1936 ἔμπορος
747 1864 776 1917 ἐν
788 1862 824 1936 τῇ
837 1857 919 1937 Ἀξῷ·

116 1951 216 2004 τοῦτον
233 1947 248 2005 ὁ
268 1947 420 2027 Ἐτέαρχος
438 1949 616 2027 παραλαβεῖν
635 1950 680 2008 ἐπὶ
698 1949 784 2017 ξείνια
801 1949 920 2026 ἐξορκοῖ,

115 2032 133 2109 ἦ
150 2033 206 2110 μήν
223 2038 249 2092 οἱ
267 2035 443 2111 διηκονήσειν
459 2037 475 2096 ό
491 2064 519 2097 τι
537 2036 571 2097 δν
589 2038 683 2114 δεηθῇ·
706 2037 767 2094 ἐπεί
779 2061 811 2095 τε
830 2037 859 2095 δέ
879 2039 920 2107 ἐξ·

118 2120 234 2197 όρκωσε,
252 2122 364 2203 ἀγαγών
381 2128 407 2183 οἱ
427 2127 576 2202 παραδιδοῖ
595 2126 646 2200 τήν
663 2130 764 2184 ἑωυτοῦ
781 2127 921 2206 θυγατέρα

116 2210 162 2267 καὶ
175 2210 279 2285 ταύτην
293 2213 402 2271 ἐκέλευε
417 2219 631 2273 καταποντῶσαι
645 2212 839 2293 ἀπαγαγόντα·
861 2214 878 2273 ὁ
892 2216 922 2273 δέ

116 2300 245 2374 Θεμίσων
269 2303 494 2377 περιημεκτήσας
519 2306 556 2379 τῇ
582 2301 676 2379 ἀπάτη
697 2305 748 2359 τοῦ
769 2300 854 2377 ὅρκου
876 2303 922 2360 καὶ

116 2387 321 2465 διαλυσάμενος
334 2390 386 2464 τήν
400 2391 509 2464 ξεινίην,
524 2390 614 2448 ἐποίεε
626 2389 728 2448 τοιάδε·
743 2390 922 2465 παραλαβὼν

114 2474 166 2549 τήν
186 2477 273 2535 παῖδα
294 2477 428 2536 ἀπέπλεε·
451 2477 485 2540 ὦς
506 2478 535 2536 δὲ
556 2478 665 2557 ἐγένετο
686 2481 715 2536 ἐν
734 2481 772 2554 τῷ
793 2477 922 2558 πελάγεϊ,

116 2563 320 2640 α’ποσιεύμενος
336 2565 388 2641 τήν
408 2566 558 2643 ἐξόρκωσιν
573 2569 623 2624 τοῦ
643 2563 796 2642 Ἐτεάρχου
813 2565 922 2641 σχοινί-

115 2676 174 2710 οισι
192 2652 280 2727 αύτήν
294 2652 429 2729 διαδήσας
443 2657 546 2727 κατῆκε
559 2657 586 2715 ἐς
598 2651 632 2712 τό
645 2651 778 2732 πέλαγος,
792 2649 922 2710 α’νασπά-

68 2741 124 2797 155
137 2764 190 2801 σας
213 2739 242 2797 δὲ
263 2740 378 2801 ἀπίκετο
400 2746 427 2803 ἐς
447 2741 499 2816 τήν
523 2740 627 2817 Θήρην.
659 2739 807 2799 Ἐνθεῦτεν
824 2738 855 2797 δὲ
870 2740 923 2812 τήν

114 2828 256 2902 Φρονίμην
278 2829 456 2906 παραλαβών
478 2828 694 2904 Πολύμνηστος,
717 2825 768 2886 ἐιδν
787 2830 844 2886 τῶν
866 2833 923 2902 Θη-

114 2914 199 2990 ραίων
217 2914 288 2993 αἰήρ
305 2917 426 2993 δόκιμος,
446 2915 662 2975 ἐπαλλακεύετο·
683 2914 786 2992 χρόνου
801 2914 831 2972 δέ
845 2940 922 2990 περι-

113 3000 205 3063 ϊόντος
219 3003 358 3083 ἐξεγένετό
372 3008 399 3063 οἱ
412 3004 476 3066 πάϊς
492 3003 667 3081 ἰσχνόφωνος
680 3002 726 3061 καὶ
739 3001 870 3078 τραυλός,
883 3007 923 3081 τῳ

110 3087 218 3167 οὕνομα
240 3093 321 3170 ἐτέθη
340 3092 455 3162 Βάττος,
473 3091 508 3154 ὦς
524 3091 644 3166 Θηραῖοί
656 3116 687 3149 τε
707 3089 752 3146 καὶ
765 3093 922 3165 Κυρηναῖοι

56 3208 70 3263 χ
95 3179 236 3260 λέγουσι·
261 3182 297 3250 οἷς
317 3184 419 3264 μέντοι
439 3179 492 3265 ἐγιδ
509 3181 607 3248 δοκέω,
623 3177 697 3236 mo
711 3202 751 3244 τι,
764 3176 874 3240 Βάττος
892 3177 922 3237 δέ

104 3273 321 3357 Ὴωνομάσθη
338 3276 403 3338 ἐπεί
415 3300 452 3337 τε
466 3277 495 3339 ἐς
510 3268 626 3347 Λιβύην
639 3264 768 3328 surim»
777 3259 834 3315 <31¹ss
844 3284 879 3316 τὶ
887 3266 940 3316 ’(Θ)
