2040 3464
96 105 206 170 9543]
389 110 613 157 ΜΕΛΠΟΜΕΝΗ.
849 109 896 156 319

137 186 255 260 Δαρεῖος
281 183 311 243 δὲ
337 183 374 248 ώς
399 183 517 244 ἀπίκετο
542 177 588 243 καὶ
609 185 625 244 ό
647 183 731 254 πεζός
751 181 804 260 ἅμ’.
821 182 936 262 αύτῷθί

94 270 216 346 στρατός
230 271 275 329 ε’πὶ
287 270 337 330 τόν
345 269 468 347 Ἴστρον,
484 272 602 331 ἐνθαῦτα
615 270 773 347 διαβάντων
786 269 897 331 πάντων

96 361 215 434 Δαρεῖος
228 359 359 417 ἐκέλευσε
372 356 542 422 τούςἼωνας
561 360 613 433 την
626 358 742 435 σχεδίην
755 357 897 422 λύσαντας

94 445 213 505 ἔπεσθαι
233 445 292 504 κατ’
312 446 427 523 ἤπειρον
448 450 538 526 ἑωυτῷ
557 447 603 504 καὶ
630 445 679 504 τόν
703 449 734 503 εἰ(
754 448 809 505 τών
829 449 897 506 νεών

94 532 227 611 στρατόν·
247 534 409 609 μελλόντων
423 535 452 592 δὲ
462 538 518 593 τών
530 533 629 593 Ἰώνων
642 533 720 592 λύειν
734 532 779 592 καὶ
793 535 896 594 ποιέειν

96 620 130 679 τά
151 621 328 697 κελευόμενα,
346 621 430 698 Κώης
447 619 464 681 ό
480 620 657 699 Ἐρξάνδρου,
672 621 830 702 στρατηγός
844 621 895 681 ε’ών

93 710 299 784 Μυτιληναίων,
321 710 399 780 ἔλεξε
421 710 530 789 Δαρείῳ
552 707 626 779 τάδε,
649 707 805 785 πυθόμενος
827 709 893 786 πρό-

93 821 174 870 τερον
187 796 213 854 εἶ
225 799 253 855 οἱ
266 797 352 872 φίλον
370 797 412 872 εἴη
425 796 537 876 γνώμην
550 795 738 855 ἀποδέκεσθαι
751 796 828 871 παραὶ
844 799 895 856 τοῦ

93 884 271 960 βουλομένου
292 883 516 944 ἀποδείκνυσθαι·
552 883 599 943 “ώ
619 884 754 959 βασιλεῦ,
776 885 822 942 ἐπὶ
841 888 895 963 γῆν

94 970 148 1049 γάρ
181 972 296 1048 μέλλεις
322 971 525 1048 στρατεύεσθαι
556 975 607 1046 τῆς
634 969 697 1031 οὔτε
724 971 894 1049 α’ρηρομένον

94 1058 252 1134 φανήσεται
271 1058 349 1118 οὐδὲν
369 1057 432 1118 ούτε
452 1058 535 1121 πόλις
554 1060 706 1134 οἰκεομένη,
726 1060 762 1117 σύ
782 1063 830 1119 νῦν
848 1059 892 1141 γέ-

94 1151 186 1223 φυραν
211 1144 316 1222 ταύτην
335 1147 368 1206 έα
388 1145 459 1205 κατά
484 1145 578 1224 χεόμην
602 1144 724 1215 ἑστάναι,
749 1145 894 1220 φυλάκους

94 1232 178 1307 αὐτῆς
193 1237 284 1292 λιτῶν
300 1232 414 1298 τούτους
430 1235 460 1293 οἷ
472 1258 525 1308 περ
541 1258 590 1309 μιν
606 1232 724 1302 ἔζευξαν·
748 1234 794 1291 καὶ
810 1233 845 1309 ἦν
861 1259 892 1293 τε

93 1322 164 1380 κατά
184 1321 249 1382 νόον
270 1321 418 1400 πρήξωμεν
439 1320 563 1399 εύρόντες
583 1320 692 1384 Σκύθας
707 1321 768 1380 ἔστι
789 1320 892 1386 άτοδος

92 1407 168 1485 ἡμῖν,
189 1408 224 1484 ἥν
242 1435 274 1469 τε
292 1411 338 1468 καὶ
357 1409 398 1487 μή
416 1416 508 1485 σφεας
532 1408 621 1486 εύρεῖν
643 1408 799 1485 δυνεώμεθα
820 1409 839 1485 ἦ
859 1435 894 1491 γε

92 1494 196 1560 άποδος
208 1497 277 1572 ἡμῖν
293 1496 437 1573 ἀσφαλής·
458 1496 490 1556 ου’
508 1496 563 1578 γάρ
578 1495 670 1555 ἔδεισά
688 1522 726 1555 κω
745 1497 786 1574 μή
805 1500 893 1570 ἕσσω-

93 1585 198 1660 θέωμεν
221 1585 275 1645 ύπό
299 1586 427 1648 Σκυθέων
447 1585 534 1664 μάχῃ,
559 1583 636 1643 άλλά
660 1588 774 1660 μᾶλλον
795 1584 836 1662 μή
860 1584 892 1645 οὗ

92 1669 241 1748 δυνάμενοί
251 1678 344 1747 σφεας
360 1672 448 1749 εύρεῖν
461 1672 593 1749 πάθωμέν
610 1698 639 1730 τι
656 1670 803 1748 άλώμενοι.
845 1674 892 1732 καὶ

91 1757 158 1818 τάδε
171 1758 264 1839 λέγειν
278 1761 349 1836 φαίη
362 1786 404 1824 τις
422 1758 456 1819 άν
469 1784 505 1835 με
519 1763 618 1818 ἑωυτοῦ
638 1760 747 1830 εἵνεκεν,
762 1761 798 1824 ώς
810 1785 893 1820 κατα·

91 1847 174 1922 μένω·
195 1845 249 1928 ε’γώ
263 1847 293 1907 δὲ
306 1847 418 1928 γνώμην
430 1850 482 1923 μὲν
495 1847 547 1923 τήν
560 1846 688 1923 εὕρισκον
701 1847 819 1924 άρίστην
833 1872 890 1919 σοι,

90 1935 225 2008 βασιλεῦ,
240 1937 267 1998 ές
286 1936 376 2010 μέσον
393 1937 478 2013 φέρω·
504 1934 587 1998 αύτός
600 1936 696 2010 μέντοι
714 1937 821 2014 ἕψομαί
837 1963 890 2008 τοι,

92 2021 138 2078 καὶ
158 2020 209 2080 ούκ
229 2021 263 2081 ἂν
283 2021 455 2099 λειφθείην.”
496 2022 584 2099 κάρτα
601 2048 632 2082 τε
649 2022 727 2098 ἥσθη
744 2028 780 2102 τῇ
795 2024 891 2104 γνώμη

92 2113 219 2185 Δαρεῖος,
239 2111 288 2169 καί
303 2136 352 2185 μιν
367 2109 507 2189 ἠμείψατο
527 2110 633 2170 τοῖσδε·
656 2121 673 2145 “
682 2112 753 2181 ξεῖνε
770 2114 889 2189 Λέσβιε,

91 2198 230 2260 σωθέντος
245 2202 312 2275 ε’μεΐ
332 2197 423 2258 ότίσω
444 2206 471 2262 ἐς
491 2199 567 2258 οἶκον
587 2199 636 2259 τόν
653 2199 720 2275 ε’μόν
740 2200 895 2277 ἐπιφάνηθί

90 2310 140 2359 μοι
158 2285 275 2356 πάντως,
293 2286 338 2346 ἵνα
354 2313 390 2346 σε
406 2286 467 2347 άντὶ
486 2291 613 2365 χρηστῆς
629 2289 809 2363 συμβουλίης
824 2314 892 2367 χρη-

90 2375 188 2432 στοῖσι
203 2374 309 2455 ἔργοισι
326 2375 512 2453 άμείψωμαι.”
552 2379 646 2434 Ταῦτα
665 2377 743 2438 εἶπας
760 2377 805 2434 καὶ
819 2376 889 2436 άπά·
899 2379 937 2438 98

89 2469 148 2538 ψας
160 2459 276 2538 ἅμματα
289 2462 423 2537 ἑξήκοντα
439 2468 468 2522 ε’ν
483 2461 582 2539 ἱμάντι,
605 2464 728 2526 καλέσας
742 2470 770 2526 ἐς
785 2464 887 2545 λόγους

89 2547 155 2612 τούς
174 2547 272 2610 Ἰώνων
289 2550 437 2627 τυράννους
458 2552 537 2629 ἔλεγε
556 2549 631 2610 τάδε·
653 2549 775 2626 “άνδρες
789 2550 890 2621 Ἴωνες,

88 2635 107 2711 ἦ
121 2639 173 2711 μὲν
187 2636 323 2715 πρότερον
338 2638 434 2719 γνώμη
448 2637 638 2717 ἀποδεχθεῖσα
657 2642 685 2700 ἐς
697 2638 749 2712 την
763 2640 890 2719 γέφυραν

88 2724 228 2800 μετείσθω
243 2751 302 2801 μοι·
324 2727 434 2804 ἔχοντες
452 2726 481 2785 δὲ
499 2724 549 2786 τόν
567 2724 667 2801 ἱμάντα
685 2725 764 2785 τόνδε
782 2727 890 2786 ποιέετε

86 2812 165 2872 τάδε·
206 2812 291 2873 ε’πεάν
315 2839 353 2891 με
378 2814 454 2889 ἴδητε
480 2812 604 2893 τάχιστα
631 2813 818 2891 πορευόμενον
845 2816 891 2874 ε’πὶ

89 2900 208 2970 Σκύθας,
232 2899 289 2961 άπὸ
313 2901 413 2961 τούτου
436 2900 587 2978 οἷρξάμενοι
610 2905 660 2961 τοῦ
683 2900 785 2980 χρόνου
808 2902 890 2962 λύετε

87 2986 170 3065 ἅμμα
184 2989 213 3048 ἓν
227 2989 345 3065 ἑκάστης
362 2989 477 3065 ἡμέρης·
498 2989 533 3065 ἢν
549 2989 580 3048 δὲ
594 2995 623 3049 ἐν
639 2991 726 3069 τούτῳ
742 2995 781 3068 τῷ
798 2991 889 3070 χρόνῳ

86 3075 128 3150 μή
157 3075 258 3154 παρέω,
284 3075 363 3136 άλλά
385 3078 548 3147 διεξέλθωσι
568 3078 634 3156 ύμῖν
656 3081 685 3136 αῖ
711 3077 813 3155 ἡμέραι
833 3083 887 3138 τῶν

86 3163 232 3240 άμμάτων,
246 3163 403 3224 άποπλέετε
420 3171 448 3228 ές
462 3165 514 3242 τὴν
531 3165 666 3243 ὑμετέρην
687 3164 788 3224 αύτωυ·
812 3165 903 3240 μέχρι.

82 3252 115 3310 δὲ
134 3251 242 3324 τούτου,
264 3253 330 3314 ε’πεί
345 3279 378 3315 τε
400 3253 475 3317 οὕτω
497 3255 646 3336 μετέδοξε,
665 3251 851 3332 ᾡυλόσσετε
869 3248 926 3316 ἢ*
