2040 3464
88 110 213 176 96-100]
406 115 568 163 Ετυτυαα.
842 114 892 161 τοι

90 191 278 268 Κερκάσωρον
290 191 396 274 πόλιν]
414 200 440 255 ε’ς
454 194 483 253 δὲ
498 192 657 270 Ναύκρατιν
670 191 728 253 α’πδ
741 190 893 268 θαλάσσης

88 280 135 337 καὶ
149 280 290 357 Κανώβου
307 281 352 339 διά
372 281 468 341 πεδίου
487 282 590 354 πλέων,
604 280 679 354 ἥξεις
695 280 754 340 κατ’
769 279 890 340 Ἀνθυλ·

87 365 143 426 λάν
155 393 187 426 τε
199 367 292 439 πόλιν,
307 369 353 426 καὶ
365 369 418 444 την
430 368 603 447 Ἀρχάνδρου
617 372 797 445 καλευμένην·
822 375 890 427 Του·
899 368 936 428 98

86 455 156 514 τέων
177 455 208 514 δὲ
228 455 247 531 ἡ
269 458 321 531 μὲν
338 455 495 526 Ἀνθυλλα,
516 461 602 515 ἐοῦσα
624 457 729 537 λογίμη
750 456 842 526 πόλις,
863 461 891 520 ές

87 541 254 619 ὑποδήματα
268 544 405 620 ἐξαίρετος
424 545 529 602 δίδοται
546 549 597 603 τοῦ
615 545 669 603 αἰεὶ
685 543 890 620 βασιλεύοντος

87 631 231 711 Αἰγύπτου
254 637 290 711 τῇ
313 634 428 713 γυναικί.
472 636 567 712 (τοῦτο
589 633 618 692 δὲ
640 633 746 713 γίνεται
768 633 799 702 ἐξ
819 632 890 694 ὅσον

88 718 143 778 ῦπὸ
169 720 305 798 Πέρσῃσί
327 725 389 780 ε’στι
411 721 573 801 Αἴγυπτος.)
614 720 633 796 ἦ
655 720 685 779 δὲ
706 721 784 797 ἑτέρη
805 721 890 785 πόλις

88 805 177 866 δοκέει
188 834 239 884 μοι
250 809 284 867 τό
295 807 400 884 οὔνομα
412 810 484 887 ἔχειν
497 807 552 867 άπό
563 811 613 867 τοῦ
624 814 737 867 Δαναοῦ
746 811 888 890 γαμβροῦ,

87 892 260 973 Ἀρχάνδρου
280 900 331 956 τοῦ
351 897 447 966 Φθίου,
467 900 518 955 τοῦ
534 895 661 975 Ἀχαιοῦ·
683 896 812 956 καλέεται
832 895 888 978 γάρ

88 981 123 1057 δή
144 982 317 1062 Ἀρχάνδρου
344 984 436 1046 πόλις.
479 984 521 1059 εἴη
549 982 572 1042 δ’
598 982 632 1044 ἂν
659 985 705 1042 καὶ
732 983 820 1048 ἄλλος
845 1009 888 1048 τις

84 1068 267 1149 Ἀρχανδρος·
290 1071 322 1130 οῦ
334 1072 430 1147 μέντοι
442 1098 475 1151 γε
488 1071 641 1153 Αἰγύπτιον
654 1071 686 1131 τό
701 1070 814 1149 οὕνομα.

128 1159 223 1236 Μέχρι
244 1161 297 1235 μὲν
316 1159 416 1218 τούτου
438 1158 502 1236 ὄψις
524 1186 555 1219 τε
580 1160 632 1235 ἐμτ)
655 1160 701 1217 καὶ
723 1159 820 1240 γνώμη
842 1159 934 1221 καὶ99

89 1247 199 1323 ἴστορίη
212 1252 300 1306 ταῦτα
313 1247 440 1326 λέγουσιί
455 1253 524 1305 ἐστι·
539 1246 573 1307 τῦ
588 1249 618 1306 δὲ
632 1246 689 1306 α’πδ
704 1247 794 1316 τοῦδε,
804 1251 887 1327 Αἰγυ-

87 1335 184 1396 πτίους
198 1335 315 1413 ἔρχομαι
328 1334 431 1415 λόγους
445 1336 527 1411 ἐρέων
541 1335 611 1394 κατά
621 1334 656 1394 τά
667 1334 777 1410 ἤκουον·
798 1361 887 1411 προσ·

88 1421 170 1480 έσται
184 1421 212 1480 δὲ
227 1422 341 1481 αι’τοῖσί
352 1450 379 1482 τι
393 1425 502 1497 καὶτῆς
521 1427 590 1499 ε’μῆς
606 1422 695 1500 ὄφιος.
736 1421 786 1481 τόν
800 1427 888 1497 Μῆνα

86 1509 137 1568 τόν
150 1515 259 1585 πρῶτον
272 1511 489 1586 βασιλεύσαντα
503 1509 654 1591 Αῖγώπτου,
667 1514 693 1568 οἱ
709 1510 776 1585 ἱρέες
790 1511 888 1590 ἔλεγον

86 1602 171 1656 τοῦτο
198 1601 249 1674 μὶν
276 1599 499 1679 ἀπογεφυρῶσαι
523 1599 569 1657 καὶ
592 1597 644 1673 τήν
669 1597 888 1673 Μέμφιν-τόν

87 1686 142 1765 γάρ
156 1687 285 1762 ποταμόν
298 1687 390 1746 πάντα
403 1688 475 1763 ῥέειν
485 1687 561 1762 παρά
574 1686 606 1746 τό
621 1685 685 1764 ὅρος
697 1686 729 1745 τό
745 1685 887 1764 ψάμμινον

87 1773 158 1848 πρός
170 1774 288 1851 Λιβύης,
309 1775 359 1834 τόν
375 1775 405 1833 δὲ
422 1778 508 1849 Μῆια
524 1773 635 1843 ἄνωθεν,
655 1774 724 1834 ὅσον
741 1799 772 1832 τε
791 1773 887 1834 ἑκατόν

88 1861 218 1924 σταδίους
226 1861 282 1922 dno*
291 1863 434 1938 Μέμφιος,
445 1863 494 1922 τόν
504 1862 574 1940 πρός
584 1863 767 1940 μεσαμβρίης
777 1860 889 1943 άγκιῦνα

87 1949 305 2027 προσχώσαντα,
327 1950 359 2009 τό
381 1953 432 2026 μὲν
448 1949 566 2029 α’ρχαῖον
582 1952 696 2027 ῥέεθρον
715 1948 888 2026 οἷποξηράναι

87 2037 136 2095 τόν
159 2038 189 2096 δὲ
211 2039 339 2114 ποταμόν
363 2037 518 2116 ὀχετεῦσαι,
541 2038 573 2098 τό
597 2039 686 2115 μέσον
708 2042 764 2098 τιῦν
788 2037 888 2112 αιἰρέων

87 2124 168 2200 ῥέειν·
190 2126 229 2185 ἔτι
242 2126 271 2184 δὲ
286 2127 331 2183 καὶ
344 2130 393 2185 νῦν
406 2124 460 2184 ῦπδ
472 2127 605 2203 Περσέων
614 2126 629 2185 ὁ
639 2125 731 2206 οἷγκιῦν
745 2123 824 2186 οὗτος
837 2130 887 2184 τοῦ

38 2257 40 2262 .
88 2216 195 2298 Νείλου
216 2213 246 2275 ὃς
267 2212 439 2294 α’περγμένος
459 2215 515 2288 ῥέει
537 2218 566 2272 ἰν
582 2217 730 2291 φυλακῇσι
744 2212 887 2293 μεγάλῃσι

87 2301 189 2378 ἔχεται,
204 2301 404 2376 φρασσόμενος
419 2299 471 2359 α’νά
486 2305 543 2360 πᾶν
557 2303 625 2364 ἔτος·
647 2306 672 2360 εἶ
688 2300 743 2381 γάρ
758 2300 888 2374 ἐθελήσει

86 2386 173 2462 ῥήξας
192 2388 349 2464 ὑπερβῆναι
370 2388 386 2447 ό
406 2389 532 2466 ποταμός
551 2389 646 2466 ταύτῃ,
666 2387 787 2449 κίνδυνος
807 2386 887 2466 πάσῃ

87 2476 192 2551 Μέμφι
206 2478 436 2551 κατακλυσθῆναί
447 2477 595 2539 ἔστα-αἷς
609 2477 638 2534 δὲ
651 2479 689 2553 τῷ
703 2479 781 2549 Μῆνι
798 2474 887 2553 τούτῳ

85 2568 124 2640 τῷ
144 2563 243 2643 πρώτῳ
264 2571 402 2644 γενομένῳ
424 2565 544 2640 βασιλέί
565 2564 670 2641 χέρσον
689 2562 834 2643 γεγονέναι
852 2560 886 2621 τό

86 2650 271 2731 ἀπεργμένον,
282 2656 365 2711 τοῦτο
378 2654 430 2727 μὲν
444 2657 473 2710 ἐν
487 2651 559 2729 αὐτῷ
573 2653 657 2710 πόλιν
668 2650 762 2709 κτίσαι
774 2648 886 2725 ταύτην,

86 2737 148 2812 ἥτις
165 2743 213 2799 νῦν
227 2740 345 2815 Μέμφις
360 2739 498 2798 καλέεται·
520 2740 581 2798 ἔστι
598 2738 654 2819 γάρ
673 2737 719 2795 καὶ
736 2735 755 2812 ἦ
770 2737 888 2812 Μέμφις

87 2832 115 2886 ἐν
129 2831 167 2904 τῷ
181 2831 279 2906 στεινῷ
291 2831 342 2902 τῆς
359 2826 511 2907 Αἰγύπτου·
532 2827 630 2896 ἔξωθεν
650 2826 680 2883 δὲ
697 2818 782 2900 αῦτῆς
797 2850 888 2901 περιο·

86 2918 167 2989 ρῦξαι
189 2914 291 2990 λίμνην
305 2920 335 2973 ε’κ
355 2918 405 2974 τοῦ
425 2918 556 2990 ποταμοῦ
576 2913 646 2990 πρός
665 2913 771 2989 βορέην
790 2938 822 2971 τε
842 2916 889 2971 καὶ

86 3001 157 3077 πρός
171 3003 301 3077 ἕσπέρην·
320 3001 354 3062 τό
373 3000 428 3082 γάρ
446 3000 518 3078 πρός
537 3001 589 3077 την
601 2999 642 3076 ήιῦ
659 3000 741 3063 αὐτός
754 3000 770 3060 ὁ
783 3004 889 3064 Νεῖλος

86 3088 213 3169 άπέργει·
232 3094 316 3149 τοῦτο
337 3090 374 3158 δὲ,
395 3093 446 3148 τοῦ
463 3089 627 3165 Ἡφαίστου
647 3088 682 3148 τό
700 3088 760 3165 ἱρόν
778 3087 898 3164 ἱδρῦσα-

87 3179 157 3236 σθαι
181 3183 211 3235 ἐν
233 3176 311 3255 αὐτῇ,
334 3176 381 3238 ε’όν
400 3178 477 3261 μέγα
497 3205 531 3240 τε
557 3179 607 3239 καὶ
630 3175 924 3259 ἀξιαπηγητότατον.
964 3221 967 3226 .
991 3179 993 3182 ⁴

77 3263 172 3384 ΜετιρΒ
186 3264 219 3322 δὲ
243 3269 354 3339 τοῦτον,
379 3271 545 3354 κατέλεγον
571 3273 604 3332 οὶ
624 3271 706 3351 ἱρέες
729 3273 767 3327 ἐκ
792 3247 1005 3343 βδβλαυλῢῆ
