2040 3464
114 111 146 161 τι
424 111 607 159 ἬνοΔοιοι·
876 109 913 174 [1.

113 193 165 247 τοῦ
186 192 238 266 μέν
261 189 379 265 ούρανοῦ
400 190 447 248 καὶ
465 194 521 248 τῖιῐν
542 189 632 265 ὦρέων
659 194 688 248 έν
709 193 748 266 τῷ
771 189 917 268 καλλίστῳ

114 275 266 356 ἐτύγχανον
279 275 458 353 ἱδρυσάμενοι
469 276 572 338 πόλιας
584 274 694 336 πάντων
704 274 855 350 ἀνθρώπων
862 281 917 335 τιῦν

115 362 195 439 ἡμεῖς
217 365 304 440 ἴδμεν.
340 363 402 422 ούτε
421 363 476 444 γάρ
496 363 532 423 τά
551 363 606 423 άνω
623 363 707 438 αύτής
723 363 812 441 χωρία
829 363 917 424 τώυτδ

115 451 204 509 ποιέει
215 456 251 530 τῇ
266 451 363 530 Ἰωνίῃ,
378 450 440 510 ούτε
452 451 488 510 τοὶ
501 450 581 520 κάτω,
597 450 659 510 οὔτε
673 451 708 509 τά
721 451 791 527 πρός
804 451 854 525 τήν
866 451 917 527 ηἰῦ,

116 537 179 597 οὔτε
195 538 231 598 τοὶ
247 539 317 616 πρός
334 539 387 614 τήν
405 539 535 616 ἑσπέρην·
556 537 592 597 τά
608 541 659 615 μὲν
672 538 726 597 ῦπδ
743 543 793 597 τοῦ
807 545 917 617 ψυχροῦ

116 651 147 684 τε
161 626 206 684 καὶ
218 626 304 707 ῦγροῦ
317 626 473 702 πιεζόμενα,
487 626 523 685 τά
536 626 566 684 δὲ
578 626 632 685 ῦπδ
646 630 695 684 τοῦ
710 627 814 702 θερμοῦ
827 652 857 685 τε
871 629 918 686 καὶ

87 752 89 759 ·
117 713 286 790 αὐχμώδεος.
319 719 458 795 γλῶσσαν
479 715 508 772 δὲ
529 713 561 772 ού
581 713 632 789 τήν
651 712 738 788 αύτήν
751 711 828 772 οὗτοι
843 740 918 773 νενο·

116 803 224 876 μίκασι,
234 802 311 861 άλλοὶ
324 802 443 880 τρόπους
455 803 593 876 τέσσερας
606 802 801 882 παραγωγέων.
823 803 918 879 Μίλη-

116 915 164 951 τος
176 893 227 965 μὲν
242 890 330 949 αύτῶν
339 890 435 966 πρώτη
445 890 535 948 κέεται
547 889 630 951 πόλις
642 889 712 966 πρὸς
723 890 917 966 μεσαμβρίην·

117 977 187 1053 μετοῖ
201 979 238 1049 δὲ,
252 978 349 1040 Μυούς
361 1004 393 1037 τε
406 979 452 1036 καὶ
466 977 587 1054 Πριήνη·
609 975 691 1037 αὗται
703 979 754 1053 μὲν
768 983 796 1037 ἐν
809 981 845 1056 τῇ
859 985 917 1036 Κα-

117 1066 164 1144 ρίῃ
184 1068 361 1142 κατοίκηνται
379 1066 449 1124 κατά
461 1065 548 1125 ταῦτά
562 1064 760 1146 διαλεγόμενοί
771 1072 836 1141 σφι·
857 1067 918 1126 αἵδε

118 1153 148 1210 δὲ
166 1159 194 1213 έν
207 1159 242 1231 τῇ
258 1155 354 1231 Λυδίῃ,
367 1153 503 1229 Ἔφεσος,
518 1152 670 1228 Κολοφών,
683 1154 817 1229 Λέβεδος,
836 1155 918 1225 Τέως,

119 1243 307 1319 Κλαζομεναὶ,
326 1241 448 1300 Φώκαια·
470 1239 551 1300 αὗται
573 1242 603 1299 δὲ
619 1245 648 1299 αἱ
660 1240 758 1303 πόλιες
770 1246 838 1320 τῇσι
850 1243 918 1319 πρό-

117 1355 197 1405 τερον
211 1331 378 1409 λεχθείσῃσι
391 1329 579 1411 ὁμολογέουσι
593 1328 663 1388 κατά
679 1334 817 1410 γλῶσσαν
830 1329 916 1404 οῦδὲν,

119 1418 174 1491 σφὶ
190 1419 220 1476 δὲ
240 1418 445 1494 ὁμοφωνέουσι·
467 1420 507 1476 ἔτι
524 1418 554 1476 δὲ
569 1422 642 1493 τρεῖς
662 1416 814 1476 ὑπόλοιποι
832 1416 919 1481 Ἰάδες

119 1504 222 1574 πόλιες,
236 1511 290 1565 τῶν
303 1510 332 1564 αἱ
345 1506 394 1564 δύο
407 1509 459 1583 μὲν
471 1505 575 1580 νήσους
588 1506 709 1564 οἰκέαται
723 1505 819 1581 Σάμον
827 1531 859 1565 τε
872 1509 918 1566 καὶ

118 1594 223 1668 Χίον,ή
237 1594 267 1651 δὲ
279 1595 330 1670 μία
344 1599 372 1653 έν
384 1600 420 1672 τῇ
433 1594 537 1672 ἠπείρῳ
552 1593 665 1670 ἵδρυται,
679 1592 821 1670 Ἐρυθραί.
852 1599 919 1655 Χῖοι

118 1682 170 1757 μέν
182 1708 230 1741 νυν
245 1683 291 1739 καὶ
307 1681 466 1758 Ἐρυθραῖοι
483 1681 553 1740 κατά
565 1681 652 1740 τώυτό
666 1681 849 1762 διαλέγονται,
864 1683 919 1746 Σά·

119 1795 179 1844 μιοι
191 1770 220 1827 δὲ
234 1769 275 1827 ἐπ’
289 1773 393 1829 ἑωυτῶν
406 1775 514 1845 μοῦνοι.
550 1767 626 1828 οῦτοι
638 1775 812 1847 χαρακτῆρες
824 1770 919 1851 γλώσ-

74 1858 129 1915 143
140 1883 193 1931 σης
208 1859 340 1934 τέσσερες
356 1859 489 1938 γίνονται.
524 1857 634 1916 Τούτων
651 1857 685 1932 δή
702 1856 739 1916 ὦν
754 1863 809 1917 τῶν
821 1857 919 1920 Ἰώνων

120 1949 147 2003 οἱ
165 1945 305 2020 Μιλήσιοι
322 1948 373 2022 μὲν
388 1945 462 2020 ἦσαν
479 1951 507 2005 έν
523 1948 615 2024 σκέπῃ
634 1950 685 2004 τοῦ
706 1944 809 2020 φόβου,
826 1946 919 2023 ὅρκιον

119 2032 313 2108 ποιησόμενοι.
346 2038 423 2093 τοῖσι
443 2034 473 2092 δὲ
493 2034 583 2094 αὐτῶν
603 2033 758 2112 νησιώτῃσι
777 2032 813 2108 ἦν
829 2035 919 2094 δεινόν

120 2112 207 2172 ούδέν·
229 2113 357 2195 οὔτεγὰρ
370 2117 494 2178 Φοίνικες
506 2115 580 2190 ἦσάν
589 2141 626 2173 κω
641 2116 774 2191 Περσέων
787 2114 919 2190 κατήκοοι

120 2199 182 2260 οὔτε
196 2201 273 2261 αὐτοὶ
287 2207 313 2261 οἱ
326 2205 439 2279 Πέρσαι
451 2203 599 2279 ναυβάται.

160 2287 394 2368 Ἀτεσχίσθησαν
413 2291 444 2350 δὲ
463 2290 519 2350 α’πῦ
540 2297 594 2351 τῶν
615 2290 710 2350 ἄλλων
728 2289 825 2350 Ἰώνων
843 2290 919 2351 οῦτοι

121 2376 178 2436 κατ’
192 2377 266 2436 ἄλλο
284 2381 335 2455 μὲν
350 2377 435 2450 οὐδὲν,
451 2378 583 2442 ἀσθενέος
601 2380 630 2438 δὲ
649 2379 741 2440 ε’όντος
753 2384 803 2438 τοῦ
815 2379 919 2443 παντός

119 2465 183 2524 τότε
202 2465 369 2541 Ἑλληνικοῦ
387 2469 488 2547 γένεος,
501 2472 601 2544 πολλῷ
619 2468 648 2526 δὲ
664 2467 699 2541 ἦν
712 2466 919 2529 ἀσθενέστατον

119 2557 174 2611 τῶν
188 2554 286 2613 ε’θνέων
297 2553 330 2613 τό
344 2553 464 2614 Ἰωνικόν
474 2557 520 2613 καὶ
533 2555 622 2634 λόγου
636 2555 798 2631 ἐλαχίστου·
811 2554 855 2614 ὅτι
864 2556 919 2636 γάρ

120 2642 160 2716 μή
172 2640 297 2716 Ἀθῆναι,
310 2641 345 2716 ἦν
358 2641 436 2701 οῦδὲν
448 2642 522 2701 ἄλλο
535 2643 666 2719 πόλισμα
679 2641 807 2722 λόγιμον·
828 2646 855 2702 οἱ
867 2645 920 2720 μέν

120 2753 168 2787 νυν
181 2728 266 2787 ἄλλοι
278 2728 371 2791 Ἴωνες
388 2731 434 2788 καὶ
448 2733 475 2788 οἱ
487 2730 631 2807 Ἀθηναῖοι
644 2732 748 2811 ἔφυγον
759 2730 792 2789 τό
805 2729 918 2808 οῦνομο,

121 2815 154 2875 ού
166 2816 338 2892 βουλόμενοι
352 2817 445 2880 Ἴωνες
458 2820 622 2893 κεκλῆσθαι·
644 2818 721 2878 άλλοὶ
734 2819 780 2876 καὶ
793 2822 841 2878 νῦν
854 2822 918 2894 φαί-

122 2905 217 2963 νονταί
232 2930 282 2980 μοι
296 2908 322 2962 οἱ
335 2907 441 2964 πολλοὶ
457 2906 546 2966 αὐτῶν
560 2906 780 2984 ἐπαισχύνεσθαι
792 2911 830 2984 τῷ
843 2907 919 2967 ου’νό-

121 3017 198 3066 ματι·
224 2996 254 3051 αἱ
274 2992 304 3051 δὲ
322 2992 442 3052 δυώδεκα
461 2993 558 3056 πόλιες
578 2993 660 3053 αὗται
678 3000 717 3073 τῷ
736 3020 767 3054 τε
787 2994 920 3071 οὐνόματι

121 3078 290 3156 η’γάλλοντο,
305 3081 352 3137 καὶ
369 3080 428 3157 ἱρόν
442 3081 589 3157 ἱδρύσαντο
603 3083 649 3140 ἐπὶ
662 3084 758 3158 σφέων
772 3081 868 3152 αύτῦν,
881 3085 920 3161 τῷ

107 3161 217 3238 ου’νομα
239 3167 336 3226 ἔθεντο
358 3167 527 3230 Πανιώνιον·
555 3169 763 3247 ἐβουλεύσαντο
784 3169 815 3228 δὲ
836 3169 920 3228 αὐτοῦ

85 3249 267 3310 μεταδοῦναι
279 3255 453 3334 μηδαμοῖσι
473 3257 601 3321 ἄλλοισι
616 3259 729 3320 Ἰώνων·
753 3257 805 3317 οῦδ
825 3256 934 3327 ἐδεήθη·
