2040 3464
172 109 223 158 314
481 107 661 156 ἨΡΟΔΟΤΟΤ
747 173 751 182 q
911 107 970 170 [IV.

170 187 222 262 τήν
242 184 369 262 άπορίην·
391 184 456 244 ἀλλ’
478 185 510 244 ού
529 185 586 265 γάρ
608 185 699 243 ἔπειθε
719 185 925 261 συμβουλεύων
945 189 971 246 οἰ

171 272 323 352 χρηστοί,ό
344 275 396 349 μὲν
416 274 563 342 ἐπέπαυτο,
578 272 594 331 ὁ
613 272 651 345 δὲ,
670 272 764 347 ἐπειδή
781 275 809 331 οἱ
826 273 862 332 τά
880 273 971 333 πάντα

169 359 392 436 παρεσκεύαστο,
416 360 549 436 ἐξήλαυνε
575 360 625 420 τόν
647 360 770 436 στρατόν
791 364 823 418 ἐκ
847 360 972 424 Σούσων.

124 446 308 508 84Ἐνθαῦτα
328 452 382 507 τῶν
403 448 536 523 Περσέων
557 447 699 523 Οἰόβαζος
721 446 821 522 ἐδεήθη
842 449 971 524 Δαρείου,

169 540 251 612 τριῶν
268 535 367 596 ἐόντων
383 539 409 595 οἱ
428 536 532 594 παίδων
551 535 597 593 καί
613 535 723 594 πάντων
736 537 973 612 στρατευομένων,

172 624 220 683 ἕνα
246 617 319 702 αὐτῷ
346 624 577 698 καταλειφθῆναι·
605 622 622 681 ὁ
648 623 680 681 δέ
703 625 730 682 οἰ
751 623 815 698 ἔφη,
839 622 876 685 ιύς
897 625 972 703 φίλῳ

173 711 244 771 ἐόντι
259 712 304 770 καί
317 712 434 788 μετρίων
448 710 566 789 δεομένῳ
579 709 685 772 πάντας
697 708 762 772 τούς
774 710 878 773 παῖδας
891 736 973 771 κατα·

171 801 289 876 λείψειν·
310 799 326 858 ὅ
341 801 393 875 μὲν
411 797 445 874 δή
466 797 608 873 Οἰόβαζος
625 797 778 876 περιχαρής
798 796 974 873 ἦν-ἐλπίζων

169 886 235 948 τούς
254 886 328 948 υἱέας
349 886 501 961 στρατηίης
522 883 727 955 ἀπολελύσθαι,
747 883 764 944 ό
788 885 819 944 δὲ
843 886 974 946 ἐκέλευσε

170 973 234 1036 τούς
247 975 293 1032 ἐπί
305 971 408 1033 τούτων
423 976 595 1036 ἐπεστεῶτας
608 972 769 1032 οἷποκτεῐναι
785 971 893 1036 πάντας
908 973 973 1037 τούς

174 1060 319 1136 Οἰοβάζου
332 1060 441 1122 παῖδας·
457 1060 502 1118 καὶ
517 1056 594 1119 οὗτοι
603 1063 655 1136 μὲν
665 1059 882 1140 ἀποσφαγέντες
888 1059 973 1121 αύτοΰ

91 1182 94 1187 ·
172 1147 258 1227 ταύτῃ
273 1149 412 1207 ἐλίποντο.

124 1240 162 1296 85
213 1241 331 1313 Δαρεῖος
341 1237 371 1295 δὲ
382 1235 443 1294 ἐπεί
450 1260 480 1295 τε
490 1235 675 1313 πορευόμενος
685 1240 714 1296 ἐκ
729 1236 846 1300 Σούσων
858 1235 973 1297 οἷπίκετο

170 1329 220 1400 τῆς
241 1325 437 1403 Καλχηδονίης
458 1324 503 1381 ἐπὶ
523 1324 573 1383 τόν
593 1320 744 1400 Βόσπορον
766 1324 811 1384 ἵνα
827 1325 972 1400 ἐζευκτοή

171 1412 288 1493 γέφυρα,
299 1413 422 1472 ἐνθεῦτεν
433 1409 523 1486 ε’σβάς
533 1416 561 1473 ἐς
573 1412 621 1471 νέα
631 1411 714 1470 ἔπλεε
727 1412 773 1470 ἐπὶ
782 1410 833 1474 τάς
847 1415 973 1475 Κυανέας

173 1501 350 1575 καλευμένας,
363 1498 413 1560 τοίς
426 1496 562 1574 πρότερον
578 1497 724 1578 πλαγκτοίς
738 1496 881 1572 Ἔλληνές
899 1503 973 1573 φασι

174 1586 252 1645 εἶναι·
274 1585 399 1661 ἑζόμενος
420 1585 449 1644 δὲ
470 1585 516 1643 ἐπὶ
536 1611 575 1662 τῳ
595 1610 643 1662 ιρῳ
660 1585 767 1660 εθηεῖτο
785 1582 836 1643 τόν
853 1584 971 1655 Πόντον,

172 1672 253 1734 ἐόντα
273 1673 443 1747 ἀξιοθέητον·
467 1672 612 1752 πελαγέων
635 1672 690 1752 γοίρ
714 1670 843 1731 ἁπάντων
864 1673 972 1748 πέφυκε

172 1760 412 1838 θαυμασιώτατος·
433 1763 483 1819 τοῦ
498 1758 532 1819 τό
550 1761 602 1835 μὲν
614 1764 704 1835 μῆκος
717 1758 832 1818 στάδιοί
842 1763 900 1819 εἰσι
913 1764 971 1818 ἐκα-

171 1848 221 1907 τείν
242 1849 287 1906 καὶ
303 1849 392 1926 χίλιοι
410 1848 456 1905 καὶ
468 1846 571 1923 μύριοι,
584 1845 617 1906 τό
631 1846 661 1905 δὲ
675 1845 760 1923 εὖρος,
774 1849 811 1924 τῇ
825 1845 972 1923 εύρύτατος

171 1933 255 1997 αύτιίς
280 1938 388 2008 ἑωυτοῦ,
414 1934 526 1994 στάδιοι
550 1932 707 2011 τριηκόσιοι
734 1933 779 1991 καί
806 1935 971 2014 τρισχίλιοι.

171 2021 270 2081 τούτου
287 2026 337 2082 τοῦ
353 2021 491 2102 πελάγεος
507 2021 541 2081 τό
560 2021 654 2096 στόμα
671 2021 732 2082 ἐστὶ
748 2020 827 2098 εὖρος
839 2023 973 2100 τέσσερες

173 2108 291 2178 στάδιοι,
313 2114 401 2187 μῆκος
423 2111 453 2168 δὲ
474 2109 535 2190 [τοῦ
557 2108 710 2189 στόματος]
733 2107 750 2168 ό
771 2108 863 2187 αὐχήν
883 2110 917 2172 τό
939 2111 971 2186 δή

173 2195 321 2274 Βόσπορος
335 2198 474 2272 κέκληται,
488 2196 546 2256 κατ’
559 2195 576 2256 ὃ
590 2196 624 2272 δή
638 2197 746 2266 ἔζευκτο
759 2194 778 2271 ή
790 2197 913 2278 γέφυρα,
928 2199 973 2258 ἐπὶ

173 2285 303 2348 σταδίους
324 2286 413 2344 εἴκοσι
436 2285 482 2342 καὶ
506 2284 603 2344 ἑκατόν
623 2289 694 2344 ε’στι·
720 2286 803 2345 τείνει
826 2283 851 2343 δ’
874 2290 902 2348 ἐς
922 2286 973 2361 τήν

172 2373 351 2449 Προποντίδα
373 2372 391 2432 ὁ
412 2372 570 2448 Βόσπορος·
598 2370 618 2447 ή
641 2371 671 2429 δὲ
694 2372 863 2448 Προποντὶς,
886 2377 971 2434 εὀὓσα

171 2459 249 2536 εὖρος
257 2452 309 2536 μέν
319 2460 439 2520 σταδίων
448 2459 638 2518 πεντακοσίων
647 2463 736 2534 μῆκος
745 2459 774 2518 δὲ
784 2462 972 2536 τετρακοσίων

171 2547 216 2605 καί
239 2548 347 2625 χιλίων,
370 2547 511 2607 καταδιδοῖ
533 2551 561 2609 ές
584 2545 634 2607 τόν
653 2546 872 2621 Ἑλλήσποντον
892 2548 972 2610 ε’όντα

170 2635 326 2710 στεινότητι
335 2637 386 2711 μὲν
399 2634 469 2694 ἑπτά
481 2634 611 2697 σταδίους
622 2638 711 2711 μῆκος
721 2633 751 2692 δὲ
763 2637 971 2711 τετρακοσίους·

170 2722 272 2782 ἐκδιδοῖ
288 2723 318 2782 δὲ
338 2722 354 2782 ὁ
374 2721 588 2797 Ἑλλήσποντος
611 2727 639 2786 ές
657 2720 759 2801 χάσμα
776 2721 921 2805 πελάγεος
939 2724 971 2785 τό

121 2811 160 2869 86
170 2810 203 2888 δή
225 2815 342 2891 Αἰγαῖον
362 2811 496 2870 καλέεται
539 2809 732 2890 (Μεμέτρηται
752 2808 783 2869 δὲ
799 2814 892 2871 ταῦτα
911 2809 970 2872 ὦδε·

170 2901 235 2973 νηῦς
259 2899 360 2957 ἐπίπαν
385 2897 514 2975 μάλιστά
537 2922 572 2972 κη
593 2896 720 2957 κατανύει
740 2900 772 2957 ἐν
792 2901 971 2980 μακρημερίῃ

172 2983 283 3065 ὀργυιάς
295 2987 519 3063 ἑπτακισμυρίας,
533 2984 630 3048 νυκτὸς
646 2984 676 3042 δὲ
690 2983 899 3064 ἑξακισμυρίας·
919 2987 971 3065 ἤδη

166 3071 205 3133 ὦν
217 3077 247 3136 ἐς
257 3074 312 3152 μὲν
324 3073 416 3134 Φύσιν
428 3071 484 3132 οἷπό
497 3076 547 3132 τοῦ
561 3072 827 3148 στόματος-τοῦτο
840 3075 899 3156 γάρ
912 3080 971 3137 ἐστι

154 3165 209 3224 τοῦ
222 3163 342 3228 Πόντου
355 3159 696 3245 μακρότατον-ἡμερέων
711 3160 787 3218 ἐννέα
801 3161 899 3228 πλόος
910 3162 969 3225 ἐστὶ

80 3244 85 3263 “
143 3250 195 3309 καὶ
209 3257 329 3318 νυκτῶν
344 3254 434 3319 ὀκτώ·
455 3249 545 3317 αὗται
562 3248 665 3311 ἕνδεκα
683 3243 810 3324 μυριάδες
825 3247 874 3304 xxix
885 3249 976 3309 ὶκιιτλιι
