2040 3464
160 114 207 162 ιιι
462 111 645 171 Ἠυοιουοπ
893 109 962 175 [IV.

157 198 269 254 ποιεῦσι
281 193 356 253 τόδε·
373 189 525 267 όποταμῶν
538 191 656 254 ἕκαστος
669 190 808 267 κεφαλὴν,
823 189 962 269 ἀποφέρε-

157 308 203 341 ται
217 287 244 344 ε’ς
255 281 292 340 τῶ
305 281 387 339 οἰκία·
406 281 500 339 ἔπειτα
513 280 560 338 ε’πί
572 279 658 349 ξύλου
671 279 799 360 μεγόλου
812 278 962 358 ἀναπείρας

159 373 224 447 ἱστᾷ
239 369 308 445 ύπὲρ
322 373 372 443 τῆς
390 370 477 443 οἰκίης
490 367 683 446 ὑπερέχουσαν
696 366 819 437 πολλόν,
832 368 961 444 μάλιστα

157 458 186 514 δὲ
199 457 267 532 ὑπὲρ
281 460 331 532 τῆς
345 456 525 533 καπνοδόκης·
548 458 622 532 φασὶ
636 455 665 514 δὲ
682 455 797 518 τούτους
817 457 961 532 φυλάκους

156 549 205 620 τῆς
232 546 319 620 οἰκίης
345 545 440 620 πάσης
466 544 710 621 ὑπεραιωρέεσθαι.
753 545 826 614 ζῶσι
850 545 881 604 δὲ
904 546 959 607 όπό

109 630 166 693 104
177 633 259 709 ληίης
278 659 308 692 τε
329 634 375 691 καὶ
392 634 526 709 πολέμου.
561 631 735 713 Ἀγάθυρσοι
753 632 783 690 δέ
804 632 960 709 ἁβρότατοι

156 719 252 797 ἄνδρες
270 723 333 791 εἰσὶ,
349 721 395 779 καὶ
413 719 592 799 χρυσοφόροι
606 720 642 780 τό
660 720 798 796 μάλιστα·
822 723 960 783 ἐπίκοινον

157 810 186 868 δὲ
199 815 253 869 τῶν
266 814 402 890 γυναικῶν
414 809 466 884 τὴν
478 810 554 886 μίξιν
567 813 716 877 ποιεῦνται,
732 809 776 868 ίνα
794 811 960 891 κασίγνητοί

156 924 186 956 τε
208 898 341 972 α’λλήλων
364 899 437 967 ἔωσι,
459 899 504 956 καὶ
525 897 625 972 οἰκήῖοι
646 896 736 959 ἐόντες
756 896 868 967 πάντες,
888 900 959 975 μήτε

157 985 251 1064 φθόνῳ
264 985 327 1061 μήτ’
343 987 418 1063 ἔχθεϊ
430 986 565 1064 χρέωνται
579 990 606 1048 ἐς
619 983 771 1059 ἀλλήλους·
794 985 830 1044 τό
844 985 868 1044 δ’
882 985 959 1046 ἅλλα

111 1075 166 1132 105
177 1074 278 1149 νόμαια
288 1074 387 1150 Θρήῖξι
397 1073 659 1152 προσκεχωρήκασι.
688 1074 793 1150 Νευροὶ
804 1074 834 1132 δὲ
845 1075 959 1152 νόμοισι

157 1165 208 1237 μὲν
227 1165 361 1240 χρέωνται
382 1164 554 1226 Σκυθικοῖσι.
595 1165 677 1241 γενεῇ
697 1161 728 1219 δὲ
747 1166 799 1240 μιῇ
820 1163 959 1241 πρότερόν

156 1257 247 1325 σφεας
260 1256 309 1326 τῆς
323 1251 443 1326 Δαρείου
453 1249 665 1325 στρατηλασίης
675 1250 818 1325 κατέλαβε
832 1255 958 1312 ἐκλιπεῖν

156 1339 206 1413 τήν
218 1337 310 1417 χῶρην
320 1342 416 1397 πᾶσαν
425 1337 480 1397 ύπό
491 1337 588 1413 ὀφίων·
603 1337 687 1411 ὄφιας
695 1336 751 1416 γόρ
763 1348 820 1413 σφι
830 1342 958 1405 πολλούς

155 1430 206 1502 μὲν
227 1427 244 1503 ἡ
265 1426 342 1505 χῶρη
360 1425 499 1500 ἀνέφαινε,
513 1429 540 1485 οἱ
556 1426 585 1485 δὲ
601 1429 718 1488 πλεῦνες
734 1422 840 1486 ἄνωθέν
854 1434 912 1503 σφι
928 1435 957 1488 ἐκ

154 1519 208 1574 τῶν
223 1516 329 1591 ἐρήμων
343 1515 488 1583 ἐπέπεσον,
500 1519 526 1576 ἐς
540 1513 563 1582 δ,
574 1513 740 1589 πιεζόμενοι,
751 1514 873 1589 οἴκησαν
886 1516 958 1593 μετὰ

156 1603 300 1671 Βουδίνων,
317 1602 368 1678 την
385 1605 489 1661 ἑωυτῶν
507 1602 676 1663 ἐκλιπόντες.
718 1601 911 1663 κινδυνεύουσι
929 1606 957 1665 δὲ

154 1693 181 1748 οἱ
201 1689 341 1766 ἅνθρωποι
361 1687 438 1748 οὗτοι
456 1689 555 1769 γόητες
576 1689 654 1748 εἶναι·
675 1689 807 1769 λέγονται
827 1691 956 1770 γὰρ’ύπό

156 1779 281 1840 Σκυθέων
301 1778 346 1842 καὶ
366 1777 511 1852 Ἑλλήνων
523 1781 578 1837 τῶν
592 1781 668 1854 ε’ντῇ
686 1777 810 1855 Σκυθικῇ
828 1805 956 1857 κατοικη-

152 1867 248 1940 μένων,
263 1866 298 1928 ῶς
311 1869 384 1928 ἔτεος
400 1865 519 1925 ἑκόστου
535 1865 610 1935 ἅπαξ
624 1870 679 1925 τῶν
700 1871 815 1940 Νευρῶν
837 1868 956 1933 ἕκαστος

153 1955 237 2016 λύκος
260 1956 365 2034 γίνεται
390 1954 495 2030 ἡμέρας
514 1953 621 2034 ὀλίγας,
642 1954 689 2012 καὶ
709 1953 786 2017 αὖτις
807 1954 901 2016 ὀπίσω
929 1965 955 2021 ἐς

152 2041 239 2100 ταύτιί
260 2044 432 2102 κατίσταται·
454 2045 503 2118 ἐμὲ
522 2043 574 2119 μίν
594 2069 642 2101 νυν
661 2046 749 2101 ταῦτα
768 2045 903 2124 λε’γοντες
923 2048 955 2107 ού

153 2131 292 2189 πείθουσι·
312 2130 430 2210 λέγουσι
448 2131 477 2188 δέ
496 2129 574 2190 οὐδὲν
588 2128 691 2205 ἧσσον,
706 2131 752 2188 καί
771 2130 912 2207 ὀμνύουσι
927 2137 955 2195 δὲ

106 2220 162 2276 106
172 2219 310 2298 λέγοντες.
351 2217 541 2298 Ἀνδροφάγοι
561 2218 591 2277 δὲ
611 2217 769 2298 ἀγριώτατα
782 2218 896 2280 πάντων
910 2224 954 2284 οἶν-

153 2305 267 2382 θριύπων
291 2308 387 2384 ἔχουσι
411 2304 489 2380 ἤθεα·
519 2305 582 2365 ούτε
606 2307 683 2381 δίκην
708 2309 868 2383 νομίζοντες
892 2312 954 2372 οὔτε

152 2394 225 2473 νόμῳ
241 2394 331 2454 οὐδενὶ
349 2394 510 2472 χρεόμενοι·
531 2395 648 2471 νομάδες
665 2396 696 2453 δέ
710 2399 775 2453 εἰσι·
798 2399 909 2473 ἐσθῆτα
925 2402 954 2461 δὲ

153 2485 289 2558 φορέουσι
316 2487 351 2560 τῇ
376 2482 498 2560 Σκυθικῇ
520 2483 626 2559 ὁμοίην,
651 2487 790 2562 γλῶσσαν
813 2483 844 2543 δὲ
872 2487 953 2564 ἰδίην·

105 2571 159 2630 107
170 2569 441 2650 οἷνθρωποφαγέουσι
451 2570 480 2628 δὲ
489 2574 588 2646 μοῦνοι
597 2570 707 2630 τούτων.
734 2571 953 2652 Μελάγχλαινοι

151 2658 180 2716 δὲ
199 2658 298 2733 εἵματα
316 2661 367 2734 μὲν
384 2658 494 2734 με’λανα
511 2660 648 2734 φορέουσι
667 2657 776 2728 πάντες,
792 2660 834 2719 ἐπ’
854 2660 893 2722 ὧν
908 2667 953 2724 καὶ

148 2745 198 2807 πῶς
211 2747 364 2823 ἐπωνυμίας
378 2748 483 2824 ἔχουσι·
504 2745 617 2822 νόμοισι
630 2748 659 2805 δὲ
673 2748 837 2810 Σκυθικοῖσι
850 2754 953 2829 χρέων-

102 2837 159 2891 108
168 2859 223 2891 ται.
266 2835 393 2893 Βουδῖνοι
421 2835 457 2904 δὲ,
482 2835 560 2897 ἔθνος
586 2835 631 2895 ε’ὀν
657 2835 730 2915 με’γα
757 2835 803 2894 καὶ
830 2841 952 2910 πολλόν,

148 2921 272 3001 γλαυκόν
285 2947 316 2981 τε
330 2926 385 2980 πᾶν
400 2927 519 3001 ἰσχυρῶς
533 2924 595 2980 ἐστὶ
609 2923 654 2981 καὶ
667 2922 781 2999 πυρρόν.
823 2925 910 2990 πόλις
924 2930 952 2988 δὲ

148 3015 177 3067 ἐν
197 3008 307 3069 αύτοῖσι
328 3010 499 3069 πεπόλισται
520 3011 625 3087 ξυλίνη,
648 3010 752 3087 οὕνομα
772 3011 801 3070 δὲ
823 3019 858 3091 τῇ
881 3017 953 3077 πόλι

147 3097 210 3156 ἐστὶ
231 3098 365 3161 Γελωνός·
385 3102 436 3157 τοῦ
454 3098 484 3156 δὲ
496 3100 602 3177 τείχεος
615 3101 745 3180 μέγαθος,
760 3105 852 3160 κῶλον
866 3103 952 3164 ἔκασ·

134 3214 190 3248 τον
211 3187 369 3268 τριήκοντα
392 3187 515 3250 σταδίων
537 3187 607 3247 ἐστί·
634 3187 742 3265 ύφηλδν
765 3188 805 3258 δὲ,
824 3190 872 3248 καὶ
893 3197 953 3254 πᾶν

123 3277 263 3349 ξύλινον·
283 3281 338 3345 καὶ
352 3281 445 3345 οἰκίαι
460 3272 553 3341 αἰτῶν
576 3273 700 3346 ξῦλὶνᾱῑ,
710 3274 758 3331 *αλ
773 3272 883 3348 1³1²&
899 3279 968 3334 *um
