2040 3464
79 104 188 169 33-36]
424 107 559 158 οκκαῐι.
827 108 874 160 υτ

79 183 221 262 όληθέες.”
261 186 397 263 πρότερον
412 186 468 267 γόρ
490 187 523 263 δη
542 185 603 263 ἄρα,
618 188 752 262 Περσέων
768 189 795 245 οἶ
810 211 876 246 συν·

80 273 164 350 έδρων
181 272 279 334 ἐόντων
297 274 346 332 καὶΙ
359 275 495 350 Κροίσου,
518 275 605 351 εἴρετο
622 274 785 350 Καμβύσης
801 275 876 338 κοῖός

78 385 121 423 τις
147 359 238 419 δοκέοι
263 360 333 437 ἅνῆρ
361 361 430 420 εἶναι
455 362 526 438 πρός
552 362 602 421 τόν
627 362 734 438 πατέρα
761 361 878 422 τελέσαι

80 450 192 523 Κῦρον,
213 449 240 506 οἱ
254 447 284 506 δέ
297 447 457 524 ἀμείβοντο,
470 449 504 511 ὠς
518 449 559 524 εἴη
573 447 689 524 α’μείνων
699 453 749 507 τοῦ
762 448 876 525 πατρός·

81 534 116 593 τό
128 560 159 594 τε
171 534 225 613 γόρ
240 536 343 594 ε’κείνου
357 535 449 595 πάντα
465 537 537 615 ἔχειν
552 535 644 605 αὐτόν,
659 537 705 593 καὶ
722 541 877 612 προσεκτῆ-

81 623 149 681 σθαι
170 621 313 702 Αίγυπτόν
332 647 364 683 τε
382 623 429 680 καὶ
443 623 496 698 την
513 622 673 683 θάλασσαν·
702 624 812 700 Πέρσαι
826 626 878 700 μέν

82 709 116 783 δη
137 713 224 768 ταῦτα
247 712 353 790 ἔλεγον·
389 715 514 787 Κροῖσος
535 711 565 769 δὲ
584 710 693 787 παρεόν
714 737 746 769 τε
764 712 809 769 καὶ
828 711 878 770 οὐκ

80 796 267 872 σ’ρεσκόμενος
289 801 325 875 τῇ
348 798 446 875 κρίσει,
471 798 530 858 εἶπε
553 798 623 874 πρός
642 798 692 858 τόν
717 798 879 873 Καμβύσεα

80 884 155 943 τόδε·
190 896 207 920 “
216 887 277 961 ἐμοὶ
303 886 355 961 μέν
377 912 433 956 νυν,
461 885 482 944 ὦ
508 889 562 944 παῖ
587 884 689 962 Κύρου,
717 885 750 945 ού
776 887 879 951 δοκέεις

81 970 177 1048 ὁμοῖος
191 973 259 1032 εἶναι
272 977 310 1050 τῷ
323 973 431 1049 πατέρι·
453 973 485 1032 ού
498 973 552 1054 γάρ
566 1000 604 1032 κω
617 975 664 1032 τοί
675 979 736 1033 ἐστι
748 974 807 1037 υἱός
819 973 879 1034 οἶόν

81 1083 118 1118 σε
136 1064 236 1123 ἐκεῖνος
254 1059 442 1119 κατελίπετο·”
471 1060 547 1137 ἥσθη
565 1087 596 1121 τε
613 1065 701 1120 ταῦτα
722 1061 844 1124 οἰκούσας
862 1061 878 1120 ὁ

82 1147 244 1224 Καμβύσης
257 1148 303 1206 καὶ
317 1149 423 1207 ἐπαίνεε
435 1147 487 1224 την
501 1149 627 1223 Κροίσου
641 1149 742 1225 κρίσιν.
769 1148 878 1208 Τούτων
888 1151 924 1208 35

83 1234 117 1308 δή
133 1234 169 1294 ὧν
188 1236 393 1311 ἐπιμνησθέντα
411 1234 482 1315 ὀργῇ
501 1237 594 1316 λέγειν
611 1236 682 1311 πρός
699 1235 748 1295 τόν
766 1237 879 1311 Πρηξά-

83 1347 167 1380 σπεα·
197 1323 255 1381 ι’σι)
276 1328 324 1382 νῦν
345 1322 418 1399 μόθε
440 1328 464 1382 εἰ
486 1324 604 1404 λέγουσι
628 1323 739 1398 Πέρσαι
762 1322 877 1398 ἀληθέα,

84 1409 138 1468 εἴτε
155 1409 234 1469 αύτοὶ
253 1411 383 1490 λέγοντες
403 1414 491 1470 ταῦτα
511 1411 749 1487 παραφρονέουσι·
784 1414 808 1470 εἰ
828 1413 879 1486 μὲν

82 1496 138 1576 γοῖρ
160 1501 211 1557 τοῦ
236 1497 336 1561 παιδός
355 1503 405 1558 τοῦ
426 1503 480 1558 σοῦ
499 1500 580 1558 τοῦδε
601 1503 735 1561 ἑστεῶτος
754 1503 783 1558 ἐν
803 1503 879 1558 τοῖσι

82 1585 250 1663 προθύροισι
262 1586 362 1661 βαλολν
374 1586 487 1665 τύχοιμι
504 1587 594 1663 μέσης
611 1591 662 1662 τῆς
674 1587 792 1662 καρδίης,
808 1588 879 1663 Πέρ-

84 1699 135 1732 σαι
148 1674 297 1748 φανέονται
313 1675 442 1754 λέγοντες
456 1673 543 1734 ούδέν·
563 1673 598 1750 ἢν
614 1675 643 1734 δὲ
659 1674 780 1751 ύμόρτω,
795 1674 881 1750 φάναι

84 1761 200 1838 Πέρσας
215 1788 247 1820 τε
262 1763 356 1842 λέγειν
375 1762 484 1838 ἀληθέα
504 1764 550 1821 καὶ
569 1765 605 1840 μέ
624 1762 665 1839 μή
687 1762 881 1839 σωφρονέειν·”

83 1853 170 1908 ταῦτα
183 1850 213 1908 δέ
231 1849 343 1909 εἰπόντα
359 1851 406 1908 καὶ
426 1851 596 1911 διατείναντα
612 1850 645 1910 τό
661 1850 751 1920 τόξον,
765 1851 882 1926 βαλέειν

83 1935 134 1995 τόν
160 1937 255 1995 παῖδα·
295 1937 432 2001 πεσόντος
455 1939 485 1997 δὲ
509 1942 561 1998 τοῦ
587 1937 693 2008 παιδός,
720 1937 881 2016 ἀνασχίζειν

85 2023 169 2084 αύτόν
187 2023 308 2085 κελεύειν
325 2027 371 2084 καὶ
388 2027 551 2104 σκέψασθαι
567 2027 600 2088 τό
616 2029 729 2104 βλῆμα·
753 2026 789 2090 ὦς
805 2027 835 2086 δὲ
849 2032 880 2088 ἐν

84 2115 121 2190 τῇ
133 2113 230 2192 καρδίη
244 2112 388 2190 εύρεθῆναι
401 2113 512 2174 ἐνεόντα
531 2114 581 2174 τόν
593 2114 699 2186 ὀϊστόν,
713 2117 799 2175 εἰπεῖν
811 2115 881 2193 πρός

84 2199 134 2259 τδν
152 2202 260 2275 πατέρα
279 2205 328 2260 τοῦ
354 2200 460 2271 παιδός,
480 2202 643 2283 γελάσαντα
666 2203 712 2261 καὶ
730 2204 882 2282 περιχαρέα

85 2286 243 2368 γενόμενον·
264 2297 282 2323 “
291 2287 470 2365 Πρήξασπες,
484 2289 520 2352 ὦς
533 2293 586 2364 μὲν
604 2292 689 2371 ἔγωγε
702 2289 735 2349 ού
747 2291 884 2366 μαίνομαί

84 2402 116 2434 τε
133 2377 244 2452 Πέρσαι
263 2401 295 2435 τε
314 2378 544 2453 παραφρονέουσι
559 2377 632 2453 δῆλοί
647 2404 691 2436 τοι
706 2378 814 2457 γέγονε·
834 2381 882 2437 νῦν

85 2464 118 2523 δέ
131 2489 180 2538 μοι
196 2465 263 2533 εἶπέ,
276 2464 338 2522 τίνα
355 2463 423 2527 εἶδες
438 2463 491 2540 ἤδη
508 2465 618 2524 πόντων
633 2464 784 2542 ἀνθρώπων
799 2463 884 2528 οὕτως

86 2553 227 2612 ἐπίσκοπα
239 2551 387 2620 τοξεύοντα
397 2551 421 2619 ;”
437 2553 614 2628 Πρηξάσπεα
627 2553 656 2611 δέ
669 2552 784 2629 ὀρέοντο
797 2551 883 2629 ἄνδρα

86 2639 119 2698 ού
141 2639 288 2716 φρενήρεα,
310 2640 357 2698 καὶ
382 2640 447 2716 περὶ
470 2643 558 2717 ἑωυτῷ
584 2640 766 2715 δειμαίνοντα,
788 2644 882 2700 εἰπεῖν·

87 2727 240 2796 ’ίδέσποτια
255 2725 312 2785 οὐδ’
326 2725 360 2786 ἂν
373 2725 456 2786 αύτὸν
470 2729 555 2807 ἔγωγε
571 2727 656 2785 δοκέω
671 2725 721 2786 τόν
737 2725 800 2786 θεόν
814 2726 884 2787 οὕτω

86 2813 121 2874 ἂν
142 2819 233 2877 καλῶς
258 2813 401 2891 βαλέειν.”
440 2814 504 2874 τότε
524 2817 576 2890 μὲν
594 2819 682 2873 ταῦτα
703 2814 883 2895 ἐξεργάσατο·

87 2904 199 2979 ἑτέρωθι
216 2903 247 2962 δέ
267 2902 351 2978 ὁμοῖα
366 2905 443 2962 τοῖσι
459 2902 602 2979 πρότρισι,
618 2903 750 2979 Περσέων
766 2901 885 2963 δυόδεκα

88 2991 133 3066 ἐφ’
147 2990 261 3068 οὐδεμιῇ
275 2990 348 3069 αἰτίη
365 2988 499 3068 ἀξιόχρεῳ
520 2989 589 3048 ἐλολν
606 2989 725 3061 ζώοντας
741 2990 786 3050 ἐπὶ
800 2996 885 3066 κεφα-

86 3078 143 3154 λήν
156 3078 302 3156 κατώρυξε.

130 3170 224 3224 Ταῦτα
238 3166 270 3224 δέ
278 3190 330 3243 μιν
342 3169 476 3227 ποιεῦντα
487 3165 808 3244 ἐδικαίωσεΚροῖσοςῖ)
819 3161 966 3220 MR&

79 3254 248 3375 ωυθηηῆσαι
272 3255 385 3318 τοισίδε
407 3261 491 3320 τοῖσι
516 3259 613 3320 ἔπεσι·
643 3255 697 3315 “ιἀ
726 3251 877 3328 βασιλκῶς
898 3239 947 3308 μὴ
