2040 3464
145 112 174 157 τι
446 111 628 159 Ἥυοιουου
906 110 940 172 [1.

144 187 178 261 ἦν
199 188 283 265 ὀρέων
304 187 337 246 τό
358 187 530 265 ποιεόμενον·
549 187 646 263 μαθών
664 187 695 246 δέ
714 212 764 263 μιν
784 185 801 246 ό
821 189 942 266 χαλκεύς

141 275 383 352 ἀποθωυμάζοντα,
398 276 458 334 εἶπε
472 275 651 350 παυσάμενος
663 278 713 334 τοῦ
727 276 817 355 έργου·
839 275 879 351 “ή
892 302 942 338 κου

140 361 182 432 ἂν,
197 363 217 422 ὦ
231 364 301 432 ξεῖνε
312 363 419 432 Λάκων,
435 364 523 441 εἴπερ
538 363 607 426 εἶδες
619 362 652 423 τό
665 388 718 438 περ
732 363 792 442 ἐγώ,
808 361 895 439 κάρτα
907 363 942 426 ἀν

141 450 294 526 ἐθώυμαζες
304 449 369 509 ὅκου
379 456 427 510 νῦν
437 450 507 510 οὕτω
517 450 662 531 τυγχάνεις
673 452 768 526 θῶυμα
780 450 942 526 ποιεύμενος

139 538 191 613 τήν
201 539 334 619 ἐργασίην
344 543 393 597 τοῦ
404 538 529 614 σιδήρου·
546 538 600 618 ἐγώ
613 538 668 618 γάρ
683 543 711 596 ἐν
724 537 789 614 τῇδε
803 539 893 598 θέλων
904 540 941 619 τῇ

140 625 213 704 αὐλῇ
237 627 327 702 φρέαρ
349 626 532 701 ποιήσασθαι,
555 624 685 702 ὀρύσσων
709 625 843 705 ἐπέτυχον
864 632 941 706 σορῷ

140 713 302 792 ἑπταπήχεϊ·
319 712 373 772 ύπδ
387 714 416 772 δὲ
427 713 557 789 ἀπιστίης
569 712 609 791 μή
622 715 673 789 μὲν
684 713 815 793 γενέσθαι
825 714 941 792 μηδαμά

137 801 254 878 μέζονας
271 800 431 877 ἀνθρώπους
448 804 504 860 τῶν
518 805 575 869 νῦν,
589 800 679 879 ἀνῷξα
696 799 789 876 αὐτήν,
804 802 850 859 καὶ
867 802 940 863 εἶδον

137 887 186 947 τόν
204 889 300 965 νεκρόν
315 888 397 964 μήκεϊ
415 888 479 947 ἶσον
494 888 574 947 ἐόντα
593 893 629 966 τῇ
649 892 734 966 σορῷ·
754 888 896 966 μετρήσας
909 891 940 950 δὲ

139 977 287 1054 συνέχωσα
301 975 417 1035 όπίσω.”
437 975 513 1051 ὁμὲν
523 975 557 1050 δή
572 979 599 1035 οἶ
613 977 692 1056 ἔλεγε
705 974 741 1033 τά
753 1002 806 1052 περ
820 975 939 1037 ὀπώπεε·

139 1061 155 1121 ό
169 1063 198 1121 δὲ
208 1063 327 1125 ἐννώσας
336 1063 372 1123 τά
381 1062 527 1144 λεγόμενα,
539 1062 734 1138 συνεβάλλετο
744 1063 793 1122 τάν
802 1062 940 1140 Ὀρέστεα

138 1151 209 1210 κατά
227 1151 260 1210 τό
279 1150 446 1228 θεοπρόπιον
464 1155 563 1211 τοῦτον
581 1151 657 1220 εἶναι,
671 1151 737 1228 τῇδε
751 1152 939 1227 συμβαλλεό-

136 1263 227 1314 μενος·
247 1243 297 1297 τοῦ
315 1239 436 1317 χαλκέος
455 1237 503 1297 δύο
521 1237 606 1316 ἀρέων
625 1237 726 1313 φύσας,
742 1237 806 1301 τούς
822 1238 940 1318 ἀνέμους

138 1325 248 1402 εὕρισκε
264 1325 366 1389 ἐόντας·
387 1325 436 1385 τόν
454 1326 483 1384 δὲ
499 1324 606 1403 ἄκμονα
623 1327 669 1384 καὶ
685 1325 737 1401 τήν
755 1330 876 1404 σφῦραν,
889 1327 939 1388 τόν

137 1439 168 1473 τε
185 1413 273 1472 τύπον
292 1414 337 1471 καὶ
357 1413 406 1473 τόν
427 1413 583 1474 ἀντίτυπον·
604 1412 654 1472 τόν
675 1412 704 1471 δὲ
726 1412 940 1490 ἐξελαυνόμενον

136 1501 259 1578 σίδηρον,
273 1501 306 1560 τό
320 1506 402 1577 πήμα
415 1502 461 1559 ἐπὶ
473 1500 581 1577 πήματι
595 1502 728 1576 κείμενον·
750 1500 821 1560 κατά
832 1501 939 1563 τοιόνδε

136 1614 164 1647 τι
178 1588 296 1659 εἰκάζων,
308 1588 343 1652 ώς
357 1589 402 1647 ἐπὶ
416 1593 489 1666 κακῷ
502 1588 647 1666 ἀνθρώπου
660 1589 773 1664 σίδηρος
782 1586 937 1666 ἀνεύρηται.

136 1676 389 1752 συμβαλλεόμενος
402 1675 431 1734 δὲ
444 1680 539 1744 ταῦτα,
554 1678 600 1734 καὶ
616 1675 746 1735 ἀπελθών
762 1681 789 1738 ἐς
806 1677 939 1754 Σπάρτην

136 1765 238 1839 ἔφραζε
261 1764 505 1840 Λακεδαιμονίοισι
526 1768 583 1822 πᾶν
603 1764 636 1823 τό
657 1767 784 1844 πρῆγμα·
807 1767 835 1822 οἱ
855 1765 886 1824 δέ
907 1771 938 1826 ἐκ

135 1851 223 1931 λόγου
236 1856 367 1910 πλαστοῦ
381 1852 565 1914 ἐπενείκαντές
581 1855 608 1910 οἱ
623 1853 721 1926 αἰτίην,
735 1851 857 1920 ἐδίωξαν·
877 1853 938 1913 όδέ

136 1938 300 2014 ἀπικόμενος
318 1943 345 2001 ἐς
363 1939 466 2020 Τεγέην
484 1940 529 1997 καὶ
548 1939 659 2016 φράζων
676 1938 728 2014 τήν
745 1943 844 1998 ἐωυτοΰ
865 1967 937 2018 συμ-

136 2026 227 2103 φορήν
239 2026 309 2103 πρός
321 2025 370 2086 τάν
383 2027 499 2106 χαλκέα,
514 2028 664 2101 ἐμισθοῦτο
677 2026 742 2102 παρ’
755 2025 804 2085 οὐκ
820 2027 937 2089 ἐκδιδόν-

136 2141 182 2177 τος
202 2114 254 2188 τήν
277 2112 374 2189 αὐλήν·
397 2113 488 2193 χρόνῳ
509 2114 538 2172 δὲ
560 2113 594 2176 ώς
615 2113 761 2194 ἀνέγνωσε,
785 2115 935 2192 ἐνοικίσθη·

135 2201 266 2278 ἀνορύξας
277 2201 307 2260 δὲ
316 2201 366 2261 τάν
375 2202 467 2277 τάφον
478 2202 524 2260 καὶ
536 2200 571 2259 τά
586 2200 671 2261 ὀστέα
685 2201 832 2271 συλλέξας,
842 2203 936 2281 οἴχετο

136 2290 228 2366 φέρων
241 2295 268 2352 ἐς
281 2288 422 2366 Σπάρτην·
439 2290 485 2347 καὶ
499 2288 554 2348 ἀπό
568 2288 667 2348 τούτου
679 2294 729 2348 τοῦ
742 2288 853 2367 χρόνου,
867 2289 937 2355 ὅκως

135 2376 269 2455 πειρῴατο
285 2375 426 2451 ἀλλήλων,
441 2381 541 2455 πολλῷ
557 2378 752 2453 κατυπέρτεροι
766 2379 805 2454 τῷ
819 2379 936 2458 πολέμῳ

135 2466 257 2544 ἐγίνοντο
271 2467 297 2522 οἱ
310 2463 531 2540 Λακεδαιμόνιοι·
552 2463 605 2539 ήδη
622 2465 653 2523 δέ
668 2471 724 2540 σφι
740 2463 787 2523 καὶ
801 2462 821 2540 ή
836 2466 935 2542 πολλή

135 2556 184 2627 τῆς
197 2551 419 2626 Πελοποννήσου
431 2551 467 2626 ἦν
480 2553 719 2628 κατεστραμμένη.

88 2643 124 2699 69
174 2643 268 2698 Ταῦτα
296 2639 329 2714 δή
358 2639 394 2700 ὧν
420 2639 511 2699 πάντα
536 2640 740 2715 πυνθανόμενος
766 2639 783 2699 ό
809 2643 936 2716 Κροῖσος

134 2727 239 2804 ἔπεμπε
253 2732 279 2790 ἐς
293 2726 424 2804 Σπάρτην
440 2727 577 2808 ἀγγέλους
596 2726 669 2804 δῶρά
688 2753 719 2787 τε
735 2728 871 2804 φέροντας
888 2731 935 2787 καὶ

135 2815 318 2891 δεησομένους
339 2816 509 2892 συμμαχίης,
529 2814 718 2890 ἐντειλάμενός
740 2841 770 2874 τε
787 2814 824 2874 τά
841 2817 935 2896 λέγειν

134 2907 215 2981 χρῆν.
257 2905 283 2961 οἶ
297 2903 325 2960 δὲ
337 2902 464 2963 ἐλθόντες
479 2904 584 2982 ἔλεγον·
607 2904 734 2981 “ἐπεμψε
746 2902 834 2978 ήμέας
850 2909 935 2980 Κροῖ-

135 3016 187 3053 σος
204 2989 220 3049 ό
237 2990 334 3048 Λυδῶν
352 3015 382 3047 τε
398 2990 444 3046 καὶ
459 2987 554 3047 ἀλλων
570 2989 668 3048 ἐθνέων
684 2990 832 3065 βασιλεύς,
845 2992 936 3072 λέγων

132 3077 208 3135 τάδε·
240 3076 261 3134 ὦ
287 3074 508 3151 Λακεδαιμόνιοι,
535 3074 693 3154 χρήσαντος
718 3082 768 3136 τοῦ
795 3079 859 3137 θεοῦ
885 3079 936 3139 τόν

115 3159 248 3235 Ἕλληνα
272 3164 363 3238 φίλον
382 3162 573 3240 προσθέσθαι,
585 3162 671 3240 ὑμέας
689 3163 744 3245 γὰρ
763 3164 934 3240 πυνθάνομαι

100 3248 287 3313 προεστάναι
313 3257 369 3328 τῆς
390 3251 548 3324 Ἑλλάδος,
567 3251 657 3330 ὑμέας
679 3250 715 3311 ἐον
741 3250 813 3309 κατὰ
828 3249 864 3306 ‹t›
883 3276 949 3326 χρη·
