2040 3464
113 112 253 176 ιιι-ιον]
402 114 627 164 οιυκποωιωισ.
866 115 912 166 357

113 195 185 254 σέων
204 196 314 273 ἔχονται
335 193 469 272 ἀροτῆρες
481 194 534 270 ἤδη
548 196 663 270 Λίβυες,
678 195 724 254 καὶ
737 195 825 258 οἰκίας
838 197 913 272 νομί-

112 283 205 353 ζοντες
218 284 362 358 ἐκτῆσθαι·
383 288 459 342 τοῖσι
473 282 578 359 οὕνομα
592 284 683 342 κέεται
697 282 819 352 Μάξυες·
841 284 867 343 οἳ
879 283 915 343 τά

113 372 234 440 ε’πιδεξιά
254 375 310 430 τῶν
331 374 476 447 κεφαλέων
494 371 627 448 κομόωσι,
646 371 681 430 ταὶ
702 370 725 429 δ’
744 371 914 448 ε’παριστερά

113 460 247 536 κείρουσι·
262 459 295 518 τό
310 461 339 518 δὲ
353 464 435 536 σῶμα
448 460 574 538 χρίονται
587 461 688 538 μίλτῳ·
707 461 781 534 φασὶ
796 460 825 518 δὲ
839 457 915 520 οὗτοι

114 547 249 607 εἶναιτῶν
264 553 293 606 έκ
307 551 408 624 Τροίης
426 547 540 624 ἀνδρῶν.
575 548 593 624 ἡ
608 549 636 607 δὲ
649 547 726 626 χώρη
741 547 811 624 αῦτη
823 549 916 607 τεκαὶ

113 634 131 710 ἦ
148 636 235 711 λοιπὴ
248 641 299 711 τῆς
312 636 422 712 Λιβύης
434 636 453 712 ἦ
467 635 538 713 πρός
557 637 687 712 ἕσπέρην,
702 640 802 714 πολλῷ
816 637 914 713 θηριω-

113 722 230 798 δεστέρη
248 749 279 782 τε
300 724 346 780 καὶ
361 723 498 800 δασυτέρη
513 725 574 783 ἐστὶ
587 728 637 798 τῆς
651 728 706 782 τιῦν
719 721 846 800 νομάδων
859 724 913 802 χιό-

112 837 172 887 ρης·
192 810 211 886 ἦ
226 813 278 887 μὲν
295 813 350 892 γάρ
372 812 405 887 δὴ
425 812 495 889 πρὸς
507 812 559 887 τὴν
572 811 613 888 ηἰῦ
626 816 677 887 τῆς
689 813 807 889 Λιβύης,
821 813 873 888 την
887 817 913 873 οἱ

113 898 229 975 νομάδες
251 900 375 976 νέμουσι,
399 901 459 958 ἔστι
483 900 599 975 ταπεινή
621 926 652 960 τε
680 902 725 958 καὶ
748 901 911 979 ψαμμώδης,

112 988 196 1065 μέχρι
215 992 265 1046 τοῦ
285 990 421 1064 Τρίτωνος
439 993 577 1065 ποταμοῦ·
604 989 623 1065 ἦ
640 989 669 1048 δὲ
688 988 744 1048 άπό
762 988 862 1048 τούτου
880 989 913 1047 τὸ

112 1075 183 1151 πρός
199 1077 326 1151 ἑσπέρης,
341 1075 359 1152 ηε
376 1081 430 1135 τῶν
447 1076 596 1152 ἀροτήρων,
615 1076 707 1153 ὀρεινή
720 1102 752 1135 τε
766 1076 853 1153 κάρτα
867 1078 912 1135 καὶ

113 1163 201 1221 δασέα
223 1165 268 1221 καὶ
286 1164 430 1240 θηριώδης·
452 1164 498 1222 καὶ
513 1165 567 1245 γάρ
584 1169 610 1223 οἱ
626 1165 704 1239 ὄφιες
719 1167 745 1222 οἱ
758 1163 914 1244 ῦπερμεγά-

113 1252 173 1314 θεες
186 1252 232 1310 καὶ
246 1255 272 1310 οἱ
286 1253 397 1314 λέοντες
411 1252 481 1311 κατὰ
494 1252 608 1315 τούτους
622 1254 685 1322 εἶσὶ,
696 1253 741 1310 καὶ
755 1256 781 1311 οἱ
795 1253 911 1327 ἐλέφαν-

112 1341 157 1401 τές
169 1366 199 1399 τε
214 1341 260 1398 καὶ
274 1337 378 1416 άρκτοι,
389 1342 434 1398 καὶ
443 1339 559 1403 άσπίδες
571 1367 602 1399 τε
616 1341 661 1399 καὶ
672 1340 731 1399 όνοι
745 1344 771 1399 οἱ
784 1340 820 1399 τά
833 1341 913 1415 κέρεα

113 1430 231 1506 ἔχοντες·
254 1429 299 1486 καὶ
319 1432 345 1486 οἱ
363 1429 558 1503 κυνοκέφαλοι,
573 1430 618 1487 καὶ
639 1432 664 1487 οἷ
686 1427 825 1502 α’κέφαλοι
842 1431 868 1486 οἱ
886 1433 914 1487 έν

112 1520 187 1575 τοῖσι
205 1516 325 1590 στήθεσι
345 1517 410 1579 τοῦς
431 1516 599 1593 ὀφθαλμοῦς
615 1519 731 1596 ἔχοντες,
749 1515 797 1594 (οἷς
814 1515 848 1591 δὴ
867 1517 912 1574 λέ-

111 1606 212 1685 γονταί
229 1631 262 1685 γε
282 1604 337 1663 ῦπδ
359 1604 495 1683 Λιβύων,)
517 1606 563 1664 καὶ
584 1609 610 1664 οἱ
632 1604 723 1686 άγριοι
747 1603 849 1681 ἄνδρες,
867 1607 913 1662 καὶ

111 1697 238 1774 γυναῖκες
265 1693 367 1774 άγριαι,
396 1695 442 1752 καὶ
469 1694 546 1753 ἄλλα
575 1694 679 1770 πλήθεϊ
705 1693 802 1751 πολλά
830 1693 913 1769 θηρία

112 1780 321 1860 ἀκατάψευστα.
351 1781 433 1841 Κατὰ
445 1783 510 1846 τοῦς
524 1783 658 1859 Νομάδας
672 1783 703 1840 δέ
715 1787 776 1840 ε’στι
789 1780 893 1841 τούτων
905 1785 960 1840 192

113 1869 200 1941 ου’δέν,
225 1869 290 1929 ἀλλ’
310 1870 388 1929 ἄλλα
410 1871 512 1930 τοιάδε·
540 1872 688 1953 πύγαργοι,
708 1871 754 1929 καὶ
775 1871 912 1947 ζορκάδες,

112 1960 159 2017 καὶ
179 1959 345 2034 βουβάλιες,
367 1961 412 2017 καὶ
434 1959 501 2030 όνοι,
524 1959 572 2020 οῦκ
596 1963 622 2019 οἱ
642 1961 678 2019 τά
701 1961 781 2035 κέρεα
806 1961 914 2038 ἔχοντες

112 2046 190 2105 α’λλά
208 2046 294 2106 άλλοι
313 2046 422 2107 άποτοι·
444 2047 476 2106 οῦ
492 2048 547 2129 γάρ
567 2048 600 2124 δὴ
620 2050 742 2108 πίνουσι·
764 2049 810 2106 καὶ
829 2047 913 2124 όρυες,

111 2140 166 2195 τῶν
173 2135 209 2195 τά
224 2136 304 2211 κέρεα
317 2140 393 2195 τοῖσι
404 2137 509 2211 φοίνιξι
519 2141 545 2195 οἱ
553 2137 655 2216 πήχεες
663 2142 814 2196 ποιεῦνται·
829 2138 914 2217 μέγαυ

112 2224 161 2287 θος
174 2224 203 2283 δὲ
216 2223 249 2282 τό
265 2225 360 2302 θηρίον
373 2228 457 2283 τοῦτο
476 2225 546 2284 κατά
560 2227 633 2301 βοῦν
648 2227 718 2284 ἔστί·
740 2226 786 2283 καὶ
799 2226 913 2300 βασσά-

111 2338 166 2387 ρια,
185 2313 231 2371 καὶ
248 2311 347 2382 ὕαιναι,
368 2313 412 2370 καὶ
432 2313 569 2390 ὕστριχες,
590 2316 635 2371 καὶ
656 2313 728 2389 κριοὶ
748 2311 849 2392 ἄγριοι,
869 2315 915 2372 καὶ

112 2401 225 2470 δίκτυες,
240 2402 286 2458 καὶ
300 2403 375 2470 θῶες,
391 2402 436 2458 καὶ
449 2401 596 2477 πάνθηρες,
611 2401 657 2459 καὶ
669 2400 780 2478 βόρυες,
793 2402 838 2458 καὶ
853 2428 915 2478 κρο-

112 2488 234 2548 κόδειλοι
254 2488 325 2548 ὅσον
341 2515 371 2548 τε
389 2488 537 2567 τριπήχεες
556 2494 694 2568 χερσαῖοι,
707 2493 776 2568 τῇσι
790 2488 916 2568 σαύρῃσι

112 2579 327 2654 ἐμφερέστατοι·
355 2578 400 2635 καὶ
424 2577 558 2654 στρουθοὶ
585 2577 739 2658 κατάγαιοι,
764 2579 810 2636 καὶ
837 2575 916 2652 ὄφιες

111 2666 228 2742 σμικροὶ
247 2667 327 2742 κέρας
344 2667 372 2724 ἓν
387 2666 505 2728 ἕκαστος
521 2667 640 2744 ἔχοντες.
674 2665 763 2724 ταῦτά
776 2692 806 2724 τε
836 2663 916 2740 ηαῦ-

110 2754 174 2814 τόθι
193 2755 255 2813 ε’στὶ
272 2755 362 2830 θηρία,
378 2755 424 2813 καὶ
438 2753 509 2831 ἅπερ
522 2759 558 2833 τῇ
571 2752 655 2833 άλλη,
671 2753 747 2829 πλὴν
762 2752 872 2829 ε’λάφου
885 2778 916 2812 τε

187 2840 314 2864 ΗἸ
520 2840 679 2866 κὶθῖ
779 2846 786 2865 2

112 2843 158 2901 καὶ
177 2870 225 2905 υος
246 2869 354 2923 αγριου·
376 2844 482 2917 έλαφος
501 2843 530 2901 δε
547 2870 593 2902 και
610 2870 641 2905 υς
662 2868 757 2923 αγριος
774 2868 803 2901 εν
818 2841 914 2920 Λιβύη

110 2930 229 3007 πάμπαν
244 2930 292 2989 οῦκ
308 2932 377 2990 ἔστι.
411 2935 488 3007 μυῶν
502 2932 531 2990 δὲ
543 2932 625 3013 γένεα
638 2930 718 3007 τριξὰ
732 2929 829 2990 αὐτόθι
844 2931 915 2989 ε’στί·

111 3022 207 3096 οἱμὲν
226 3019 336 3082 δίποδες
357 3020 511 3089 καλέονται,
528 3023 554 3078 οἱ
568 3020 597 3077 δέ
616 3021 744 3101 ζεγέριες·
767 3019 811 3098 (τό
843 3016 913 3077 έοῦ-

111 3135 184 3184 νομα
199 3106 283 3166 τοῦτό
302 3112 363 3166 ε’στι
382 3110 433 3183 μὲν
447 3109 582 3184 Λιβυκόν,
598 3108 709 3167 δυ’ναται
723 3107 752 3166 δὲ
767 3107 837 3166 κατὰ
849 3106 914 3165 Ἑλ-

110 3195 184 3254 λάδα
203 3200 342 3276 γλῶσσαν
362 3197 486 3279 βουνοί-λ
504 3201 532 3257 οἱ
547 3197 580 3256 δὲ
602 3197 720 3278 ἒχινέες.
763 3193 873 3250 &Q
890 3191 943 3242 uix

102 3287 194 3361 γαλαῖ
210 3289 242 3345 ἐν
261 3289 301 3366 τῷ
322 3288 437 3367 σιλφίῳ
461 3288 630 3369 γινόμεναι,
648 3289 726 3365 τῇσι
743 3270 971 3354 ’ἳαμτςςῦῦλψ
