2040 3464
111 109 220 173 50-53]
465 113 578 163 κιυιο.
881 112 914 159 ια

31 193 32 196 '
110 194 233 265 Δελφῶν
246 191 440 266 Θεοφανίοισι·
457 193 533 268 φασὶ
543 193 575 252 δέ
585 218 634 269 μιν
645 193 757 268 Δελφοὶ
770 189 914 269 Θεοδώρου

108 280 159 336 τοῦ
178 278 285 354 Σαμίου
304 280 385 360 ἔργον
402 279 478 349 εἶναι,
496 280 542 338 καὶ
563 279 616 361 ε’γῶ
635 280 728 339 δοκέω·
750 278 783 339 οὗ
802 278 858 359 γάρ
879 278 913 338 τδ

108 365 247 442 συντυχὸν
269 366 399 441 φαίνεταί
415 392 465 443 μοι
486 367 566 446 ἔργον
588 367 679 442 εἶναι·)
699 368 744 425 καὶ
763 367 861 428 πίθους
881 390 913 425 τε

108 450 259 531 ἀργυρέους
278 454 421 530 τέσσαρας
441 453 597 531 ἀπέπεμψε,
615 454 642 513 οἳ
660 459 689 513 έν
703 458 742 531 τῷ
759 453 913 529 Κορινθίων

109 539 241 617 θησαυρῷ
267 543 376 610 ἑστᾶσι,
401 541 447 599 καὶ
472 540 687 618 περιρραντήρια
712 540 761 600 δύο
788 538 911 615 οἷνέθηκε,

108 624 231 702 χρύσεόν
256 652 287 685 τε
311 628 357 685 καὶ
379 626 523 708 ἀργύρεον·
550 632 605 687 τῶν
627 632 666 706 τῷ
689 628 799 707 χρυσέῳ
823 628 912 708 ἐπιγέ-

108 737 240 790 γραπται,
254 720 600 784 ΛΑΚΕΔΛΙΜΟΝΙΩΝ,
615 716 746 791 φαμένων
762 716 831 775 εἶναι
847 713 913 774 ἀνά-

109 800 197 876 θημα·
214 800 264 859 οὐκ
278 801 366 876 ὀρθῶς
378 803 516 883 λέγοντες·
535 802 595 861 ἔστι
607 804 662 884 γάρ
676 803 722 860 καὶ
734 807 818 861 τοῦτο
828 803 913 877 Κροί-

108 911 173 946 σου·
195 889 335 968 έπέγραψε
353 889 383 948 δὲ
400 895 455 949 τῶν
468 915 511 953 τις
529 893 652 967 Δελφῶν
669 890 913 965 Λακεδαιμονίοισι

109 974 287 1051 βουλόμενος
298 978 481 1055 χαρίσασθαι,
495 981 545 1036 τοῦ
559 976 742 1053 ἐπιστάμενος
757 977 790 1037 τὰ
807 974 913 1053 οὕνομα

110 1060 161 1120 οὔκ
176 1063 375 1141 ἐπιμνήσομαι·
397 1062 462 1123 ἀλλ’
476 1063 492 1124 ὁ
504 1066 556 1141 μὲν
569 1069 643 1135 παῖς,
658 1064 691 1124 δι’
705 1062 738 1123 οὗ
753 1069 803 1140 τῆς
819 1062 912 1143 χειρῶς

108 1149 167 1225 ῥέει
179 1149 212 1210 τῶ
226 1149 306 1228 ὕδωρ,
319 1152 542 1228 Λακεδαιμονίων
556 1153 626 1212 ἔστί·
648 1150 680 1212 ov'
694 1153 791 1229 μέντοι
806 1156 861 1211 τῶν
878 1178 912 1231 γε

109 1240 342 1315 περιρραντηρίων
356 1239 507 1318 οὐδέτερον.
549 1240 625 1299 ἄλλα
637 1266 669 1299 τε
681 1239 846 1316 ἀναθήματα
862 1240 912 1299 οὐκ

111 1325 238 1402 ἐπίσημα
253 1327 350 1386 πολλοὶ
366 1327 514 1405 ἀπέπεμψε
532 1327 590 1404 ἅμα
605 1327 730 1387 τούτοισι
745 1327 761 1385 ὁ
779 1330 911 1403 Κροῖσος,

111 1413 158 1470 καὶ
169 1411 295 1491 χεύματα
308 1413 430 1496 ἀργύρεα
443 1416 616 1491 κυκλοτερέα,
629 1416 675 1472 καὶ
685 1414 718 1489 δὴ
730 1415 775 1472 καὶ
784 1415 912 1494 γυναικὸς

111 1499 225 1559 εἴδωλον
237 1501 359 1579 χρύσεον
371 1503 501 1582 τρίπηχυ,
515 1501 547 1561 τι)
562 1501 675 1577 Δελφοὶ
688 1506 739 1576 τῆς
755 1500 912 1576 ἀρτοκόπου

109 1592 161 1663 τῆς
173 1589 300 1664 Κροίσου
314 1589 405 1650 εἰκόνα
417 1592 536 1671 λέγουσι
550 1590 627 1649 εἶναι.
668 1587 739 1665 πρός
752 1588 789 1658 δὲ,
805 1589 913 1664 καὶτῆς
981 1620 984 1625 <

55 1677 62 1681 ’
111 1678 212 1734 ἑωυτοῦ
227 1677 356 1756 γυναικῶς
371 1677 407 1738 τῶ
423 1677 479 1738 ἀπῶ
494 1682 545 1752 τῆς
563 1678 653 1753 δειρῆς
668 1676 784 1753 ἀνέθηκε
797 1675 813 1735 ἀ
827 1680 912 1753 Κροῖ-

109 1789 162 1826 σος
172 1763 218 1822 καὶ
226 1763 276 1826 τὰς
286 1765 381 1836 ζώνας.
400 1769 495 1826 Ταῦτα
504 1768 556 1841 μὲν
569 1771 596 1828 ἐς
610 1763 742 1840 Δελφούς
755 1763 910 1843 ἀπέπεμψε·
919 1767 958 1825 52

10 1911 22 1924 Ι,
109 1856 148 1929 τῷ
162 1851 191 1909 δὲ
204 1850 373 1930 Ἀμφιάρεῳ,
384 1853 538 1931 πυθόμενος
551 1853 635 1912 αὐτοῦ
648 1853 699 1927 τήν
711 1877 742 1911 τε
755 1850 855 1928 α’ρετήν
866 1853 912 1911 καὶ

25 1933 40 1955 ”
90 1934 162 2014 ’τήν
182 1937 282 2014 πάθην,
301 1938 416 2016 ἀνέθηκε
437 1939 524 2005 σῶκος
544 1967 575 2000 τε
595 1939 717 2020 χρύσεον
735 1944 792 1999 πᾶν
812 1939 912 2015 ὁμοίως
957 2000 965 2013 ,

109 2027 157 2086 καὶ
172 2026 276 2105 αἰχμήν
293 2028 410 2104 στερεην
426 2033 523 2088 πᾶσαν
536 2027 713 2106 χρυσέην,τὸ
727 2026 830 2097 ξυστόν
843 2031 911 2106 τῇσι

109 2113 236 2193 λόγχῃσι
249 2113 295 2174 ε’ὂν
308 2114 409 2191 ὁμοίως
421 2116 552 2195 χρύσεον·
568 2115 604 2175 τῶ
618 2117 657 2174 ἔτι
671 2116 716 2173 καὶ
727 2113 873 2191 ἀμφότερα
884 2120 911 2178 ἐς

109 2203 160 2278 ε’μὶ
175 2201 211 2277 ἦν
229 2201 340 2276 κείμενα
358 2207 387 2262 ἐν
403 2204 528 2281 Θήβησι,
546 2205 592 2261 καὶ
608 2203 740 2278 Θηβαίων
757 2208 786 2262 ἐν
801 2206 839 2281 τῷ
857 2205 912 2280 νηῷ

109 2293 161 2348 τοῦ
173 2287 318 2365 Ἰσμηνίου
331 2288 521 2354 Ἀπόλλωνος.

149 2381 233 2437 Τοῖσι
246 2377 275 2436 δὲ
288 2376 364 2458 ἅγειν
374 2379 515 2454 μέλλουσι
524 2383 578 2438 τῶν
588 2378 685 2437 Λυδῶν
694 2384 782 2438 ταῦτα
792 2377 827 2436 τοὶ
837 2378 910 2454 δῶρα
919 2378 957 2436 53

109 2471 137 2529 ές
157 2464 193 2525 τῶ
215 2464 261 2542 ipo?
278 2467 436 2526 ἐνετέλλετο
453 2467 468 2525 ὁ
486 2472 611 2542 Κροῖσος
626 2471 774 2543 ἐπειρωτᾶν
791 2465 828 2525 τῶ
843 2491 911 2543 χρη-

108 2553 220 2630 στήρια,
237 2557 261 2612 εἰ
276 2554 460 2631 στρατεύηται
477 2555 522 2612 ε’πὶ
540 2555 654 2632 Πέρσας
670 2559 803 2632 Κροῖσος,
822 2555 866 2611 καὶ
885 2553 911 2611 εἴ

107 2667 171 2701 τινα
183 2640 305 2718 στρατῶν
320 2641 426 2718 ἀνδρῶν
440 2642 609 2720 προσθέοιτο
626 2644 730 2719 φίλον;
752 2641 788 2703 ῶς
803 2641 833 2699 δὲ
849 2639 911 2699 ἀπι-

110 2727 221 2805 κόμενοι
239 2733 266 2792 ἔς
283 2728 318 2788 w*
335 2728 562 2807 ἀπεπέμφθησαν
579 2733 606 2789 οἱ
622 2729 709 2788 Λυδοὶ
725 2728 860 2787 ἀνέθεσαν
876 2728 911 2785 τοὶ

108 2815 282 2892 ἀναθήματα,
300 2817 433 2895 ἐχρέωντο
451 2822 527 2877 τοῖσι
545 2817 752 2895 χρηστηρίοισι,
771 2815 909 2894 λέγοντες·

109 2908 263 2980 “Κροῖσος,
280 2904 296 2962 ὁ
312 2904 408 2964 Λυδῶν
423 2930 455 2964 τε
471 2905 516 2963 καὶ
534 2904 629 2963 ἄλλων
648 2903 745 2963 ἐθνέων
763 2900 910 2977 βασιλεῦς,

107 2993 228 3069 νομίσας
246 2991 312 3051 τάδε
332 2991 452 3068 μαντήῖα
472 2992 542 3052 εἶναι
563 2996 654 3069 μοῦνα
677 2996 706 3050 ἐν
730 2988 910 3066 ἀνθρώποισι,

107 3080 174 3157 ῶμῖν
191 3104 223 3139 τε
240 3078 304 3148 ἀξια
321 3079 395 3157 δῶρα
414 3081 494 3138 ἔδωκε
511 3084 567 3139 τῶν
585 3076 785 3156 ἐξευρημάτων,
801 3077 848 3134 καὶ
863 3080 912 3134 νῶν

107 3167 192 3244 ὑμέας
210 3171 353 3249 ἐπειρωτᾷ,
372 3173 395 3230 εἰ
417 3168 613 3250 στρατεῶηται
634 3166 835 3242 &amm
849 3161 902 3219 k&
915 3161 945 3215 ὃ·

95 3279 159 3314 τινα
172 3257 302 3335 στρατῶν
314 3258 430 3342 ἀνδρῶν
441 3263 632 3345 ’προσθέοιτο
647 3257 812 3336 σῶμμυχυν
821 3248 845 3320 {⁸
867 3249 902 3306 ἃ·
915 3246 969 3318 *⁸²*
