2040 3464
129 103 178 151 226
439 106 623 153 ‘HPOAOTOT
865 101 932 166 [ῙΠ.

131 177 197 255 ἐμός
209 207 240 240 τε
252 187 319 244 ταῖς
331 183 377 241 καὶ
394 181 534 258 Κορίνθου
546 185 596 257 τῆς
610 179 770 258 εὐδαίμονος
782 181 934 258 βασιλεύς,

129 265 238 343 α’λήτην
257 270 324 343 βίον
345 270 420 327 εἵλευ
440 269 625 328 ἀντιστατέων
640 295 672 328 τε
689 270 735 326 καὶ
753 267 825 350 ὀργῇ
845 269 934 347 χρεώ·

131 380 213 430 μενος
231 361 259 418 ἐς
278 355 327 415 τόν
343 382 378 414 σε
393 356 497 431 ἥκιστα
516 360 610 436 ἐχρῆν·
632 360 656 415 εἰ
668 354 724 435 γάρ
737 381 780 418 τις
794 357 934 434 συμφορή

132 447 162 500 ἐν
178 441 289 502 αύτοῖσι
308 443 432 524 ἐγεγόνεε
447 445 477 512 ἐξ
489 441 523 518 ἧς
536 443 660 522 ὑποψίην
674 448 702 506 ἐς
715 444 764 519 ἐμέ
778 443 858 522 ἐχεις,
873 445 937 521 ἐμοί

132 554 162 587 τε
176 528 246 604 αὕτη
259 532 357 611 γέγονε
372 532 418 588 καὶ
432 531 485 611 ἐγώ
500 530 585 606 αὐτῆς
595 531 629 590 τό
643 534 732 590 πλεῦν
744 531 866 609 μέτοχός
879 535 936 608 εἰμι

133 615 192 696 ὅσῳ
213 617 296 682 αὐτός
319 625 379 694 σφε
407 618 610 700 ἐξεργασάμην·
638 618 675 678 σύ
702 618 732 676 δὲ
755 617 852 694 μαθῶν
875 618 937 699 ὅσῳ

134 706 305 777 φθονέεσθαι
332 708 454 782 κρέσσον
481 708 543 766 ἐστὶ
565 703 583 781 ἦ
612 705 803 782 οἰκτείρεσθαι,
825 704 886 782 ἅμα
904 732 938 768 τε

133 792 226 853 ὁκοῖόν
239 817 267 854 τι
283 801 311 858 ἐς
325 794 390 857 τούς
402 796 499 858 τοκέας
513 794 558 852 καὶ
572 798 599 857 ἐς
612 793 677 857 τούς
690 795 846 870 κρέσσονας
857 796 937 855 τεθυ·

134 882 255 957 μῶσθαι,
270 881 349 942 ἄπιθι
363 888 390 944 ἐς
402 882 438 941 τοὶ
452 880 550 942 οἶκία·”
570 881 741 959 Περίανδρος
748 883 800 958 μὲν
809 881 937 942 τούτοισι

136 967 220 1028 ου’τδν
239 970 446 1045 κατελάμβανε·
467 969 483 1029 ό
498 971 527 1028 δὲ
541 969 615 1028 ἄλλο
630 972 682 1046 μὲν
696 969 774 1028 οὐδὲν
787 969 937 1045 ἀμείβεται

134 1056 184 1116 τόν
200 1058 314 1135 πατέρα,
330 1058 385 1132 ἐφη
399 1058 429 1116 δέ
440 1083 489 1134 μιν
504 1057 566 1134 ἱρήν
579 1058 679 1132 ζημίην
693 1056 819 1131 ὀφείλειν
832 1061 870 1135 τῷ
884 1058 937 1136 θεῷ

135 1147 224 1222 ἑωυτῷ
237 1150 264 1207 ἐς
277 1143 380 1226 λόγους
393 1145 569 1221 ἀπικόμενον·
585 1144 683 1221 μαθών
693 1144 722 1202 δὲ
735 1143 751 1204 ό
764 1145 937 1221 Περίανδρος

136 1232 172 1294 ῶς
188 1231 294 1310 άπορόν
309 1259 337 1292 τι
353 1232 386 1293 τά
404 1233 488 1292 κακόν
501 1234 543 1308 ε’ίη
562 1237 612 1292 τοῦ
625 1231 723 1294 παιδός
737 1232 784 1291 καὶ
797 1231 937 1308 οἷνίκητον,

136 1321 168 1389 ἐξ
186 1320 342 1398 ὀφθαλμῶν
362 1348 411 1397 μιν
434 1321 630 1397 ἀποπέμπεται
649 1320 766 1383 στείλας
785 1324 888 1380 πλοῖον
910 1327 937 1384 ἐς

136 1409 289 1485 Κέρκυραν·
311 1409 457 1486 ἐπεκράτεε
469 1408 524 1485 γάρ
539 1410 585 1467 καὶ
597 1408 707 1482 ταύτης·
724 1408 897 1471 ἀποστείλας
907 1409 937 1467 δὲ

134 1500 232 1555 τοῦτον
252 1497 267 1555 ὁ
288 1497 467 1574 Περίανδρος,
483 1496 663 1571 ἐστρατεύετο
682 1497 728 1554 ἐπὶ
740 1496 790 1555 τῶν
802 1496 936 1572 πενθερόν

136 1585 269 1660 Προκλέα
291 1583 326 1647 ῶς
349 1589 404 1643 τῶν
427 1585 585 1661 παρεόντων
609 1586 636 1643 οἶ
662 1584 832 1664 πρηγμάτων
856 1584 938 1644 ἐόντα

135 1671 305 1730 αἰτιώτατον·
333 1673 379 1730 καὶ
401 1671 457 1730 εἷλε
476 1674 529 1748 μὲν
551 1671 604 1746 τήν
624 1671 800 1748 Ἐπίδαυρον,
824 1671 884 1732 εἷλε
907 1673 938 1731 δὲ

87 1759 126 1816 53
136 1757 220 1818 αὐτόν
234 1760 376 1834 Προκλέα·
399 1759 457 1840 [καὶ
471 1758 633 1841 ἐζώγρησε]
666 1757 745 1818 Ἐπεὶ
756 1759 792 1832 δὲ,
807 1764 858 1818 τοῦ
870 1761 938 1839 χρό-

136 1872 184 1904 νου
204 1846 415 1922 προβαίνοντος,
436 1845 452 1906 ό
472 1872 503 1906 τε
523 1847 693 1923 Περίανδρος
711 1846 875 1923 παρηβήκεε
891 1851 938 1907 καὶ

137 1933 355 2013 συνεγινώσκετο
373 1937 461 2011 ἑωυτῷ
480 1933 571 1992 οὐκέτι
590 1935 659 1993 εἶναι
673 1934 787 1996 δυνατός
799 1935 834 1994 τοὶ
847 1935 938 2016 πρήγ-

135 2047 210 2096 ματα
224 2024 327 2096 ἐπορᾶν
339 2047 370 2079 τε
384 2022 429 2079 καὶ
440 2023 549 2090 διέπειν,
561 2024 674 2100 πέμψας
688 2028 715 2086 ἐς
727 2022 779 2097 τήν
790 2024 938 2100 Κέρκυραν

136 2108 275 2167 άπεκάλεε
294 2109 344 2167 τόν
357 2109 527 2186 Λυκόφρονα
541 2111 586 2168 ἐπὶ
599 2111 651 2185 τήν
663 2111 818 2187 τυραννίδα·
840 2117 870 2170 ἐν
882 2112 939 2192 γάρ

138 2196 172 2270 δή
188 2200 226 2274 τῷ
243 2198 427 2276 πρεσβυτέρῳ
445 2201 500 2256 τῶν
513 2198 618 2257 παίδων
632 2197 682 2256 οάκ
696 2198 803 2274 ἐνεώρα,
819 2197 898 2258 ἄλλοί
912 2205 939 2261 οἱ

137 2285 318 2359 κατεφαίνετο
337 2284 406 2344 εἶναι
424 2286 602 2362 νωθέστερος·
623 2284 640 2346 ό
658 2287 687 2344 δὲ
703 2285 861 2363 Λυκόφρων
874 2287 940 2348 οὐδὲ

136 2371 296 2449 οἷνακρίσιος
309 2373 412 2448 η’ξίωσε
425 2373 475 2433 τόν
487 2375 610 2449 φέροντα
623 2373 673 2450 τήν
687 2374 830 2455 οἶγγελίην.
853 2379 939 2452 Περί-

136 2461 233 2538 ανδρος
253 2461 282 2519 δὲ
304 2461 499 2539 περιεχόμενος
521 2465 570 2520 τοῦ
594 2463 711 2537 νεηνίεω,
733 2462 848 2537 δεύτερα
871 2463 938 2523 α’πέ·

137 2553 233 2607 στειλε
252 2547 293 2606 ἐπ’
307 2549 391 2608 αὐτόν
403 2549 456 2624 τήν
474 2548 615 2624 άδελφεήν
631 2554 731 2609 ἑωυτοῦ
745 2549 774 2608 δὲ
789 2552 938 2629 θυγατέρα,

137 2636 236 2695 δοκέων
248 2663 296 2713 μιν
309 2636 437 2713 μάλιστα
444 2637 530 2715 ταύτῃ
543 2636 577 2696 ἂν
589 2638 746 2697 πείθεσθαι·
767 2636 939 2715 ἀπικομένης

137 2725 166 2782 δὲ
187 2723 289 2800 ταύτης
309 2725 354 2783 καὶ
374 2724 523 2804 λεγούσης·
548 2724 597 2783 “ὦ
617 2730 676 2795 παῖ,
697 2725 817 2801 βούλεαι
834 2727 887 2802 τήν
908 2754 939 2789 τε

136 2812 282 2888 τυραννίδα
296 2817 323 2875 ἐς
335 2811 440 2876 ἄλλους
448 2815 559 2872 πεσέειν
570 2812 615 2871 καὶ
627 2813 677 2872 τόν
687 2813 821 2873 οἶκοντοῦ
831 2816 939 2893 πατρός

137 2900 342 2977 διαφορηθέντα
360 2905 482 2976 μᾶλλον,
495 2900 513 2977 ἦ
527 2900 609 2962 αύτός
629 2909 689 2977 σφε
702 2901 832 2962 ἀπελθών
847 2904 938 2982 ἔχειν;

138 2989 217 3048 ἄπιθι
237 2994 264 3050 ἐς
283 2987 320 3047 τά
341 2990 422 3047 οἰκία·
449 2995 558 3049 παῦσαι
578 2991 700 3049 σεωυτόν
719 2992 832 3066 ζημιῶν·
854 2997 939 3067 φιλο-

133 3078 213 3154 τιμίη
226 3080 320 3154 κτῆμα
331 3077 440 3136 σκαιόν·
456 3076 496 3154 μή
507 3082 545 3157 τῷ
555 3081 628 3155 κακῷ
638 3078 671 3136 τό
681 3079 765 3137 κακῶν
776 3082 816 3137 ἰῶ·
831 3082 940 3139 πολλοὶ

122 3170 183 3227 τῶν
198 3167 317 3227 δικαίων
333 3167 370 3227 τά
389 3168 583 3245 ἐπιεικέστερα
594 3167 765 3255 πρυτιθέασι·
786 3168 893 3226 πολλοὶ
909 3168 940 3228 δὲ

53 3246 56 3263 ⁵
112 3251 173 3332 ἤδη
186 3257 229 3317 τοῖ
241 3260 369 3339 μητρῷα
388 3257 540 3338 διζήμενοι
552 3254 592 3318 τό
603 3256 720 3331 πατρῶα
734 3250 889 3325 άπὶβολοϊ
909 3276 956 3310 κο·
