2040 3464
84 103 221 162 ιω-ιιη
374 101 600 151 Μαιαοιιυαιι.
838 107 882 155 ιιι

81 179 210 263 [ἀνδρῶν]
222 181 326 262 γενεάς,
338 181 409 240 διδοῖ
418 180 483 257 ύμῖν
494 182 597 257 Λοξίης
606 181 772 258 βασιλεύειν
784 183 883 259 Κυρη’·

81 295 141 344 νης·
162 271 250 328 πλέον
264 271 359 346 μέντοι
376 270 476 328 τούτου
491 269 552 329 οὐδὲ
566 272 718 347 πειρᾶσθαι
731 273 882 347 παραινέει.

82 359 120 416 σῦ
141 360 235 434 μέντοι
255 359 363 438 ἥσυχος
385 361 453 419 εἶναι
475 361 616 420 κατελθάν
633 365 660 423 ἐς
677 360 729 435 τήν
748 365 884 419 σεωυτοῦ·

81 444 115 521 ἢν
129 447 158 505 δὲ
171 448 223 522 τήν
240 447 356 523 κάμινον
373 448 452 526 εὕρῃς
467 450 557 523 πλέην
574 448 732 525 ἀμφορέων,
746 449 786 524 μή
804 449 883 517 ἐξοπ-

81 534 171 612 τήσῃς
188 535 252 597 τοῦς
270 534 422 613 ἀμφορέας,
437 536 501 594 ἀλλ’
515 536 664 612 ἀπόπεμπε
677 536 735 594 κατ’
750 535 842 611 οὖρον·
861 541 885 594 εἰ

83 625 111 682 δὲ
123 625 286 699 ἐξοπτήσεις
299 625 351 699 τήν
362 624 485 700 κάμινον,
496 624 536 701 μή
551 625 670 702 ἐσέλθῃς
681 630 708 687 ἒς
718 625 769 698 τήν
780 624 884 701 ἀμφίρ-

81 739 176 788 ρυτον·
199 713 269 772 εἰδὲ
287 712 336 788 μή,
350 712 503 772 ἀποθανέαι
522 714 568 772 καὶ
587 712 669 775 αῦτὸς
688 713 734 770 καὶ
749 717 849 788 ταῦρος
867 712 883 771 ό

83 799 299 860 καλλιστεύων.”
342 805 436 859 Ταῦτα
454 800 472 875 ἦ
490 802 583 876 Πυθίη
603 799 773 878 Ἀρκεσίλεῳ
793 805 861 878 χρᾷ·
874 801 931 858 164

83 887 98 946 ό
113 888 143 946 δέ
156 887 331 964 παραλαβάν
347 887 412 950 τοῦς
430 894 460 946 ἐκ
479 893 529 963 τῆς
544 888 640 964 Σάμου
655 890 778 963 κατῆλθε
792 893 819 950 ἐς
832 887 883 962 τήν

83 975 227 1052 Κυρήνην·
263 976 309 1033 καὶ
333 977 521 1053 ἐπικρατήσας
544 981 599 1036 τῶν
628 975 807 1056 πρηγμάτων,
833 979 884 1034 τοῦ

82 1065 218 1139 μαντηίου
229 1062 279 1123 οῦκ
294 1066 432 1139 ἐμέμνητο
446 1063 523 1121 ἀλλά
537 1063 613 1125 δίκας
626 1064 690 1125 τοῦς
701 1062 883 1122 ἀντιστασιά-

83 1177 132 1213 τας
156 1152 229 1209 αἴτεε
252 1155 302 1226 τής
326 1155 427 1209 ἑωυτοῦ
452 1156 552 1231 φυγῆς.
594 1155 649 1210 τῶν
673 1153 702 1210 δὲ
726 1155 752 1209 οἱ
776 1154 827 1227 μὲν
850 1151 884 1209 τό

83 1238 216 1315 παράπαν
231 1245 261 1298 ἐκ
273 1244 322 1314 τῆς
336 1239 427 1317 χώρης
440 1239 674 1309 ἀπαλλάσσοντο,
688 1239 752 1301 τοῦς
766 1240 797 1298 δέ
808 1265 885 1301 τινας

83 1327 290 1405 χειρωσάμενος
310 1326 325 1385 ό
346 1327 531 1403 Ἀρκεσίλεως
550 1332 577 1390 ἐς
599 1327 715 1402 Κύπρον
734 1327 885 1386 ἀπέστειλε

84 1416 130 1472 ἐπὶ
139 1415 291 1493 διαφθορῇ·
305 1414 420 1476 τούτους
429 1417 481 1491 μέν
495 1441 542 1474 νυν
554 1415 662 1474 Κνίδιοι
673 1414 885 1493 ἀπενειχθέντας

82 1502 154 1578 πρὸς
174 1502 226 1577 τήν
248 1503 390 1578 σφετέρην
409 1503 572 1578 ἐρρύσαντο,
596 1504 642 1560 καὶ
662 1507 688 1564 ἐς
707 1502 802 1579 Θήρην
818 1501 884 1560 ἀπέ-

85 1594 210 1649 στειλαν.
240 1591 347 1666 ἐτέρους
361 1590 392 1647 δέ
403 1616 479 1652 τινας
492 1593 547 1648 τῶν
560 1591 724 1666 Κυρηναίων
738 1596 765 1652 ἐς
779 1590 885 1670 πύργον

86 1678 174 1757 αέγαν
193 1677 381 1757 Ἀγλωμάχου
409 1677 621 1757 καταφυγόντας
646 1678 788 1751 ἰδιωτικόν,
814 1677 885 1752 ὕλην

86 1766 237 1841 περινήσας
258 1764 274 1823 ό
294 1763 479 1840 Ἀρκεσίλεως
499 1765 645 1841 ἐνέπρησε.
680 1764 776 1841 μαθων
795 1766 824 1824 δὲ
843 1764 885 1823 ἐπ’

86 1854 315 1933 ἐξεργασμένοισι
340 1853 373 1911 τό
397 1852 531 1928 μαντήϊον
555 1853 600 1911 ἐόν
620 1858 712 1922 τοῦτο,
734 1853 776 1912 ὅτι
800 1879 847 1928 μιν
874 1851 894 1927 ή

88 1942 180 2015 Πυθίη
199 1940 248 1998 ούκ
263 1941 294 1997 ἔα
308 1940 423 2016 εῦρόντα
441 1946 469 1998 ἐν
485 1944 520 2018 τῇ
538 1941 641 2018 καμίνῳ
660 1940 724 2003 τοῦς
740 1940 885 2017 ἀμφορέας
915 2017 918 2024 ¹

86 2029 248 2103 ἐξοπτῆσαι,
263 2030 358 2108 ἔργετο
380 2027 447 2086 ἑκών
460 2033 509 2102 τῆς
522 2034 576 2087 τῶν
594 2030 757 2105 Κυρηναίων
776 2028 884 2101 πόλιος,

86 2117 230 2192 δειμαίνων
255 2142 286 2176 τε
310 2116 359 2175 τόν
381 2117 550 2194 κεχρημένον
572 2116 691 2176 θάνατον
716 2117 761 2174 καὶ
786 2117 886 2175 δοκέων

86 2203 261 2282 ἀμφίρρυτον
282 2204 334 2280 τήν
358 2204 489 2279 Κυρήνην
516 2204 597 2262 εἶναι·
633 2204 689 2283 εἶχε
713 2205 744 2262 δὲ
769 2208 886 2284 γυναῖκα

86 2294 224 2374 συγγενέα
247 2297 355 2361 ἑωυτοῦ,
381 2293 519 2371 θυγατέρα
541 2292 570 2350 δέ
594 2296 644 2350 τοῦ
665 2295 720 2349 τῶν
740 2291 886 2366 Βαρκαίων

86 2382 225 2456 βασιλέος
237 2385 275 2457 τῷ
289 2379 395 2456 ούνομα
407 2379 442 2454 ἦν
455 2379 586 2454 Ἀλαζίρ·
607 2379 683 2455 παρά
696 2383 795 2437 τοῦτον
814 2378 893 2436 ἀπικ-

87 2469 187 2527 νέεται·
223 2469 272 2526 καί
295 2493 344 2543 μιν
371 2467 508 2542 Βαρκαῖοί
532 2492 563 2524 τε
590 2464 686 2542 ἀνδρες
713 2466 760 2524 καὶ
777 2470 832 2524 τῶν
855 2471 885 2524 ἐκ

87 2555 218 2632 Κυρήνης
235 2555 365 2634 φυγάδων
383 2557 454 2621 τινὲς
476 2553 682 2629 καταμαθόντες
702 2553 885 2634 ἀγοράζοντα,

86 2644 237 2702 κτείνουσι·
255 2644 325 2719 πρός
334 2643 363 2700 δέ
377 2642 422 2700 καὶ
430 2641 480 2700 τόν
494 2640 628 2716 πενθερόν
641 2640 725 2699 αύτοῦ
738 2641 886 2716 Ἀλαζῖρα.

85 2729 271 2806 Ἀρκεσίλεως
286 2731 337 2807 μέν
354 2756 410 2798 νυν,
425 2731 478 2788 εἴτε
497 2729 564 2787 ἐκάν
584 2730 637 2787 εἴτε
655 2727 736 2797 ἄκων,
755 2727 887 2804 ἀμαρτάν

85 2823 136 2877 τοῦ
149 2823 281 2896 χρησμοῦ
296 2818 434 2892 ἐξέπλησε
447 2820 548 2892 μοῖραν
560 2816 612 2890 τήν
627 2820 736 2874 ἑωυτοῦ.

125 2907 163 2965 Ἡ
178 2907 207 2966 δὲ
215 2906 308 2983 μήτηρ
318 2906 463 2981 Φερετίμη,
474 2905 540 2967 τέως
550 2908 601 2980 μὲν
615 2904 629 2963 ὁ
643 2904 827 2980 Ἀρκεσίλεως
838 2908 866 2962 ἐν
877 2905 934 2961 165

84 2999 121 3072 τῇ
136 2994 232 3072 Βάρκῃ
249 2995 373 3052 διαιτᾶτο
390 2994 591 3072 ἐξεργασμένος
610 2996 697 3068 ἑωυτῷ
714 2991 807 3060 κακόν,
821 2990 839 3065 ἦ
857 2989 887 3048 δὲ

86 3083 146 3160 εἶχε
160 3082 230 3156 αὐτή
240 3086 291 3140 τοῦ
302 3080 401 3143 παιδός
413 3079 448 3138 τά
462 3081 545 3160 γέρεα
560 3085 588 3138 ἐν
602 3079 725 3157 Κυρήνη,
736 3080 782 3138 καὶ
791 3077 886 3137 τάλλα

84 3172 223 3247 νεμομένη
238 3170 283 3227 καὶ
297 3173 325 3227 ἐν
338 3170 434 3248 βουλῇ
447 3168 621 3245 παρίζουσα·
645 3169 708 3225 ἐπεί
719 3193 755 3226 τε
761 3167 800 3223 δε
806 3166 904 3237 ἐραδε

78 3262 111 3315 ἐν
128 3261 167 3334 τῇ
184 3256 283 3336 Βάρκῃ
305 3256 493 3320 ἀποθανόντα
515 3261 545 3318 οὶ
564 3257 617 3318 τὸν
640 3255 746 3323 παῖδα,
766 3251 932 3325 φεῦηουσω
