2040 3464
67 105 159 171 7-11]
398 107 531 158 οκιαιι.
816 109 865 157 20³

65 189 172 262 χανιῖτο
198 188 300 245 τοιάδε.
341 185 446 250 άσκοδς
472 186 605 263 καμήλων
624 186 740 262 πλήσας
757 185 865 259 ὕδατος,

66 273 185 341 ἐπέσαξε
206 274 251 331 ε’πῖ
270 273 322 336 τοῖς
342 272 411 342 ζωάς
430 277 484 333 τῶν
505 273 637 349 καμήλων
654 271 759 336 πάσας·
779 277 863 334 τοῦτο

65 360 96 418 δὲ
122 359 252 435 ποιήσας,
278 358 371 437 ήλασε
397 367 425 424 ἔς
450 361 502 436 τήν
527 360 651 436 άνυδρον,
675 361 721 419 καὶ
745 361 865 436 ύπέμενε

66 447 185 506 ἐνθαῦτα
215 448 265 508 τάν
295 448 461 525 Καμβύσεω
490 447 622 525 στρατόν.
662 446 742 513 οὗτος
770 452 821 526 μὲν
847 449 865 510 ά

64 534 252 612 πιθανώτερος
276 539 332 595 τῶν
357 536 450 616 λόγων
477 537 592 613 εἴρηται·
627 535 669 595 δεῖ
694 537 724 595 δὲ
747 536 793 595 καὶ
814 535 865 598 τάν

66 619 160 696 ἧσσον
174 623 300 692 πιθανάν,
319 625 381 682 ε’πεί
394 650 428 703 γε
449 623 483 699 δή
505 624 626 701 λέγεται,
645 624 773 699 ῥηθῆναι.
814 650 864 684 πο·

65 709 153 784 τομάς
166 715 227 770 ἐστι
241 711 329 791 μέγας
344 717 373 770 ἐν
392 715 429 790 τῇ
441 710 563 789 Ἀραβίῃ
581 715 620 790 τῷ
638 709 743 787 οὕνομα
761 711 863 787 Κόρυς·

65 797 168 856 ἐκδιδοῖ
187 799 217 856 δὲ
237 795 317 861 οὗτος
341 803 369 861 ἒς
387 799 440 873 τήν
459 796 597 875 Ἐρυθρήν
623 799 794 874 καλεομένην
817 797 863 859 θά-

65 887 192 944 λασσαν·
224 884 280 945 οἷπδ
300 885 400 946 τούτου
421 885 455 961 δή
478 885 514 946 ὧν
533 890 584 944 τοῦ
604 890 733 962 ποταμοῦ
751 887 865 967 λέγεται

65 971 115 1032 τάν
141 974 269 1049 βασιλέα
294 977 349 1035 τῶν
368 972 525 1051 Ἀραβίων,
539 975 701 1052 ῥαψάμενον
726 979 781 1034 τῶν
802 974 873 1051 άμο·

65 1060 157 1135 βοέων
175 1060 221 1120 καί
240 1065 295 1121 τῶν
316 1061 411 1121 άλλων
432 1061 573 1137 δερμάτων
589 1061 688 1139 άχετάν
704 1061 787 1138 μήκει
805 1067 881 1125 ε’πι·,

65 1146 213 1224 κνεύμενον
226 1153 253 1210 ἔς
264 1148 316 1225 τήν
331 1148 456 1224 άνυδρον,
471 1149 587 1228 άγογεῖν
605 1148 651 1207 διά
664 1149 698 1223 δή
716 1148 816 1209 τούτου
828 1147 863 1209 τά

66 1233 147 1311 ὕδωρ·
176 1240 205 1295 ἐν
232 1237 261 1295 δὲ
286 1242 323 1317 τῇ
349 1237 454 1315 άνύδρῳ
480 1237 606 1316 μεγάλας
633 1235 781 1312 δεξαμενάς
803 1237 864 1314 άρύ·

65 1322 178 1393 ξασθαι,
204 1324 249 1383 ἵνα
275 1323 419 1401 δεκόμεναι
442 1325 475 1384 τά
499 1323 570 1399 ὕδωρ
591 1323 712 1394 σώζωσι·
741 1323 817 1402 (άδάς
841 1323 864 1383 δ’

66 1410 128 1469 ἔστι
147 1409 269 1470 δυώδεκα
288 1411 411 1489 ήμερέων
430 1410 485 1470 άπά
505 1415 555 1470 τοῦ
573 1414 701 1486 ποταμοῦ
719 1415 746 1473 ές
762 1411 865 1488 ταύτην

65 1497 117 1572 τήν
128 1497 264 1577 ἄνυδρον)
283 1499 361 1580 άγειν
374 1500 404 1557 δέ
416 1525 464 1575 μιν
475 1498 520 1557 διά
534 1498 639 1577 ὀχετῶν
648 1502 731 1575 τριῶν
746 1503 774 1562 ἐς
784 1498 865 1576 τριξά

65 1587 163 1664 χωρία.

107 1671 156 1732 Ἐν
182 1675 212 1733 δὲ
237 1679 275 1752 τῷ
302 1675 456 1753 Πηλουσίῳ
482 1675 641 1753 καλεομένῳ
668 1673 789 1750 στόματι
814 1676 865 1733 τοῦ
875 1674 914 1734 10

66 1761 174 1820 Νείλου
203 1761 453 1837 ἐστρατοπεδεύετο
480 1761 661 1838 Ψαμμήνιτος
687 1761 703 1820 ά
730 1760 867 1837 Ἀμάσιος
926 1812 930 1817 .

66 1851 140 1917 παῖς,
153 1848 297 1926 ύπομένων
318 1849 490 1924 Καμβύσεα·
520 1848 647 1924 Ἀμασιν
661 1848 717 1929 γάρ
737 1848 769 1908 ού
789 1849 866 1908 κατέ-

32 1937 33 1940 '
67 1937 144 2010 λαβε
157 1938 245 2006 ζῶντα
259 1936 421 2011 Καμβύσης
435 1935 540 1999 ε’λάσας
554 1936 596 1995 ἐπ’
609 1937 762 2017 Αἴγυπτον·
789 1935 876 1995 άλλά·

67 2024 245 2099 βασιλεύσας
266 2024 423 2099 άἈμασις
441 2024 566 2099 τέσσερα
590 2024 636 2082 καὶ
655 2022 867 2101 τεσσαράκοντα

68 2112 130 2169 ἔτεα
142 2110 272 2172 άπέθανε·
288 2118 317 2171 ἔν
326 2116 402 2171 τοῖσι
416 2111 494 2171 οὐδέν
506 2115 531 2170 οῖ
543 2113 618 2193 μέγα
630 2111 764 2188 α’νάρσιον
778 2117 865 2192 πρῆγ-

67 2224 109 2274 μα
125 2201 297 2277 συνενείχθη·
318 2198 465 2259 άποθανιδν
478 2199 507 2258 δὲ
521 2202 567 2258 καί
583 2200 762 2278 ταριχευθεὶς,
778 2200 868 2276 ἐτάφη

69 2291 98 2345 ἐν
111 2291 179 2364 τῇσι
191 2292 303 2366 ταφῇσι
315 2292 384 2365 τῇσι
399 2292 428 2347 ἓν
440 2291 478 2364 τῷ
495 2290 543 2366 ἰρῳῖ
555 2287 606 2349 τάς
621 2287 704 2350 αάτάς
725 2287 869 2363 οἰκοδομή-

69 2400 152 2433 σατο.
195 2377 240 2435 ε’πὶ
258 2375 442 2452 Ψαμμηνίτου
463 2374 493 2433 δὲ
509 2379 559 2435 τοῦ
577 2374 715 2450 Ἀμάσιος
732 2374 868 2459 βασιλεύ-

70 2488 149 2525 οντος
172 2463 325 2544 Αἰγύπτου,
350 2462 454 2538 φάσμα
476 2464 656 2543 Αἰγυπτίοισι
676 2463 813 2542 μέγιστον
835 2460 870 2536 δή

70 2551 188 2631 ἐγένετο·
221 2550 353 2625 ὕσθησαν
376 2550 431 2630 γάρ
455 2552 552 2625 Θῆβαι
575 2553 604 2608 αἱ
624 2548 782 2629 Αἰγύπτιαι,
807 2547 871 2606 οὔτε

69 2637 206 2715 πρότερον
233 2638 341 2714 οὐδαμά
360 2637 493 2697 ὑσθεῖσαι
516 2636 579 2697 οὔτε
598 2634 716 2713 ὕστερον
734 2635 767 2694 τά
787 2636 872 2712 μέχρι

71 2730 145 2802 ε’μεῦ,
159 2725 195 2790 άς
213 2727 332 2805 λέγουσι
352 2725 431 2785 αὐτοὶ
445 2725 577 2800 Θηβαῖοι.
621 2723 653 2784 ού
670 2723 726 2799 γάρ
743 2722 777 2797 δή
795 2720 872 2781 ὕεται

69 2817 107 2873 τά
123 2813 178 2873 άνω
194 2818 245 2889 τῆς
263 2814 407 2894 Αἰγύπτου
427 2812 460 2872 τά
481 2811 623 2888 παράπαν·
644 2810 722 2869 άλλά
743 2811 789 2868 καὶ
807 2810 871 2870 τότε

70 2902 202 2977 ὕσθησαν
218 2906 247 2961 αἱ
267 2904 364 2977 Θῆβαι
384 2900 497 2979 ψακάδι.
542 2903 578 2958 Οῖ
597 2899 626 2958 δὲ
644 2899 756 2975 Πέρσαι
769 2899 831 2956 ε’πεί
840 2898 915 2957 rell

71 2989 283 3059 διεξελάσαντες
299 2989 351 3064 τήν
369 2988 485 3066 άνυδρον
503 2989 593 3058 ἵζοντο
613 2987 702 3050 πέλας
717 2990 772 3047 τῶν
790 2989 873 3066 Αἰγυ·

72 3078 159 3137 πτίων
185 3077 221 3139 ὦς
247 3078 467 3153 συμβαλέοντες,
491 3077 610 3135 ἐνθαῦτα
633 3077 660 3134 οἰ
683 3074 824 3148 ἐπίκουροι
845 3075 877 3130 οἱ

73 3169 123 3226 τοῦ
136 3166 296 3245 Αἰγυπτίου,
311 3163 401 3229 ἐόντες
414 3161 669 3243 ἅνδρεςἝλληνές
680 3187 715 3222 τε
729 3160 905 3230 &affixum

60 3251 242 3328 μεμφόμενοι
250 3256 292 3332 τῷ
301 3252 382 3336 Φάιη
392 3252 441 3318 ὅτι
452 3253 585 3335 στρατὸν
593 3251 696 3336 ἧγογε
704 3247 746 3311 ἔπ’
768 3247 929 3323 &mmm
