2040 3464
147 109 194 157 τοι
445 109 630 160 Ἧιοιουοο
880 110 950 175 [ιιι

148 187 195 244 καὶ
220 185 266 244 δια
286 190 375 245 ταῦτα
394 186 582 266 ταριχεύουσι,
611 188 656 247 ἶνα
678 188 718 264 μή
745 188 869 264 κείμενος
891 189 952 249 ὖπό

148 272 250 332 εύλίων
270 274 448 351 καταβρωθῇ.
490 274 561 333 οίπω
588 275 623 350 δὴ
643 274 814 352 οὐδετέροισι
839 276 952 353 νομιζό·

147 386 218 436 μενα
241 359 402 419 ἐνετέλλετο
421 360 526 420 ποιέειν
546 361 562 420 ὁ
583 363 756 438 Καμβύσης.
797 361 834 426 ὦς
852 362 953 439 μέντοι

148 447 296 527 Αἰγύπτιοι
315 447 442 527 λέγουσι,
457 447 507 506 οὐκ
522 447 647 525 Ἀμασις
663 448 699 524 ἦν
719 448 735 508 ό
751 453 841 509 ταῦτα
851 450 952 511 παθὼν

148 533 226 593 ἀλλὰ
246 533 335 598 ἄλλος
360 539 416 594 τῶν
438 560 480 598 τις
497 535 663 615 Αἰγυπτίων,
686 536 757 615 ἔχων
778 535 832 612 τήν
859 536 950 613 αὐτὴν

147 621 260 698 ἡλικίην
285 621 401 698 Ἀμάσι·
442 620 682 700 ᾦλυμαινόμενοι
705 621 818 699 Πέρσαι
838 623 952 685 ἐδόκεον

144 708 271 786 Ἀμασιν
283 710 478 784 λυμαίνεσθαι·
493 711 612 790 λέγουσι
624 708 688 789 γὰρ,
700 709 736 772 ὦς
748 710 906 787 πυθόμενος
919 717 950 771 ἐκ

148 798 283 874 μαντηίου
300 794 455 873 ὁἈμασις
471 795 508 856 τὰ
524 798 589 874 περὶ
607 796 707 856 ἐωυτόν
724 798 827 873 μέλλοι
843 796 950 858 ἅπαθα·

149 885 233 946 νόντα
249 885 386 965 γίνεσθαι,
400 883 471 944 οὕτω
488 883 683 961 δὴόκεόμενος
701 885 738 943 τὰ
752 884 949 961 ἐπιφερόμενα,

148 973 198 1031 τόν
216 974 268 1048 μὲν
291 970 437 1048 ἄνθρωπον
458 976 557 1031 τοῦτον
576 971 627 1031 τόν
648 973 862 1052 μαστιγωθέντα
880 971 951 1032 ἀπο-

150 1059 270 1119 θανόντα
293 1060 379 1136 έθαψε
406 1060 452 1118 ἐπὶ
471 1062 539 1138 τῇσι
560 1057 662 1136 θύρῃσι
682 1058 759 1122 ἐντός
776 1063 828 1135 τῆς
847 1064 949 1120 ἑωυτοῦ

150 1147 243 1223 θήκης,
265 1147 364 1206 ἐωυτδν
381 1147 412 1205 δέ
428 1147 584 1207 ἐνετείλατο
598 1150 637 1224 τῷ
653 1146 731 1205 παιδὶ
751 1151 781 1206 ἐν
799 1152 881 1226 μυχῷ
898 1153 950 1223 τῆς

150 1235 235 1310 θήκης
265 1234 301 1297 οἷς
329 1233 457 1310 μάλιστα
485 1235 582 1293 θεῖναι.
623 1236 652 1292 αἱ
681 1235 733 1310 μέν
762 1260 810 1293 νυν
838 1239 870 1293 ἐκ
897 1241 949 1295 τοῦ

148 1322 285 1398 Ἀμάσιος
300 1323 411 1380 ἐντολαὶ
431 1319 520 1390 αὗται,
535 1325 564 1380 αἶ
582 1325 610 1384 ἐς
624 1320 676 1395 τήν
688 1321 783 1397 ταφήν
794 1346 825 1381 τε
839 1322 885 1380 καὶ
898 1323 949 1382 τόν

149 1409 294 1486 ἄνθρωπον
310 1411 433 1487 ἔχουσαι,
448 1407 480 1467 οὔ
496 1434 546 1484 μοι
561 1408 690 1467 δοκέουσι
704 1408 794 1486 α’ρχὴν
805 1409 947 1489 γενέσθαι,

149 1498 243 1560 ἄλλως
256 1496 279 1556 δ’
293 1496 363 1556 αὐτοὶ
376 1497 524 1577 Αἰγύπτιοι
537 1500 668 1572 σεμνοῦν.

104 1590 139 1650 17
190 1585 272 1644 Μετᾶ
285 1585 415 1643 δὲταῦτα
428 1584 444 1642 ὁ
463 1583 625 1659 Καμβύσης
642 1581 835 1660 ἐβουλεύσατο
847 1592 950 1661 τριφα·

150 1674 215 1734 σίας
234 1673 393 1749 στρατηίας,
410 1672 458 1730 ἐπί
475 1697 506 1730 τε
527 1671 735 1748 Καρχηδονίους
755 1673 801 1731 καὶ
821 1672 868 1730 ἐπὶ
879 1672 948 1749 Ἀμ-

149 1762 265 1837 μωνίους
283 1760 328 1817 καὶ
345 1760 390 1817 ἐπὶ
405 1759 470 1821 τούς
484 1760 666 1833 Μακροβίους
679 1759 823 1828 Αἰθίοπας,
838 1762 946 1835 οἰκημέ-

149 1873 212 1910 νους
222 1848 251 1905 δὲ
260 1846 371 1921 Λιβύης
385 1847 430 1904 ἐπὶ
442 1851 478 1923 τῇ
488 1847 564 1924 νοτίῃ
579 1846 723 1925 θαλάσση.
750 1847 947 1927 βουλευομένῳ

149 1935 181 1993 δέ
202 1937 229 1992 οἶ
256 1934 331 2001 ἔδοξε
359 1934 404 1991 ἐπὶ
429 1936 481 2008 μέν
508 1933 717 2011 Καρχηδονίους
742 1933 792 1994 τόν
819 1935 947 1995 ναυτικόν

149 2020 271 2096 στρατόν
288 2021 485 2080 ἀποστέλλειν·
506 2022 552 2078 ἐπὶ
568 2021 597 2078 δὲ
609 2020 781 2097 Ἀμμωνίους
795 2025 846 2080 τοῦ
861 2024 947 2093 πεζοῦ

149 2108 344 2184 ἀποκρίναντα·
372 2109 417 2165 ἐπὶ
433 2107 462 2166 δὲ
480 2107 545 2170 τούς
563 2108 699 2171 Αἰθίοπας
718 2106 857 2172 κατόπτας
873 2115 948 2186 πρῶ·

149 2222 206 2264 τον,
228 2195 381 2272 ὀψομένους
405 2221 437 2254 τε
462 2195 514 2271 τήν
534 2200 563 2254 ἐν
583 2195 710 2254 τούτοισι
735 2199 811 2254 τοῖσι
831 2198 948 2275 Αἰθίοψι

150 2285 304 2364 λεγομένην
315 2284 383 2343 εἶναι
396 2282 479 2357 ἡλίου
492 2282 629 2358 τράπεζαν
643 2289 667 2341 εἰ
680 2284 741 2341 ἐστι
753 2282 887 2358 α’ληθέως,
901 2286 947 2344 καὶ

149 2373 219 2448 πρὸς
244 2371 330 2450 ταύτῃ
356 2371 393 2431 w)
419 2369 497 2429 ἅλλα
523 2372 736 2448 κατοψομένους,
760 2371 834 2447 δοίρα
857 2372 888 2431 δέ
907 2376 948 2453 τῷ

107 2460 225 2539 18λόγιρ
242 2461 377 2535 φέροντας
394 2462 433 2536 τῷ
451 2459 572 2533 βασιλέϊ
589 2457 687 2517 αὐτῶν.
727 2457 765 2516 Ἦ
781 2458 811 2517 δέ
822 2459 947 2535 τράπεζα

149 2553 199 2607 τοῦ
214 2547 296 2623 ήλίου
313 2546 405 2621 τοιήδε
424 2572 467 2608 τις
485 2545 599 2626 λέγεται
617 2544 695 2604 εἶναι·
716 2546 819 2622 λειμών
840 2551 902 2606 ἐστι
918 2554 947 2607 ἐν

148 2639 187 2713 τῷ
208 2635 366 2712 προαστείῳ
393 2634 524 2696 ἐπίπλεος
544 2637 629 2710 κρεῶν
650 2633 743 2707 ἑφθῶν
762 2632 873 2693 πόντων
891 2639 947 2694 τῶν

148 2721 330 2798 τετραπόδων,
352 2726 380 2783 ἐς
398 2720 448 2780 τόν
467 2719 518 2783 τὰς
542 2722 595 2797 μὲν
614 2719 711 2782 νύκτας
738 2720 948 2796 ἐπιτηδεύοντας

148 2811 252 2870 τιθέναι
269 2808 305 2868 τὰ
326 2809 391 2884 κρέα
408 2807 472 2871 τοῦς
493 2812 522 2866 ἐν
536 2809 613 2865 τέλεϊ
628 2807 762 2871 ἑκάστους
778 2809 874 2872 ἐόντας
890 2814 948 2870 τῶν

149 2897 251 2966 α’στῶν,
282 2895 332 2958 τοῖς
358 2896 387 2954 δὲ
413 2895 518 2971 ἡμέρας
543 2894 690 2954 δαίνυσθαι
716 2894 871 2971 προσιόντα
895 2897 947 2957 τόν

149 2985 333 3060 βουλόμενον·
375 2982 462 3058 φάναι
480 2982 510 3040 δὲ
524 2981 590 3044 τούς
607 2983 770 3060 ἐπιχωρίους
789 2987 878 3042 ταῦτα
893 2983 948 3059 τὴν

146 3075 203 3151 γῆν
213 3071 301 3147 αὐτην
320 3069 475 3129 ἀναδιδόναι
495 3069 638 3129 ἐκόστοτε.
678 3069 697 3144 ἦ
710 3071 762 3146 μὲν
774 3069 809 3146 δή
821 3069 947 3147 τράπεζα

49 3158 190 3260 [19τοιῖ
214 3160 302 3237 η’λίου
322 3158 483 3239 καλεομένη
504 3157 620 3241 λέγεται
638 3155 708 3216 εἶναι
724 3157 824 3230 τοιήδε.
864 3164 947 3234 Καμ·

113 3247 209 3321 βύοη
223 3250 259 3311 δὲ
274 3251 313 3317 οἷς
327 3251 410 3327 ἔδοξε
423 3251 551 3318 πέιιπειν
564 3246 634 3310 τούς
647 3243 856 3310 κατασκόπους,
865 3242 966 3303 αἱτιλια
