2040 3464
85 103 188 165 ιι-ιο]
374 103 599 151 ιιιιιιιιουυυιι.
834 101 882 148 τοο

80 181 163 241 πέντε
178 185 229 256 μὲν
247 185 274 240 οἶ
293 183 411 259 ῥέοντες·
431 181 481 241 τόν
496 207 527 240 τε
546 180 651 245 Σκύθαι
667 178 786 255 Πόρατα
802 178 882 237 καλέ-

80 293 146 328 ουσι
168 268 307 343 Ἕλληνες
328 269 358 328 δὲ
380 266 518 344 Πυρετόν·
546 269 592 326 καὶ
612 268 701 328 ἄλλος
721 264 880 342 Τιαραντός·

81 356 128 413 καὶ
147 353 266 432 Ἄραρός
283 381 322 427 τε,
338 357 384 415 καὶ
400 355 539 431 Νάπαρις,
554 355 600 413 καὶ
612 352 782 431 Ὀρδησσός·
803 351 819 411 ὁ
832 355 881 428 μὲν

80 447 189 518 πρῶτος
209 443 320 521 λεχθεὶς
340 447 396 503 τῶν
419 447 551 518 ποταμῶν
570 443 665 522 μέγας,
687 443 733 499 καὶ
752 439 822 517 πρός
842 437 883 515 ἦῶ

79 528 150 604 ῥέων
163 529 355 589 ἀνακοινοῦται
368 535 406 608 τῷ
419 530 524 607 Ἴστρῳ
537 530 569 588 τό
583 530 664 605 ὕδωρ·
685 529 701 588 ὁ
715 530 744 587 δὲ
758 528 883 605 δεύτερος

80 617 199 693 λεχθεὶς,
226 617 386 694 Τιαραντός,
413 617 484 694 πρός
511 619 630 692 ἑσπέρης
653 641 684 675 τε
704 619 817 691 μᾶλλον
839 616 884 674 καὶ

81 704 222 764 ἐλάσσων·
243 704 258 764 ὁ
276 706 306 764 δὲ
322 705 356 780 δὴ
375 704 495 781 Ἀραρός
510 730 541 762 τε
558 705 603 762 καὶ
622 704 637 763 ὁ
656 703 786 779 Νάπαρις
805 704 851 761 καὶ
866 703 883 764 ὁ

80 788 250 866 Ὀρδησσός,
265 792 310 851 διά
330 792 421 868 μέσου
438 791 543 851 τούτων
558 791 643 853 ἰόντες
657 791 839 867 ἐσβάλλουσι
857 796 884 853 ἐς

80 876 262 955 τὸνἼστρον·
285 877 362 938 οὗτοι
375 881 426 955 μὲν
440 879 593 958 αύτιγενέες
612 879 735 952 ποταμοὶ
754 878 883 940 Σκυθικοὶ

81 966 302 1040 συμπληθύουσι
324 966 417 1025 αὐτόν·
451 965 502 1025 Ἐκ
525 966 555 1024 δὲ
581 964 764 1045 Ἀγαθύρσων
791 965 884 1041 Μάρις
893 967 925 1026 49

81 1052 208 1128 ποταμός
229 1054 298 1128 ῥέων
322 1054 514 1133 συμμίσγεται
535 1057 573 1130 τῷ
588 1052 702 1130 Ἴστρῳ·
731 1058 760 1110 ἐκ
784 1053 813 1110 δὲ
834 1057 884 1112 τοῦ

81 1139 174 1214 Αἴμου
194 1145 249 1199 τῶν
270 1141 413 1216 κορυφέων
432 1145 506 1216 τρεῖς
526 1138 612 1198 ἄλλοι
632 1140 753 1219 μεγάλοι
776 1139 884 1214 ῥέοντες

81 1225 151 1300 πρός
173 1229 266 1303 βορῆν
287 1227 389 1302 ἅνεμον
411 1227 593 1303 ἐσβάλλουσι
615 1232 642 1288 ἐς
662 1225 753 1294 αύτόν,
768 1226 884 1297 Ἄτλας,

82 1313 128 1370 καὶ
142 1313 242 1391 Αθρας,
258 1315 304 1372 καὶ
316 1315 440 1390 Τίβισις·
462 1313 507 1372 διά
521 1314 551 1372 δὲ
565 1314 685 1390 Θρηίκης
699 1314 745 1371 καὶ
759 1313 884 1389 Θρηίκων

82 1405 137 1459 τῶν
151 1401 306 1477 Κροβύζων
319 1402 436 1477 ῥέοντες,
444 1400 557 1476 Ἀθρυς,
573 1401 618 1458 καὶ
631 1400 717 1474 Νόης,
726 1400 772 1457 καὶ
784 1400 884 1476 Ἀρτά-

82 1513 139 1562 νης,
162 1489 300 1548 ἐκδιδοῦσι
321 1493 348 1551 ἐς
368 1489 417 1548 τόν
433 1487 558 1563 Ἴστρον·
586 1493 615 1545 ἐκ
640 1488 669 1546 δὲ
693 1487 821 1546 Παιόνων
837 1490 883 1548 καὶ

83 1574 177 1651 ούρεος
196 1575 333 1651 Ῥοδόπης
354 1577 436 1639 Σκίος
453 1575 588 1651 ποταμός,
607 1577 697 1651 μέσον
715 1576 819 1653 σχίζων
835 1576 886 1636 τόν

109 1663 182 1739 ἶμον,
198 1663 301 1721 ἐκδιδοῖ
318 1668 345 1726 ἐς
358 1662 451 1722 αύτόν·
474 1664 504 1732 ἐξ
518 1663 665 1739 Ἰλλυριῶν
681 1663 710 1720 δὲ
730 1663 798 1739 ῥέων
813 1664 883 1740 πρός

82 1752 175 1826 βορῆν
188 1750 291 1827 ἄνεμον
303 1750 428 1832 Ἀγγρος
444 1751 578 1827 ποταμός,
594 1751 735 1825 ἐσβάλλει
749 1756 776 1813 ἐς
789 1751 883 1812 πεδίον

82 1836 115 1896 τό
129 1837 323 1914 Τριβαλλικδν
338 1839 383 1896 καὶ
397 1844 424 1900 ἐς
437 1838 566 1914 ποταμόν
574 1839 710 1918 Βρόγγον,
723 1838 738 1897 ὁ
753 1839 782 1896 δὲ
796 1839 885 1919 Βρόγ-

81 1950 133 2003 γος
149 1931 176 1987 ἐς
193 1925 242 1984 τόν
256 1925 382 2001 Ἴστρον·
404 1925 474 1984 οὕτω
493 1926 677 2002 ἀμφοτέρους,
693 1927 787 1988 ἐόντας
799 1928 884 2006 μεγά-

74 2014 158 2094 λους,
172 2011 310 2088 ὁἼστρος
324 2012 439 2070 δέκεται.
475 2018 504 2071 ἐκ
519 2013 548 2071 δὲ
561 2020 611 2088 τῆς
625 2012 778 2089 κατύπερθε
790 2014 883 2092 χώρης

82 2098 254 2176 Ὀμβρίκων,
269 2099 380 2176 Κάρπις
396 2100 521 2175 ποταμός
540 2102 586 2159 καὶ
604 2101 805 2164 ἄλλος”Αλπις
823 2100 884 2183 [πα

82 2186 192 2268 ταμὸς,]
208 2186 279 2264 πρός
299 2190 392 2265 βορῆν
405 2187 507 2264 άνεμον
521 2190 567 2247 καὶ
588 2186 664 2247 οὗτοι
683 2189 798 2265 ῥέοντες,
816 2190 884 2248 ἐκδι-

83 2275 165 2334 δοῦσι
179 2280 206 2337 ἐς
220 2274 313 2335 αὐτόν.
347 2275 404 2352 ῥέει
416 2275 470 2356 γάρ
485 2275 519 2350 δὴ
533 2276 578 2334 διαὶ
588 2274 683 2350 πάσης
692 2276 885 2354 τῆςΕύράτης

82 2362 229 2438 ὁἿστρος
253 2361 406 2440 ἀρξάμενος
430 2369 460 2421 ἐκ
481 2367 607 2432 Κελτῶν,
629 2362 656 2420 οἳ
679 2364 795 2441 ἔσχατοι
815 2365 885 2441 πρός

82 2449 165 2525 ἡλίου
186 2451 313 2528 δυσμέων
333 2451 405 2527 μετά
426 2450 555 2526 Κύνητας
579 2451 701 2509 οἰκέουσι
720 2455 775 2509 τῶν
799 2456 829 2510 ἐν
849 2457 885 2529 τῇ

82 2535 213 2616 Εὐρώπῃ·
241 2540 310 2615 ῥέων
330 2539 360 2597 δὲ
380 2538 425 2598 διαὶ
449 2538 543 2613 πάσης
565 2542 616 2613 τῆς
636 2535 779 2613 Εὐρώπης,
802 2543 829 2600 ἐς
849 2539 885 2597 ταὶ

82 2628 192 2706 πλάγια
216 2632 267 2701 τῆς
294 2627 413 2702 Σκυθίης
440 2627 591 2702 ἐσβάλλει.
633 2623 742 2683 Τούτων
769 2625 805 2685 ὧν
830 2628 931 2686 τῶν50

83 2716 310 2792 καταλεχθέντων
328 2714 373 2772 καὶ
393 2713 490 2774 ἄλλων
507 2717 625 2772 πολλῶν
639 2712 886 2788 συμβαλλομένων

81 2802 115 2862 τό
134 2804 273 2879 σφέτερον
292 2802 372 2877 ὕδωρ,
388 2795 498 2882 γίνεται
519 2800 664 2876 ὁἼστρος
685 2804 816 2876 ποταμῶν
836 2801 884 2877 μέ-

82 2916 190 2971 γιστος·
218 2891 279 2949 ἐπεὶ
302 2889 372 2965 ὕδωρ
396 2914 430 2969 γε
451 2888 574 2965 ἐνπρός
602 2888 631 2947 ἐν
655 2888 844 2962 συμβάλλειν,
867 2886 884 2947 ό

82 2982 189 3041 Νεῖλος
208 2976 313 3052 πλήθεϊ
333 2976 507 3053 ἀποκρατέει·
529 2981 557 3039 ἐς
576 2975 631 3055 γάρ
651 2974 684 3050 δή
704 2979 801 3034 τοῦτον
821 2974 885 3049 οὔτε

81 3064 217 3142 ποταμός,
227 3064 290 3124 οὔτε
303 3064 389 3142 κρήνη
404 3063 518 3140 ούδεμία
532 3063 691 3134 ἐσδιδοῦσα,
701 3068 728 3126 ἐς
738 3062 847 3137 πλῆθός
858 3065 885 3121 οἱ

82 3152 295 3230 συμβάλλεται·
317 3152 379 3214 ἴσος
395 3152 425 3210 δὲ
440 3153 493 3210 αἷεὶ
510 3152 566 3228 ῥέει
586 3153 614 3210 έν
628 3176 660 3209 τε
678 3151 753 3226 θέρεϊ
770 3150 888 3225 «duw-

81 3246 151 3303 ιιῶνι
165 3238 312 3318 α’Ἷστρος,
327 3239 400 3302 κατά
418 3239 531 3303 τοιόνδε
543 3265 583 3311 τι,
598 3238 635 3303 ῶς
649 3239 717 3312 ἐμοὶ
728 3236 838 3296 δοκέει·
858 3232 917 3290 τοῖι

991 3308 996 3361 λ

989 3360 996 3381 h
