2040 3464
133 113 182 161 2⁰2
432 111 615 159 ἨΡΟΔΟΤΟΤ
861 108 930 173 [III.

131 215 175 253 τις
193 185 235 258 ἂν,
257 192 345 247 ταῦτα
363 188 591 263 ἀναισιμοῦνται;
613 185 666 267 ε’γιῦ
687 190 734 246 καὶ
752 191 836 247 τοῦτο
856 189 929 264 φρά-

132 302 184 336 σω·
209 275 251 334 δεῖ
267 274 317 334 τὸν
336 277 388 349 μὲν
407 275 551 353 δήμαρχον
567 275 686 334 ἕκαστον
706 280 736 334 έκ
755 279 807 350 τῆς
827 278 931 336 ἑωυτοῦ

132 363 232 425 πόλιος
259 364 435 430 συλλέξαντα
456 362 554 421 πάντα
579 362 630 421 τῦν
652 363 773 439 κέραμον
796 360 875 443 ἄγειν
903 368 931 428 ές

132 452 261 526 Μέμφιν·
298 450 362 512 τοῦς
389 449 418 508 δὲ
444 455 474 508 έκ
504 451 639 526 Μέμφιος
666 455 694 514 ές
719 453 807 509 ταῦτα
833 450 867 526 δη
894 451 931 512 τά

132 536 235 614 ἄνυδρα
268 541 317 611 τῆς
349 538 450 614 Συρίης
483 539 604 613 κομίζειν
630 537 796 613 πλήσαντας
821 536 931 602 ὕδατος·

132 625 203 687 οὕτω
229 625 245 685 ὁ
273 627 437 700 ἐπιφοιτέων
466 627 585 702 κέραμος
614 625 660 684 καὶ
687 625 876 702 ἐξαιρεόμενος
902 632 932 686 ἐν

132 713 263 794 Αἰγύπτῳ
292 714 337 773 ἐπὶ
366 713 415 773 τδν
443 714 566 773 παλαιὸν
597 713 792 788 κομίζεταιές
818 713 931 790 Συρίην.

101 801 118 862 7
133 801 214 861 Οὕτω
226 803 278 877 μέν
294 826 342 861 νυν
359 802 471 877 Πέρσαι
490 801 545 860 εἰσὶ
566 803 593 859 οἱ
610 799 663 875 τήν
683 798 812 875 ἐσβολήν
827 800 932 876 ταύτην

131 887 395 965 παρασκευάσαντες
418 887 461 946 ἐπ’
483 888 633 968 Αἴγυπτον,
657 887 727 946 κατὰ
747 886 781 961 δη
802 886 838 947 ταὶ
859 890 932 964 εἰρη-

131 978 203 1054 μένα
223 975 357 1045 σάξαντες
379 976 465 1046 ὕδατι,
487 977 549 1034 ε’πεί
566 1002 598 1035 τε
619 975 741 1054 τάχιστα
763 976 933 1050 παρέλαβον

131 1066 283 1145 Αἴγυπτον·
309 1064 372 1123 τότε
396 1064 426 1123 δὲ
448 1063 498 1122 ούκ
519 1063 611 1126 ἐόντος
633 1090 670 1121 κω
691 1063 789 1125 ὕδατος
810 1064 931 1139 ἑτοίμου,

132 1152 295 1228 Καμβύσης
318 1152 473 1228 πυθόμενος
495 1156 545 1209 τοῦ
565 1151 810 1226 Ἀλικαρνησσῆος
830 1150 931 1222 ξείνου,

130 1241 244 1318 πέμψας
266 1239 343 1316 παρὰ
365 1240 416 1299 τᾶν
438 1237 576 1315 Ἀράβιον
597 1238 735 1318 ἀγγέλους
756 1238 802 1296 καὶ
824 1237 931 1314 δεηθεὶς

130 1332 181 1403 τῆς
200 1327 360 1403 αἷσφαλείης
379 1329 466 1405 ἔτυχε,
480 1327 575 1388 πίστις
593 1325 656 1388 δούς
675 1324 765 1385 τεκαὶ
783 1324 931 1402 δεξάμενος

131 1414 197 1492 παρ’
210 1415 305 1474 αὐτοῦ.
372 1442 375 1449 ·
408 1439 411 1446 ·

104 1505 123 1561 8
172 1504 310 1578 Σέβονται
338 1502 368 1561 δὲ
393 1501 525 1578 Ἀράβιοι
551 1501 646 1564 πίστις
669 1500 819 1578 οἷνθριύπων
844 1500 932 1577 ὁμοῖα

130 1593 207 1649 τοῖσι
223 1589 360 1666 μάλιστα.
402 1593 542 1648 ποιεῦνται
562 1589 592 1646 δὲ
610 1587 694 1651 αὐτοῖς
713 1587 807 1667 τρόπῳ
824 1589 931 1667 τοιῷδε·

129 1681 185 1736 τῶν
207 1679 389 1754 βουλομένων
410 1677 446 1736 ταὶ
469 1676 559 1736 πιστὰ
579 1677 725 1736 ποιέεσθαι
749 1674 838 1739 ἄλλος
859 1676 931 1754 α’νῆρ

130 1763 295 1840 α’μφοτέρων
308 1762 398 1823 αὐτῶν
412 1769 441 1823 έν
454 1764 532 1841 μέσῳ
547 1763 656 1832 έστεῦς,
670 1765 739 1842 λίθῳ
753 1762 813 1833 ὀξέϊ
824 1762 859 1823 τῦ
874 1765 931 1824 ἔσω

129 1855 189 1910 τῶν
209 1855 309 1930 χειρῶν
334 1850 412 1927 παρὰ
433 1851 497 1914 τοῦς
521 1850 673 1914 δακτύλους
698 1851 763 1914 τοῦς
788 1850 932 1932 μεγάλους

130 1939 273 2014 ἐπιτάμνει
293 1943 348 1998 τῶν
370 1939 538 2014 ποιευμένων
559 1939 609 2001 ταῖς
629 1939 733 2000 πίστις·
767 1941 813 1997 καὶ
834 1940 931 2000 ἔπειτα

129 2026 229 2101 λαβών
242 2030 273 2083 ἐκ
285 2030 336 2085 τοῦ
350 2027 458 2101 ἱματίου
475 2026 604 2102 ἑκατέρου
625 2021 752 2103 κροκύδα,
766 2026 878 2101 α’λείφει
890 2033 932 2107 τῷ

130 2114 226 2189 αἵματι
250 2117 279 2173 έν
301 2114 378 2192 μέσῳ
400 2114 540 2189 κειμένους
560 2114 656 2176 λίθους
681 2114 758 2172 ἑπτά·
792 2119 877 2174 τοῦτο
899 2116 931 2176 δὲ

129 2199 229 2261 ποιέων
243 2202 381 2261 ἐπικαλέει
395 2201 487 2260 τόντε
502 2201 641 2261 Διόνυσον
655 2203 700 2259 καὶ
713 2201 765 2276 την
779 2201 929 2279 Οὐρανίην·

129 2291 340 2351 ἐπιτελέσαντος
357 2289 386 2347 δὲ
406 2287 505 2347 τούτου
520 2292 616 2357 ταῦτα,
635 2287 651 2346 ὅ
668 2287 718 2350 τοὶς
733 2288 829 2352 πίστις
849 2315 929 2366 ποιη-

111 2376 250 2454 σάμενος
265 2381 341 2436 τοῖσι
360 2377 474 2452 φίλοισι
492 2379 638 2456 παρεγγυᾷ
653 2375 703 2434 τδν
722 2376 818 2445 ξεῖνον,
832 2375 862 2456 (ἢ
881 2380 930 2438 καὶ

128 2466 178 2525 τὸν
195 2465 283 2526 ᾰστδν
296 2463 330 2540 ἦν
346 2465 417 2541 πρὸς
430 2463 518 2524 άστδν
531 2464 679 2540 ποιέηται,)
695 2466 721 2522 οἱ
735 2464 764 2522 δὲ
779 2465 862 2539 φίλοι
881 2467 930 2525 καὶ

130 2552 209 2612 αὐτοὶ
221 2552 271 2617 ταῖς
286 2553 382 2615 πίστις
398 2553 533 2611 δικαιεῦσι
551 2552 701 2627 σέβεσθαι.
744 2550 886 2611 Διόνυσον
898 2553 930 2612 δὲ

130 2642 193 2702 θεὸν
212 2646 316 2718 μοῦνον
337 2642 382 2698 καὶ
401 2640 454 2715 τήν
474 2638 613 2715 Οὐρανίην
632 2637 763 2719 ἡγεῦνται
781 2638 859 2698 εἶναι·
881 2642 930 2700 καὶ

129 2734 184 2790 τῶν
209 2733 312 2809 τριχῶν
337 2729 390 2804 τὴν
416 2726 686 2804 κουρηνκείρεσθαί
707 2733 782 2802 φασι
803 2726 929 2806 κατάπερ

129 2817 213 2884 αῦτῦν
227 2816 276 2877 τᾶν
290 2817 429 2876 Διόνυσον
448 2813 586 2891 κεκάρθαι·
609 2816 745 2891 κείρονται
758 2814 788 2874 δὲ
800 2816 929 2893 περιτρό·

128 2909 213 2984 χαλα,
234 2905 441 2981 περιξυροῦντες
460 2902 526 2965 τοῦς
543 2903 708 2978 κροτάφους·
739 2901 929 2978 ούνομάζουσι

129 2994 158 3051 δὲ
183 2992 233 3052 τδν
257 2995 309 3070 μὲν
336 2991 475 3051 Διόνυσον
500 2989 632 3066 Ὀροτάλ,
653 2990 706 3066 την
733 2990 763 3050 δὲ
787 2989 931 3070 Οὐρανίην

124 3079 252 3142 Ἀλιλάτ.

47 3198 60 3255 η
79 3169 101 3227 9
153 3167 237 3231 Ἐπεὶ
254 3170 294 3236 ὧν
309 3171 367 3251 τὴν
382 3170 483 3234 πίστιν
502 3171 582 3230 τοῖσι
597 3165 747 3249 ιἰγγέλοιαι
761 3169 839 3224 τοῖσι
851 3167 932 3242 παρὰ

95 3259 285 3337 Καμβύσεω
298 3262 502 3351 ἀπιγμένοισι
517 3256 680 3337 ἔτοιῆσιτο
696 3249 951 3328 δ’λυύδιῦἳιψλ·
