2040 3464
122 106 170 153 που
425 111 610 158 Ἡνοιουου
859 108 928 172 [111.

120 183 173 258 τήν
186 185 317 248 Μίλωνος
331 186 469 267 θυγατέρα
482 187 651 263 Δημοκήδης
663 189 790 267 γυναῖκα·
806 189 858 245 τοῦ
871 186 930 267 γάρ

122 270 156 345 δή
183 274 345 332 παλαιστέω
372 274 503 338 Μίλωνος
528 274 564 350 ἦν
585 274 691 350 οὕνομα
714 273 827 332 πολλόν
850 275 931 351 παρά

121 359 252 434 βασιλέϊ·
281 361 351 418 κατοὶ
375 361 409 436 δή
431 361 515 422 τοῦτό
542 388 591 437 μοι
614 362 703 420 δοκέει
730 364 858 420 σπεῦσαι
878 363 930 422 τόν

122 446 214 524 γάμον
226 451 326 506 τοῦτον
339 450 458 512 τελέσας
474 448 606 526 χρήματα
622 449 734 528 μεγάλα
749 449 929 524 Δημοκήδης,

125 535 169 593 ἵνα
189 541 266 613 φανῇ
281 536 351 612 πρός
368 538 487 613 Δαρείου
503 537 554 596 ἐάν
571 538 616 595 καὶ
634 542 663 596 ἐν
678 540 714 614 τῇ
735 540 839 594 ἑωυτοῦ
856 537 930 596 δόκι-

79 624 136 682 138
146 649 208 698 μος.
248 622 429 702 Ἀναχθέντες
445 626 474 683 δὲ
490 631 520 683 ἐκ
536 629 586 699 τῆς
603 623 751 699 Κρότωνος
767 627 795 682 οἱ
816 624 930 701 Πέρσαι

126 712 291 771 ἐκπίπτουσι
303 717 371 790 τῇσι
385 713 467 786 νηυσὶ
482 719 509 775 ἐς
525 711 678 792 Ἰηπυγίην·
701 713 749 770 καί
761 718 855 786 σφεας
869 713 931 771 δου-

125 799 257 861 λεύοντας
280 801 397 859 ἐνθαῦτα
419 800 524 862 Γίλλος
548 799 619 876 άνήρ
644 803 813 876 Ταραντῖνος
838 800 930 879 φυγάς

128 886 292 963 ῥυσάμενος,
313 887 443 967 ἀπήγαγε
462 886 539 963 παραὶ
559 888 689 962 βασιλέα
711 891 842 962 Δαρεῖον·
866 887 930 946 6δέ

126 973 188 1032 ἀντὶ
205 973 310 1032 τούτων
327 978 436 1050 ἑτοῖμος
452 974 486 1050 ἦν
504 975 608 1034 διδόναι
624 979 707 1034 τοῦτο
721 973 737 1034 ά
750 1000 778 1033 τι
791 975 930 1050 βούλοιτο

127 1060 218 1124 αύτός·
247 1063 353 1123 Γίλλος
371 1063 401 1120 δὲ
419 1064 539 1139 αἱρέεται
561 1062 678 1142 κάτοδόν
702 1065 729 1121 οἱ
751 1067 778 1124 ἐς
800 1062 930 1138 Τάραντα

125 1150 264 1228 γενέσθαι,
285 1151 558 1230 προαπηγησάμενος
577 1150 630 1224 τήν
650 1149 813 1225 συμφορήν·
836 1151 882 1208 ἵνα
901 1151 930 1210 δὲ

118 1237 166 1315 ,μή
188 1238 346 1316 συνταράξῃ
366 1239 419 1312 τήν
438 1238 573 1307 Ἑλλάδα,
596 1237 631 1312 ήν
656 1237 689 1296 δι’
714 1237 799 1297 αὐτόν
824 1238 930 1301 στόλος

127 1326 214 1404 μέγας
227 1327 300 1403 πλέη
315 1327 360 1384 ἐπὶ
374 1326 425 1400 τήν
437 1325 570 1401 Ἰταλίην,
586 1325 715 1386 Κνιδίους
729 1326 849 1400 μούνους
862 1326 931 1386 οἶτο-

126 1418 199 1490 χροῖν
217 1417 244 1472 οἱ
260 1415 314 1487 ἔφη
330 1412 394 1474 τούς
411 1413 581 1492 κατάγοντας
596 1415 734 1493 γίνεσθαι,
752 1413 855 1472 δοκέων
873 1409 931 1473 α’πά

127 1499 230 1558 τούτων
244 1500 342 1559 ἐόντων
355 1505 431 1560 τοῖσι
445 1503 640 1577 Ταραντίνοισι
651 1504 743 1576 φίλων
751 1498 882 1576 μάλιστα
896 1502 931 1577 δή

127 1588 178 1662 τήν
196 1587 312 1647 κάτοδόν
329 1592 355 1646 οἱ
372 1590 496 1648 ἔσεσθαι.
536 1593 654 1664 Δαρεῖος
676 1588 705 1646 δὲ
726 1588 932 1666 ίποδεξάμενος

129 1678 264 1734 ἐπετέλεε·
285 1677 398 1753 πέμψας
417 1677 472 1756 γάρ
489 1676 612 1757 άγγελον
631 1681 658 1739 ἐς
675 1677 780 1736 Κνίδον
800 1677 932 1757 κατάγειν

129 1765 221 1838 σφέας
242 1766 350 1822 ἐκέλευε
372 1766 479 1823 Γίλλον
501 1770 528 1828 ἐς
548 1765 686 1841 Τάραντα·
714 1765 878 1841 πειθόμενοι
903 1768 932 1826 δέ

130 1853 237 1929 Δαρείῳ
251 1852 360 1910 Κνίδιοι
374 1853 557 1927 Ταραντίνους
572 1853 621 1912 ούκ
635 1852 671 1912 ὧν
685 1853 803 1923 ἔπειθον,
819 1854 889 1929 βίην
904 1855 932 1913 δὲ

131 1939 259 1998 άδύνατοι
279 1939 354 2014 ἦσαν
376 1943 558 2016 προσφέρειν.
599 1945 687 1999 ταῦτα
712 1943 765 2016 μέν
791 1967 840 2000 νυν
862 1942 933 2001 οίτω

130 2026 265 2104 ἐπρήχθη·
294 2025 372 2085 οὗτοι
393 2029 423 2086 δὲ
443 2033 548 2104 πρῶτοι
570 2033 600 2087 ἐκ
626 2033 676 2102 τῆς
701 2027 802 2105 Ἀσίης
830 2035 863 2092 ἐς,
881 2031 934 2104 τήν

129 2113 255 2174 Ἐλλάδα
276 2114 408 2175 ἀπίκοντο
431 2118 551 2191 Πέρσαι,
574 2119 620 2175 καὶ
647 2114 724 2176 οὗτοι
752 2117 797 2176 διά
824 2118 934 2177 τοιόνδε

131 2208 248 2283 πρῆγμα
269 2203 442 2262 κατάσκοποι
461 2206 598 2284 ἐγένοντο.

85 2293 140 2352 1³9
184 2290 265 2350 Μετά
284 2292 424 2361 δὲταῦτα,
442 2291 539 2369 Σάμον
555 2292 695 2368 βασιλεύς
714 2295 834 2369 Δαρεῖος
847 2295 934 2371 αἱρέει

129 2382 235 2440 πολίων
250 2381 363 2440 πασέων
383 2379 495 2457 πρώτην
511 2380 683 2454 Ἑλληνίδων
700 2381 746 2438 καὶ
764 2381 933 2457 βαρβάρων,

130 2469 175 2529 διά
188 2468 296 2544 τοιήνδε
309 2468 370 2527 τινά
384 2469 482 2543 αἰτίην·
499 2467 665 2543 Καμβύσεω
678 2473 728 2527 τοῦ
740 2467 837 2542 Κύρου
847 2495 934 2546 στρα-

129 2558 276 2634 τευομένου
304 2555 345 2614 ἐπ’
368 2557 518 2636 Αἴγυπτον,
541 2555 626 2615 άλλοι
647 2581 678 2614 τε
701 2556 804 2634 συχνοὶ
828 2562 857 2620 ἐς
882 2559 935 2633 τήν

129 2647 271 2725 Αἴγυπτον
289 2643 421 2704 άπίκοντο
438 2643 631 2719 Ἑλλήνων,οἱ
649 2647 709 2718 μὲν,
725 2644 760 2706 ιύς
773 2643 858 2714 οἰκός,
875 2653 934 2705 κατ’

131 2734 274 2811 ἐμπορίην,
289 2735 315 2790 οἱ
331 2733 361 2789 δὲ
379 2731 602 2808 στρατευόμενοι,
618 2735 644 2789 οἱ
658 2732 689 2789 δέ
701 2758 773 2794 τινες
787 2732 833 2789 καὶ
847 2732 934 2809 αὐτῆς

129 2827 180 2897 τῆς
200 2821 291 2899 χώρης
312 2821 415 2895 θεηταί,
436 2823 491 2878 τῶν
509 2819 544 2894 ἦν
563 2820 609 2877 καὶ
630 2817 796 2880 Συλοσῶνά
816 2820 934 2885 Αἰάκεος

131 2907 327 2985 Πολυκράτεός
339 2933 370 2966 τε
384 2908 434 2966 ἐών
444 2907 581 2982 άδελφεὸς
595 2908 640 2965 καὶ
655 2907 766 2988 φεύγων
779 2913 810 2966 ἐκ
825 2909 933 2984 Σάμου.

130 3003 229 3058 τοῦτον
241 2996 291 3055 τόν
304 2997 476 3057 Συλοσῶντα
490 2996 632 3069 κατέλαβε
647 2994 760 3072 εύτυχίη
773 3021 816 3058 τις
829 2997 933 3072 τοιήδε·

128 3085 230 3164 λαβών
240 3083 363 3165 χλανίδα
382 3084 427 3141 καὶ
445 3082 671 3159 περιβαλόμενος
688 3083 799 3159 πυρρήν
811 3083 934 3164 ἠγόραζε

118 3180 153 3236 ἐν
170 3180 209 3257 τῇ
229 3176 347 3254 Μέμφι·
371 3173 436 3234 ἰδὼν
449 3171 482 3233 δὲ
501 3169 584 3231 αύτδν
601 3173 726 3245 Δαρεῖος,
733 3171 891 3245 δορυφόρος
903 3196 933 3233 τε

103 3265 164 3327 lav
182 3266 369 3346 Καμβύσεω
388 3266 439 3326 καὶ
455 3260 550 3343 λόγου
565 3256 680 3318 ούδενύς
692 3280 731 3313 κω
745 3256 952 3327 ιλῑῖἆλῦλὶςὶτῆ
