2040 3464
110 97 202 160 ι-ιι]
430 101 592 150 mmm.
863 103 912 150 ιιι

109 177 216 254 ἡμέρην
237 179 351 260 γίνεται.
393 179 486 255 ἕτερον
509 183 636 240 τοιοῦτον
660 179 767 240 κόλπον
790 181 836 240 καὶ
861 179 914 248 τὴν

108 266 252 346 Αἴγυπτον
263 266 347 325 δοκέω
356 267 489 347 γενέσθαι
499 293 557 326 κου·
575 267 625 326 τόν
634 271 686 344 μὲν
697 273 727 327 ἐκ
736 271 787 343 τῆς
794 267 913 344 βορηίης

109 352 261 429 θαλάσσης
283 352 390 413 κόλπον
412 355 548 432 ἐσέχοντα
570 356 615 414 ἐπὶ
636 356 792 431 Αἰθιοπίης·
812 356 863 416 τόν
883 357 913 416 δὲ

108 440 266 522 [Ἀράβιοη
276 441 326 501 τόν
339 442 456 520 ἔρχομαι
469 441 569 524 λέξων]
583 448 613 500 ἐκ
622 447 673 519 τῆς
685 445 777 519 νοτίης
790 445 913 521 φέροντα

109 531 156 587 ἐπὶ
179 530 288 604 Συρίης·
309 530 413 608 σχεδόν
426 531 478 605 μὲν
491 529 649 605 ἀλλήλοισι
668 533 914 608 συντετραίνοντας

108 616 174 679 τοιίς
200 616 315 694 μυχούς,
342 616 441 698 ὀλίγον
467 617 498 676 δέ
522 643 550 676 τι
575 618 836 694 παραλλάσσοντας
861 624 913 696 τῆς

109 703 210 781 χώρης·
237 709 261 762 εἰ
284 703 321 764 ὧν
344 705 378 779 δη
403 703 533 779 ἐθελήσει
556 707 687 784 ἐκτρέψαι
706 706 739 766 τό
761 707 875 784 ῥέεθρον
896 706 913 767 ό

110 797 216 855 Νεῖλος
230 797 256 855 ἐς
269 797 368 852 τοῦτον
378 802 427 852 τόν
439 791 577 869 Ἀράβιον
591 793 706 863 κόλπον,
714 795 745 853 τί
755 821 804 870 μιν
814 794 913 855 κωλύει

109 880 221 956 ῥέοντος
230 880 329 940 τούτου
340 882 516 958 ἐκχωσθῆναι
526 882 602 945 ἐντός
613 909 647 963 γε
658 882 808 959 δισμυρίων
819 884 912 953 ἐτέων;

110 968 165 1046 ἐγοί
182 971 234 1044 μὲν
246 968 302 1049 γιίρ
317 969 441 1044 ἔλπομαί
451 994 485 1049 γε
499 970 545 1028 καὶ
557 971 661 1046 μυρίων
675 969 751 1032 ἐντός
767 972 912 1050 χωσθῆναι

110 1053 154 1114 ἅν·
175 1061 225 1114 κοῦ
241 1081 274 1136 γε
288 1055 321 1131 δη
336 1061 365 1115 ἐν
377 1061 415 1134 τῷ
428 1057 696 1136 προαναισιμωμένῳ
711 1058 802 1137 χρόνῳ
815 1058 914 1135 πρότε-

109 1169 160 1219 ρον
186 1141 204 1218 ἢ
233 1146 281 1219 ἐμὲ
307 1144 440 1224 γενέσθαι
467 1143 525 1202 ούκι
538 1143 573 1204 ἂν
593 1145 717 1222 χωσθείη
740 1144 845 1208 κόλπος
868 1146 914 1204 καί

109 1235 210 1310 πολλῷ
230 1233 318 1307 μέζων
332 1232 372 1290 ἐτι
387 1231 494 1301 τούτου,
509 1231 564 1290 ύπδ
583 1231 720 1291 τοσούτου
736 1258 767 1291 τε
783 1237 912 1308 ποταμοῦ

110 1321 156 1377 καὶ
171 1319 255 1382 ούτως
268 1325 413 1400 ἐργατικοῦ
417 1346 425 1388 ;
447 1321 489 1378 Τοί
499 1321 562 1396 περὶ
573 1321 715 1400 Αἴγυπτον
730 1320 823 1379 ὤνκαὶ
836 1324 913 1379 τοῖσι
925 1323 960 1381 Η

109 1407 228 1487 λέγουσι
242 1406 313 1466 αύταί
326 1408 467 1483 πείθομαι,
483 1409 529 1465 καὶ
546 1407 629 1468 αύτὸς
643 1407 713 1466 οὕτω
728 1407 815 1484 κάρτα
829 1408 914 1466 δοκέω

111 1493 188 1565 εἶναι,
204 1495 266 1554 ἰδοίν
278 1521 309 1554 τε
328 1495 380 1570 τὴν
393 1496 536 1575 Αἴγυπτον
550 1497 733 1571 προκειμένην
753 1498 804 1570 τῆς
817 1497 914 1573 ἐχομέ-

110 1607 159 1658 νης
179 1588 240 1663 γῆς,
263 1583 403 1663 κογχύλιά
421 1609 454 1644 ,τε
477 1581 632 1658 φαινόμενα
650 1584 695 1640 ἐπὶ
711 1586 787 1641 τοῖσι
809 1581 913 1659 οὔρεσι,

110 1671 157 1728 καὶ
180 1671 275 1747 ἅλμην
300 1672 490 1730 ἐπανθέουσαν
517 1670 590 1728 ὥστε
614 1671 660 1728 καί
685 1670 736 1732 τοίς
758 1670 914 1747 πυραμίδας

110 1759 270 1834 δηλέεσθαι,
285 1759 331 1817 καὶ
345 1758 462 1837 ψάμμον
480 1762 584 1834 μοῦνον
597 1757 741 1838 Αἰγύπτου
754 1757 818 1835 ὄρος
830 1763 914 1818 τοῦτο

109 1847 142 1906 τό
156 1848 225 1924 ύπέρ
242 1848 377 1924 Μέμφιος
398 1849 471 1926 ἔχον·
493 1846 563 1923 πρός
583 1847 621 1917 δὲ,
642 1851 678 1925 τῇ
698 1847 775 1926 χώρη
796 1846 913 1927 ούτετῇ

109 1934 232 2013 Ἀραβίη
245 1935 394 2014 προσούρῳ
408 1935 492 2013 ἐούσῃ
505 1935 557 2012 τήν
565 1936 708 2014 Αἴγυπτον
718 1937 912 2013 προσεικέλην,

110 2022 173 2082 ούτε
185 2051 220 2102 τη
230 2024 334 2103 Λιβύῃ,
350 2023 382 2083 ού
395 2023 452 2100 μην
465 2023 526 2082 οὐδὲ
539 2027 575 2101 τῇ
589 2024 684 2101 Συρίῃ,
693 2023 755 2104 (τῆς
766 2024 821 2104 γοίρ
831 2023 914 2099 Ἀρα-

109 2113 177 2187 βίης
198 2112 233 2171 τοὶ
256 2112 333 2189 παραὶ
365 2111 518 2171 θάλασσαν
541 2110 638 2188 Σύριοι
660 2112 810 2192 νέμονται,)
836 2111 914 2171 οἰλλιί

109 2199 283 2281 μελάγγαιόν
304 2225 336 2259 τε
359 2201 405 2257 καὶ
429 2200 692 2279 κατερρηγνυμένην,
716 2198 788 2258 ὥστε
812 2204 914 2260 ἐοῦσαν

111 2287 173 2347 ἰλύν
187 2313 219 2347 τε
241 2289 287 2346 καί
300 2286 440 2366 πρόχυσιν
456 2287 487 2355 ἐξ
504 2287 651 2361 Αἰθιοπίης
670 2287 913 2367 κατενηνειγμένην

109 2375 164 2436 τίπδ
177 2381 228 2435 τοῦ
241 2381 377 2452 ποταμοῦ·
399 2374 451 2451 την
465 2375 495 2433 δὲ
508 2374 620 2450 Αιβύην
633 2375 711 2451 ἴδμεν
732 2375 913 2451 ἐρυθροτέρην

108 2490 140 2523 τε
152 2469 206 2544 γῆν
220 2467 266 2524 καὶ
283 2464 530 2542 ὑποψαμμοτέρην,
543 2462 595 2537 τὴν
618 2463 647 2521 δὲ
664 2462 804 2539 Ἀραβίην
816 2489 847 2521 τε
868 2464 914 2520 καὶ

110 2550 214 2630 Συρίην
226 2553 466 2634 ἀργιλωδεστέρην
479 2577 510 2610 τε
525 2552 570 2608 καὶ
584 2549 741 2626 ύπόπετρον
755 2553 866 2608 ἐοῦσαν.

144 2639 267 2722 Ἐλεγον
280 2641 310 2698 δὲ
323 2641 369 2698 καὶ
386 2638 450 2698 τόδε
465 2664 514 2715 μοι
527 2639 601 2718 μέγα
614 2637 763 2713 τεκμήριον
779 2637 842 2713 περὶ
864 2640 913 2712 τῆς
924 2638 962 2696 13

108 2727 201 2809 χιόρης
222 2729 324 2803 ταύτης
347 2730 374 2786 οἰ
399 2727 475 2804 ἱρέες,
500 2725 536 2788 ὥς
560 2727 606 2784 ἐπὶ
624 2726 744 2800 Μοίριος
766 2724 914 2798 βασιλέος,

108 2818 178 2879 ὅκως
191 2816 295 2876 ἐλθοιό
308 2815 434 2891 ποταμός
444 2815 489 2873 ἐπί
503 2813 574 2873 όκταί
587 2813 695 2890 πήχεας
704 2811 736 2870 τό
752 2810 911 2890 ἐλάχιστον,

109 2905 228 2981 ἄρδεσκε
249 2905 392 2984 Αἴγυπτον
413 2902 465 2978 την
485 2902 576 2978 ἔνερθε
594 2902 738 2976 Μέμφιος·
760 2901 806 2958 καὶ
825 2900 914 2976 Μοίρι

109 2991 143 3052 ού
157 3020 195 3051 κω
204 2992 239 3067 ἢν
253 2994 314 3051 ἔτεα
328 2989 470 3050 εἰνακόσια
482 2987 698 3067 τετελευτηκότι
709 2987 762 3048 ’ίιτε
773 2990 830 3046 των
840 2987 928 3061 “ιρἐων

102 3084 189 3138 ταθτα
211 3080 266 3160 ἐγαί
285 3079 400 3157 ἤκουον·
432 3086 482 3145 νῦν
508 3081 547 3156 δὲ,
567 3079 604 3160 ἢν
627 3079 669 3160 μὴ
690 3077 730 3140 ἐπ’
761 3065 960 3169 ἱκκιίιῖιεκαῖι

90 3169 290 3267 πεντεκαιδεκα
304 3171 425 3253 πήχεας
439 3175 544 3258 ἀναβῇ
556 3174 597 3238 τὸ
609 3171 780 3252 ἐλάχιστον
798 3163 990 3249 ὃποταλλῦςζ

77 3273 131 3306 m
144 3252 322 3378 ἰθεΡΒαινει
343 3269 373 3328 ἐς
387 3267 448 3347 Τὴν
463 3267 591 3350 Χῶρην.
638 3257 797 3325 δοκέουσὶ
820 3274 862 3312 τε
880 3261 942 3323 θ’θ’·
956 3240 1013 3291 ὃν
