2040 3464
124 111 173 159 200
427 107 609 155 Ἠνοιουοτ
855 105 921 171 [m

126 191 226 247 ἑωυτοῦ
250 185 387 244 δεσπότεα
410 184 469 261 μετ’
492 187 650 266 Αἰγυπτίων
673 185 831 248 ἐπαναστάς
857 185 922 261 ἐφό·

124 272 231 335 νευσε.”
265 276 348 330 τοῦτο
367 270 400 345 δή
414 270 447 330 τό
463 272 527 334 ἔπος
545 273 591 330 καί
607 272 708 347 αὕτηὴ
726 273 798 347 αἰτίη
814 278 922 352 ε’γγενο-

124 362 194 437 μένη
210 358 299 438 ἤγαγε
317 358 480 433 Καμβύσεα
497 359 546 418 τόν
567 360 670 436 Κύρου,
686 358 816 439 μεγάλως
834 361 922 435 θυμω-

126 450 216 516 θέντα,
231 445 272 506 ἐπ’
281 447 431 526 Αἴγυπτον.
463 445 532 505 οὕτω
545 447 597 523 μέν
609 472 657 505 νυν
670 449 788 527 λέγουσι
801 447 923 523 Πέρσαι.

92 539 111 597 2
125 534 273 616 Αἰγύπτιοι
286 533 315 591 δὲ
331 537 497 609 οἰκηῖεῦνται
511 533 681 610 Καμβύσεα,
697 534 820 610 φάμενοί
829 560 878 610 μιν
893 538 924 593 ἔκ

124 619 228 698 ταύτης
248 621 281 696 δὴ
301 624 352 694 τῆς
369 619 489 697 Ἀπρίεω
512 620 648 702 θυγατρός
666 622 807 700 γενέσθαι·
829 625 926 698 Κῦρον

124 710 180 792 γάρ
204 709 274 769 εἶναι
296 707 346 767 τόν
371 708 522 784 πέμψαντα
547 707 624 784 παρῶ
647 708 774 784 Ἄμασιν
801 709 846 767 ε’πί
872 709 925 784 τὴν

126 798 272 879 θυγατέρα,
292 794 357 853 ἀλλ’
373 794 406 854 ού
425 795 597 872 Καμβύσεα.
632 797 762 876 λέγοντες
780 796 924 866 δὲταῦτα,

126 885 175 946 ούκ
190 883 278 961 ὀρθῶς
293 883 421 962 λέγουσι.
456 882 489 940 ού
502 883 559 959 μὴν
572 882 635 942 οὐδὲ
648 884 753 958 λέληθε
767 882 874 952 αύτούς,
888 883 925 962 (εἰ

125 971 181 1053 γάρ
203 996 275 1032 τινες
302 971 348 1027 καὶ
370 969 464 1039 ἄλλοι,
485 970 520 1029 τά
543 971 678 1046 Περσέων
704 969 809 1046 νόμιμα
835 970 924 1048 ὀρθῶς

127 1059 288 1120 ἐπιστέαται
307 1057 352 1115 καί
368 1057 536 1137 Αἰγύπτιοι)
550 1057 592 1117 ὅτι
610 1062 707 1134 πρῶτα
721 1060 773 1133 μὲν
790 1057 874 1118 νόθον
891 1057 925 1117 ού

126 1154 183 1222 σφι
210 1144 294 1222 νόμος
322 1145 383 1204 ε’στί
408 1146 593 1219 βασιλεῦσαι,
620 1146 738 1225 γνησίου
764 1144 924 1221 παρεόντος·

128 1233 204 1298 αὖτις
217 1233 254 1303 δὲ,
266 1232 309 1293 ὅτι
323 1231 529 1308 Κασσανδάνης
542 1236 592 1308 τῆς
601 1233 774 1309 Φαρνάσπεω
788 1233 925 1313 θυγατρός

128 1321 164 1398 ἦν
182 1326 249 1384 παῖς
268 1319 438 1397 Καμβύσης,
457 1318 555 1395 αἷνδρδς
573 1319 778 1398 Ἀχαιμενίδεω,
794 1319 861 1378 ἀλλ’
875 1320 925 1380 οὐκ

128 1416 158 1470 ε’κ
175 1414 227 1485 τῆς
243 1408 405 1489 Αἰγυπτίης·
440 1406 517 1466 α’λλυί
534 1409 745 1484 παρατρέπουσι
762 1406 812 1468 τόν
827 1406 924 1489 λόγον,

126 1496 362 1575 προσποιεύμενοι
374 1500 410 1573 τῇ
424 1494 518 1571 Κύρου
532 1497 604 1574 οἰκίη
614 1496 761 1576 συγγενέες
774 1495 851 1554 εἶναι.
879 1497 925 1555 καί

94 1589 215 1646 3ταῦτα
231 1586 283 1660 μὲν
301 1581 354 1641 ὦδε
374 1585 440 1661 ἔχει.
473 1583 594 1662 Λέγεται
614 1583 644 1640 δὲ
665 1583 712 1641 καὶ
729 1583 775 1642 ὅδε
793 1582 809 1644 ὁ
829 1582 924 1663 λόγος,

128 1672 192 1742 ε’μοὶ
211 1674 264 1748 μὲν
286 1669 317 1729 ού
338 1669 463 1732 πιθανός·
491 1669 527 1732 ῶς
547 1673 602 1729 τῶν
623 1671 770 1747 Περσίδων
790 1676 926 1750 γυναικῶν

130 1757 289 1820 ἐσελθοῦσά
301 1783 343 1820 τις
355 1758 431 1834 παρά
443 1756 493 1820 τάς
507 1757 602 1834 Κύρου
613 1761 752 1839 γυναῖκας,
767 1757 803 1821 ῶς
819 1757 874 1817 εἶδε
888 1762 924 1836 τῇ

129 1845 321 1922 Κασσανδάνῃ
334 1849 515 1921 παρεστεῶτα
528 1846 610 1904 τέκνα
624 1844 727 1904 εὐειδέα
739 1871 770 1905 τε
783 1845 830 1905 καὶ
840 1846 924 1926 μεγά-

128 1939 175 2005 λα,
196 1937 295 2011 πολλῷ
315 1935 417 2010 ε’χραῖτο
437 1937 475 2010 τῷ
495 1933 595 2011 ἐπαίνῳ
615 1931 881 2010 ύπερθωυμόζουσα·
906 1933 925 2008 ἦ

130 2023 160 2083 δὲ
177 2019 378 2095 Κασσανδάνη,
393 2023 480 2079 εὀῦσα
496 2024 547 2079 τοῦ
565 2020 661 2097 Κύρου
677 2020 755 2101 γυνή,
773 2021 832 2080 εἶπε
849 2021 925 2081 τάδε·

128 2121 147 2148 “
154 2109 266 2171 τοιῶνδε
283 2109 378 2184 μέντοι
396 2110 445 2184 ε’μέ
462 2108 567 2168 παίδων
584 2109 692 2186 μητέρα
711 2112 814 2168 εὀῦσαν
832 2113 926 2184 Κῦρος

128 2204 157 2260 έν
177 2197 272 2274 ἀτιμίη
294 2197 358 2274 ἔχει·
382 2195 433 2271 τήν
453 2195 476 2255 δ’
497 2195 543 2255 ἀπ’
564 2196 707 2276 Αἰγύπτου
729 2197 876 2272 ἐπίκτητον
896 2200 926 2257 ε’ν

127 2290 194 2364 τιμῇ
206 2282 337 2345 τίθεται.”
369 2283 422 2358 την
433 2286 485 2360 μὲν
499 2283 657 2362 ἀχθομένην
669 2287 705 2361 τῇ
719 2282 822 2360 Νιτήτι
838 2287 924 2344 εἰπεῖν

350 2372 358 2394 Ι
397 2374 406 2394 t
474 2372 482 2393 Ι
578 2372 586 2392 ἱ

128 2378 225 2435 ταῦτα·
251 2372 357 2433 τῶνδε
380 2398 407 2431 οι
429 2371 535 2430 παιδων
553 2398 603 2431 τον
625 2371 820 2449 πρεσβύτερον
840 2374 927 2431 εἰπεῖν

736 2457 744 2479 ἱ
783 2464 790 2484 ι
823 2457 831 2481 ἱ

129 2461 301 2540 Καμβύσεα·
322 2469 341 2496 “
349 2458 446 2540 τοιγάρ
460 2485 512 2528 τοι,
528 2457 549 2516 ὦ
564 2462 662 2536 μῆτερ,
678 2464 762 2519 ε’πεαν
778 2486 832 2540 εγω
844 2458 926 2540 γένυι·

128 2577 180 2628 μαι
196 2549 274 2626 ἀνὴρ,
288 2547 431 2629 Αἰγύπτου
448 2546 484 2605 τοί
501 2548 553 2622 μὲν
570 2545 625 2606 ἅνω
645 2546 718 2606 κάτω
737 2546 825 2622 θήσω,
842 2546 878 2606 τά
897 2547 927 2606 δὶ

129 2637 202 2698 κότω
222 2635 302 2697 ἅνω.”
334 2639 422 2695 ταῦτα
442 2638 528 2694 εἰπεῖν
547 2633 631 2694 αύτόν
651 2636 713 2694 ἔτεα
736 2633 771 2698 ῶς
791 2634 858 2694 δέκα
876 2660 929 2695 κου

128 2725 272 2807 γεγονότα,
284 2723 330 2783 καὶ
342 2722 392 2786 τοίς
404 2726 535 2803 γυναῖκας
548 2726 577 2782 ε’ν
591 2720 714 2800 θωύματι
724 2723 865 2803 γενέσθαι·
878 2721 929 2783 τδν

129 2814 160 2872 δὲ
180 2809 439 2890 διαμνημονεύοντα,
455 2809 526 2868 οὕτω
544 2809 587 2885 δή,
608 2811 669 2870 ε’πεί
687 2836 718 2870 τε
736 2808 863 2888 οἶνδρόθη
882 2810 929 2869 καὶ

129 2902 196 2981 ἔσχε
214 2900 266 2976 τήν
284 2898 451 2975 βασιληίην,
464 2897 641 2972 ποιήσασθαι
658 2897 710 2974 τὴν
729 2897 771 2957 ἐπ’
785 2899 929 2978 Αἴγυπτον

130 2989 291 3066 στρατηίην.

91 3081 110 3137 4
164 3074 314 3152 Συνήνεικε
328 3073 357 3133 δὲ
367 3073 413 3132 καὶ
423 3070 497 3133 ἄλλο
510 3100 538 3133 τι
550 3072 657 3134 τοιόνδε
669 3076 788 3153 πρῆγμα
796 3074 929 3154 γενέσθαι

51 3178 62 3259 η
111 3167 142 3226 ές
153 3163 211 3240 τήν
220 3161 446 3244 ἐπιστράτευσιν
460 3162 573 3240 ταύτην.
603 3160 638 3238 ἦν
647 3164 702 3222 τῶν
716 3161 862 3235 ἐπικούρων
873 3165 929 3221 τῶν

100 3246 252 3326 Ἀμάσιος
265 3253 345 3335 α’νὴρ
359 3254 447 3340 γένος
462 3257 515 3334 μὲν
526 3247 791 3341 ιΑδικαρυησσεἰς,
802 3245 947 3318 οἶιυοραδί
