2040 3464
82 111 208 177 ιο-ιαο]
400 115 563 164 mama.
837 114 886 162 ιιι

84 192 273 269 Κερκάσωρον
285 191 391 274 πόλιν]
409 199 435 256 ἐς
448 195 478 253 δὲ
492 193 652 269 Ναύκρατιν
665 190 722 254 οἷπδ
736 190 887 268 θαλάσσης

83 282 129 340 καὶ
143 281 285 357 Κανώβου
301 281 346 340 διαὶ
366 282 463 341 πεδίου
483 283 585 354 πλέων,
599 281 674 354 ἥξεις
690 280 748 340 κατ’
763 279 885 340 Ἀνθυλ·

82 367 138 428 λάν
149 394 182 427 τε
194 368 287 440 πόλιν,
302 369 347 427 καὶ
360 368 413 444 τήν
424 369 598 448 Ἀρχάνδρου
612 372 792 445 καλευμένην·
816 373 884 428 Του-
893 368 931 428 98

81 457 151 516 τέων
172 457 202 515 δέ
223 455 242 532 ἦ
263 459 315 533 μέν
332 454 490 526 Ἀνθυλλα,
510 461 597 515 ἐοῦσα
618 457 724 536 λογίμη
745 455 836 526 πόλις,
858 460 885 520 ές

82 542 249 620 ὑποδήματα
263 544 400 621 ἐξαίρετος
418 545 523 603 διδοται
541 549 592 604 τοῦ
610 545 663 602 αἰεὶ
680 544 884 620 βασιλεύοντος

83 633 226 712 Αἰγύπτου
249 637 285 712 τῇ
308 634 423 714 γυναικί.
467 637 561 712 (τοῦτο
583 634 613 692 δὲ
635 633 741 713 γίνεται
763 632 794 702 ἐξ
813 632 884 694 ὅσου

83 719 138 779 ύπύ
164 721 300 799 Πέρσῃσί
322 725 384 781 ε’στι
405 721 568 802 Αἴγυπτος.)
609 719 628 795 ἦ
649 720 679 780 δὲ
701 720 779 798 ἑτέρη
800 720 884 785 πόλις

83 807 171 867 δοκέει
183 835 234 885 μοι
245 809 278 868 τῦ
289 807 395 885 οὔνομα
406 810 479 888 ἔχειν
491 808 547 867 α’πό
557 811 608 867 τοῦ
619 813 732 868 Δαναοῦ
741 810 883 889 γαμβροῦ,

82 893 255 974 Ἀρχάνδρου
275 900 325 956 τοῦ
346 897 441 967 Φθίου,
463 901 513 956 τοῦ
529 895 656 975 Ἀχαιοῦ·
678 896 807 956 καλέεται
826 895 883 977 γάρ

83 983 118 1058 δή
139 983 312 1063 Ἀρχάνδρου
339 985 431 1047 πόλις.
474 984 516 1060 εἴη
544 983 566 1042 δ’
593 982 627 1044 ἂν
654 985 700 1042 καὶ
727 983 815 1048 ἄλλος
841 1009 883 1048 τις

79 1069 262 1149 Ἀρχανδρος·
284 1071 316 1131 ού
329 1072 424 1149 μέντοι
436 1098 470 1151 γε
483 1071 635 1153 Αἰγύπτιον
648 1072 681 1132 τό
695 1070 809 1149 οὕνομα.

124 1160 218 1237 Μέχρι
238 1162 290 1236 μέν
311 1159 411 1219 τούτου
433 1159 497 1236 ὄψις
519 1186 550 1219 τε
574 1162 627 1235 ε’μή
650 1160 696 1217 καὶ
718 1159 815 1240 γνώμη
837 1159 929 1221 καὶ99

84 1248 194 1322 ἶστορίη
207 1253 295 1307 ταῦτα
309 1247 435 1328 λέγουσιί
449 1253 519 1306 ε’στι·
534 1247 567 1307 τό
583 1249 612 1306 δὲ
626 1247 683 1306 αἶπδ
699 1247 789 1316 τοῦδε,
799 1251 882 1327 Αἰγυ-

83 1335 179 1397 πτίους
192 1337 310 1413 ἔρχομαι
322 1334 425 1416 λόγους
440 1337 522 1412 ἐρέων
536 1335 606 1394 κατοὶ
615 1335 651 1394 τά
662 1334 772 1411 ἤκουον·
793 1360 882 1410 προσ·

83 1422 165 1481 έσται
179 1423 208 1480 δέ
222 1423 336 1482 αι’ταῖσί
347 1451 374 1482 τι
388 1425 497 1498 καὶτῆς
516 1427 584 1499 ἐμῆς
601 1422 690 1501 ὄψιος.
731 1421 781 1481 τόν
795 1426 882 1497 Μῆνα

82 1509 132 1569 τόν
145 1515 254 1587 πρῶτον
267 1512 484 1587 βασιλεύσαντα
499 1510 649 1591 Αἰγύπτου,
662 1514 688 1568 οἱ
704 1510 772 1585 ἱρέες
785 1510 883 1590 ἔλεγον

81 1603 166 1658 τοῦτο
192 1602 244 1674 μέν
271 1600 494 1680 ἀπογεφυρῶσαι
518 1600 564 1657 καὶ
587 1598 640 1673 τήν
664 1597 883 1674 Μέμφιν-τᾶν

82 1687 137 1766 γάρ
151 1688 280 1763 ποταμόν
293 1688 385 1748 πάντα
398 1689 470 1763 ῥέειν
479 1686 556 1764 παρά
569 1686 601 1747 τύ
616 1685 680 1763 ὅρος
692 1685 724 1745 τῦ
740 1685 882 1764 ψάμμινον

82 1773 153 1850 πρῦς
165 1774 283 1851 Λιβύης,
303 1776 354 1835 τόν
370 1776 400 1834 δὲ
416 1779 503 1851 Μῆια
519 1774 630 1844 ἄνωθεν,
650 1773 719 1834 ὅσον
736 1800 767 1834 τε
786 1773 882 1834 έκατδν

83 1862 214 1925 σταδίους
221 1862 276 1922 οἷπὸ
287 1864 429 1939 Μέμφιος,
440 1864 489 1922 τὸν
499 1864 569 1940 πρὸς
579 1862 762 1939 μεσαμβρίης
772 1860 884 1942 άγκιῦνα

83 1949 301 2028 προσχώσαντα,
322 1951 355 2010 τῦ
376 1954 427 2026 μέν
443 1950 561 2030 άρχαῖον
577 1952 691 2028 ῥέεθρον
711 1948 883 2027 οἷποξηράναι

82 2038 132 2097 cdv
154 2039 184 2097 δὲ
206 2039 334 2115 ποταμόν
358 2038 514 2117 ὀχετεῦσαι,
536 2039 568 2098 τό
592 2040 681 2115 μέσον
703 2042 759 2097 τών
783 2037 884 2111 αι’·ρέων

82 2126 163 2201 ῥέειν·
185 2127 224 2186 ἔτι
237 2126 267 2185 δὲ
281 2128 327 2184 καὶ
340 2131 388 2186 νῦν
401 2124 456 2185 ύπδ
467 2128 600 2202 Περσέων
609 2126 624 2186 ὁ
634 2125 726 2207 α’γκών
740 2123 820 2187 οὗτος
832 2130 882 2184 τοῦ

34 2258 36 2263 >
83 2217 190 2299 Νείλου
211 2213 242 2277 ὃς
263 2213 435 2294 ἀπεργμένος
454 2215 510 2289 ῥέει
532 2219 561 2272 έν
577 2217 725 2292 φυλακῇσι
739 2212 883 2293 μεγάλησι

82 2302 183 2378 ἔχεται,
199 2302 399 2378 φρασσόμενος
414 2300 467 2360 α’νοὶ
481 2305 538 2360 πᾶν
552 2304 620 2365 ἔτος·
643 2306 667 2360 εἰ
683 2301 739 2381 γάρ
754 2299 883 2374 ἐθελήσει

81 2387 168 2464 ῥήξας
187 2389 345 2466 ὑπερβῆναι
366 2389 381 2448 ὁ
402 2389 527 2466 ποταμός
546 2390 641 2466 ταύτῃ,
661 2387 783 2450 κίνδυνος
802 2386 883 2466 πάσῃ

83 2478 187 2552 Μέμφι
201 2479 431 2552 κατακλυσθῆναί
442 2477 591 2539 ἔστα-ὥς
604 2477 633 2534 δὲ
646 2479 685 2554 τῷ
698 2478 776 2549 Μῆνι
794 2473 882 2553 τούτῳ

81 2568 120 2642 τῷ
140 2565 239 2643 πρώτῳ
259 2572 398 2644 γενομένῳ
419 2565 540 2640 βασιλέι
560 2565 665 2643 χέρσον
685 2562 829 2642 γεγονέναι
848 2561 882 2621 τό

81 2651 266 2733 άπεργμένον,
277 2657 361 2712 τοῦτο
374 2655 426 2728 μέν
439 2657 469 2712 έν
482 2651 556 2730 αὐτῷ
568 2653 653 2710 πόλιν
663 2650 758 2708 κτίσαι
769 2648 882 2724 ταύτην,

81 2739 142 2813 ἥτις
160 2744 209 2800 νῦν
222 2741 340 2816 Μέμφις
356 2740 494 2799 καλέεται·
516 2739 577 2798 ἔστι
594 2737 649 2819 γάρ
669 2737 715 2795 καὶ
731 2735 751 2810 ἦ
765 2736 883 2813 Μέμφις

82 2833 111 2888 έν
124 2833 163 2906 τῷ
177 2832 275 2906 στεινῷ
287 2831 338 2903 τῆς
354 2826 507 2908 Αἰγύπτου·
528 2826 626 2895 ἔξωθεν
646 2825 675 2883 δὲ
692 2818 777 2900 αύπῆς
792 2849 883 2901 περιο·

82 2920 163 2991 ρύξαι
184 2916 287 2992 λίμνην
301 2921 331 2974 ἐκ
351 2918 401 2975 τοῦ
421 2918 552 2990 ποταμοῦ
571 2913 642 2990 πρὸς
661 2912 767 2989 βορέην
786 2937 817 2971 τε
838 2916 884 2970 καὶ

82 3003 152 3079 πρδς
166 3004 297 3078 ἕσπέρην·
315 3002 350 3063 τὰ
368 3001 424 3083 γάρ
442 3001 514 3078 πρὸς
532 3000 584 3076 τήν
597 2998 638 3075 ἠῶ
655 3000 737 3062 αύτῦς
750 2999 765 3060 ὁ
780 3003 884 3063 Νεῖλος

81 3089 208 3170 ἀπέργει·
228 3095 312 3150 τοῦτο
332 3091 370 3158 δὲ,
391 3094 442 3148 τοῦ
459 3089 623 3165 Ἡφαίστου
643 3088 678 3149 τδ
696 3087 757 3165 ἰρδν
774 3086 895 3164 ἱδρῦσα·

83 3179 152 3237 σθαι
176 3183 206 3236 έν
228 3177 306 3256 ου’τῇ,
329 3177 376 3238 έδν
396 3178 474 3260 μέγα
494 3205 526 3240 τε
554 3179 602 3239 καὶ
627 3174 922 3259 ἆξιαπηγητδταῒῦν·

900 3244 993 3310 m

72 3264 168 3386 Μετφ3
181 3265 213 3322 δέ
239 3269 349 3339 τοῦτον,
373 3272 541 3354 κατέλεγον
570 3273 600 3332 οἱ
621 3271 703 3350 ἱρέες
728 3272 763 3326 ’ἐκ
791 3261 904 3340 βλβδῦ
