2040 3464
127 108 157 154 ιι
424 107 606 155 Ἡνοιουου
884 106 921 168 [L

594 187 603 208 Ι
654 184 662 204 2
691 186 699 207 Ι

126 187 172 244 καὶ
180 188 286 262 τροπήν
296 187 418 261 ποιήσας
430 191 485 246 τῶν
496 190 637 263 πολεμιων
644 186 765 245 απεθανε
772 184 925 245 κάλλιστα·

127 273 175 330 καί
191 299 240 348 μιν
257 271 399 348 Ἀθηναῖοι
419 274 540 351 δημοσίῃ
559 299 591 332 τε
610 274 717 351 ἔθαψαν
737 272 821 331 αὑτοῦ
835 276 928 351 τῇπερ

126 359 217 429 ἔπεσε,
232 361 278 418 καὶ
292 362 426 436 ἐτίμησαν
439 359 592 438 milon-¹⁸

79 448 114 506 51
165 445 214 508 Ὡς
227 447 257 505 δὲ
272 446 308 506 τά
324 447 394 505 κατά
406 448 455 507 τάν
467 449 576 505 Τέλλον
588 447 780 523 προετρέψατο
794 447 811 505 ἀ
828 446 928 509 Σόλων

124 533 174 591 τάν
184 537 310 608 Κροῖσον
320 535 397 596 εἶπας
406 532 504 592 πολλά
515 559 546 592 τε
556 534 603 592 καὶ
612 533 709 609 ὄλβια,
721 532 854 609 ἐπειρώτα
863 535 928 594 τίνα

125 618 250 695 δεύτερον
268 619 328 696 μετ’
347 624 449 679 ἐκεῖνον
468 620 534 688 ἴδοις
555 620 656 678 δοκέων
675 620 771 700 πάγχυ
788 620 926 697 δειπερεῖα

125 711 182 784 γῶν
199 708 338 776 οἴσεσθαι,
357 707 373 765 ὁ
389 707 419 766 δὲ
437 706 507 766 εἶπε·
528 707 678 782 ((Κλέοβίν
693 732 724 766 τε
742 706 789 764 καὶ
806 707 926 767 Βίτωνα·

124 792 249 852 τούτοισι
261 794 324 873 γάρ,
339 798 416 853 ἐοῦσι
432 795 512 873 γένος
523 791 684 872 Ἀργείοισι,
698 794 764 868 βίος
775 818 807 852 τε
821 791 927 869 ἀρκέων

126 879 198 954 ῦπῆν
216 881 262 938 καὶ
279 877 349 957 πρὸς
364 880 452 959 τούτῳ
467 880 546 957 ῥώμη
560 880 688 957 σώματος
702 879 805 955 τοιήδε·
826 879 926 940 ἀεθλο-

43 1003 47 1011 -
127 967 211 1043 φόροι
226 993 259 1027 τε
271 966 426 1045 ἀμφότεροι
440 967 539 1043 ὁμοίως
551 968 634 1042 ἦσαν,
648 968 694 1025 καὶ
733 967 801 1025 *ml
813 967 927 1047 λέγεται

126 1053 172 1112 ὅδε
185 1054 201 1113 ὁ
214 1053 309 1135 λόγος·
331 1053 430 1130 ἐούσης
442 1053 526 1131 ἀρτῆς
537 1059 573 1133 τῆ
584 1053 661 1132 Ἥρη
673 1057 750 1113 τοῖσι
761 1052 925 1132 Ἀργείοισι,

127 1142 184 1200 ἔδεε
195 1140 304 1204 πάντως
319 1141 370 1216 τῆν
382 1142 489 1219 μητέρα
507 1140 595 1200 αὐτῶν
611 1141 700 1220 ζεύγεϊ
715 1141 882 1215 κομισθῆναι
897 1147 927 1207 ἐς

127 1228 160 1289 τῦ
173 1227 241 1304 ἱράν·
262 1232 289 1287 οἱ
301 1227 333 1287 δέ
345 1235 401 1304 σφι
413 1227 481 1304 βόες
495 1233 524 1286 ἐκ
537 1232 586 1287 τοῦ
600 1226 686 1306 ἀγροῦ
700 1226 731 1286 οῦ
744 1228 926 1307 παρεγίνοντο
955 1298 957 1302 ¹

127 1320 155 1375 ἐν
169 1315 233 1395 ὥρη·
251 1315 441 1392 ἐκκληῖάμενοι
453 1315 483 1374 δὲ
495 1319 531 1393 τῆ
545 1314 600 1394 ὥρη
614 1317 641 1372 οἷ
654 1314 764 1389 νεηνίαι,
777 1313 924 1379 ὑποδύντες

125 1402 204 1462 αὐτοὶ
220 1402 275 1464 ῦπά
294 1402 347 1478 τῆν
365 1401 482 1484 ζεύγλην
499 1403 592 1461 εἷλκον
606 1399 659 1476 τῆν
676 1401 793 1477 ἅμαξαν,
810 1401 855 1459 ἐπὶ
874 1407 926 1478 τῆς

126 1489 233 1566 ἀμάξης
246 1490 277 1550 δέ
285 1497 342 1565 σφι
351 1488 476 1568 ἀχέετοῆ
488 1487 590 1567 μήτηρ·
607 1488 736 1551 σταδίους
745 1488 775 1546 δὲ
786 1488 869 1548 πέντε
879 1490 926 1548 καὶ

125 1576 332 1654 τεσσεράκοντα
354 1576 564 1651 διακομίσαντες
585 1575 717 1634 ἀπίκοντο
743 1580 771 1638 ἐς
795 1574 828 1635 vc}
855 1576 926 1653 ἲράν·

125 1669 212 1724 ταῦτα
224 1664 255 1722 δέ
267 1671 324 1740 σφι
336 1663 475 1739 ποιήσασι
488 1664 534 1721 καὶ
546 1662 662 1738 ὀφθεῖσι
674 1661 729 1722 ῦπά
741 1667 792 1737 τῆς
804 1663 925 1744 πανηγύ-

125 1776 184 1825 ριος
195 1751 310 1826 τελενιῆ
323 1755 372 1809 τοῦ
385 1751 452 1826 βίου
465 1749 566 1826 ἀρίστη
577 1750 729 1830 ἐπεγένετο·
743 1750 844 1818 διέδεξέ
854 1777 886 1810 τε
895 1757 926 1812 ἐν

126 1837 250 1896 τούτοισι
270 1837 286 1896 ὁ
307 1837 376 1907 θεάς,
396 1836 431 1900 ώς
450 1835 562 1913 ἄμεινον
582 1837 624 1912 εἴη
644 1835 778 1916 ἀνθρώπῳ
797 1837 925 1898 τεθνάναι

125 1924 266 2001 μάλλονῆ
279 1922 364 1995 ζώειν·
376 1923 499 2001 ’Λργεῖοι
511 1923 625 2003 μὲνγὰρ
635 1923 813 1999 περιστάντες
823 1925 925 2000 ἐμακά-

124 2013 201 2089 ριζον
219 2015 274 2074 τιῦν
293 2011 418 2087 νεηνιέων
437 2011 488 2086 τῆν
507 2010 611 2088 ῥώμην·
632 2014 661 2069 αἱ
681 2010 711 2069 δὲ
729 2009 854 2089 Ἀργεῖαι
871 2012 925 2087 τῆν

125 2100 232 2176 μητέρα
254 2096 352 2167 αῦτῶν,
376 2098 439 2159 οἴων
461 2099 562 2157 τέκνων
585 2097 710 2174 ἐκύρησε·
736 2097 755 2173 ῆ
780 2099 809 2156 δὲ
830 2097 923 2177 μήτηρ

125 2185 277 2265 περιχαρής
297 2190 383 2246 ἐοῦσα
402 2190 440 2264 τῷ
459 2211 489 2245 τε
510 2187 579 2265 ἔργῳ
600 2186 646 2243 καὶ
664 2189 700 2262 τῆ
721 2184 810 2264 φήμῃ,
827 2190 924 2246 στιῖσα

126 2272 218 2332 ἀντίον
233 2278 283 2333 τοῦ
299 2272 460 2353 ἀγάλματος
476 2271 571 2351 εὔχετο
588 2272 704 2348 Κλέοβί
713 2297 744 2331 τε
757 2273 803 2330 καὶ
816 2272 922 2344 Βίτωνι,

125 2364 201 2419 τοῖσι
214 2364 314 2435 ἑωυτῆς
326 2361 456 2429 τέκνοισι,
471 2359 500 2418 οἶ
510 2385 558 2435 μιν
569 2360 703 2434 ἐτίμησαν
714 2357 851 2438 μεγάλως,
863 2359 924 2419 δοῦ-

126 2473 171 2507 ναι
186 2447 237 2522 τῆν
252 2446 315 2506 θεάν
329 2447 363 2506 τά
379 2446 511 2526 ἀνθρώπῳ
524 2450 617 2524 τυχεῖν
633 2444 748 2523 άριστάν
762 2451 832 2505 ἐστι·
852 2447 925 2522 μετὰ

125 2533 227 2608 ταύτην
240 2533 269 2592 δὲ
284 2533 336 2608 τῆν
349 2532 440 2612 εὐχήν,
455 2534 490 2597 ώς
507 2532 609 2593 ἔθυσάν
624 2559 655 2593 τε
671 2535 717 2591 καὶ
734 2531 924 2611 εὐωχήθησαν,

127 2621 371 2698 κατακοιμηθέντες
392 2625 420 2680 ἐν
440 2620 512 2699 αὐτῷ
533 2625 571 2699 τῷ
592 2623 639 2698 ἱρῷ
658 2623 685 2679 οἱ
707 2619 810 2695 νεηνίαι
833 2618 924 2680 οὐκέτι

126 2706 293 2784 ἀνέστησαν,
308 2706 373 2766 ἀλλ’
387 2713 416 2766 ἐν
428 2708 504 2766 τέλει
515 2707 602 2784 τούτῳ
616 2709 742 2785 ἐσχοντο·
758 2705 880 2787 Ἀργεῖοι
892 2707 925 2768 δέ

126 2802 221 2870 σφεων
235 2793 339 2856 εἰκόνας
351 2793 536 2870 ποιησάμενοι
549 2793 683 2867 ἀνέθεσαν
697 2799 723 2856 ἐς
737 2793 877 2869 Δελφοῦς,
888 2794 923 2857 ἀς

53 2923 57 2930 -
126 2881 229 2958 ἀνδρῶν
241 2879 362 2958 ἀρίστων
373 2880 551 2961 γενομένων.”

82 2971 116 3032 32
166 2968 263 3033 Σόλων
272 2970 323 3044 μὲν
333 2967 367 3043 δῆ
378 2967 548 3044 εὐδαιμονίης
556 2967 693 3045 δευτερεῖα
703 2968 781 3044 ἔνεμε
788 2966 922 3027 τούτοισι.

126 3060 251 3132 Κροῖσος
267 3056 296 3113 δὲ
312 3055 461 3132 σπερχθεὶς
477 3054 546 3113 εἶπε·
567 3053 609 3113 “ὦ
626 3056 696 3123 ξεῖνε
707 3053 877 3130 Ἀθηναῖε,ῆ
893 3055 922 3113 δέ

113 3140 239 3217 ῃῙιιετήοη
251 3141 413 3219 εὕδωιμονίη
426 3141 496 3202 οὕτω
508 3166 553 3200 τοι
565 3139 729 3219 ἀπέρριπται
742 3147 769 3204 ἐς
783 3140 817 3201 τῦ
829 3142 922 3217 μηδὲν,

94 3220 177 3281 ὥστε
191 3226 260 3285 ον’ὃέ
275 3229 410 3291 ἰδιωτέων
427 3228 540 3307 ἀνδρῶν
557 3228 652 3300 ἀξίους
663 3228 754 3307 ἡμέας
770 3224 927 3299 ἐποίησας·,“
