2040 3464
83 105 223 170 114-116]
403 108 565 157 ΕΥΤΕΡΠΙῙ.
834 113 878 156 161

80 182 180 243 όκόθεν
202 186 296 245 πλέοι·
322 186 393 262 μετὰ
417 188 454 256 δὲ,
479 187 495 246 ὁ
520 186 649 264 Πρωτεύς
676 185 774 262 εἰρώτα
798 184 882 245 αὐτόν

80 269 178 331 ὁκόθεν
205 273 257 347 τήν
283 273 401 349 Ἑλένην
426 274 534 350 λάβοι;
569 275 751 350 πλανωμένου
778 273 808 332 δὲ
833 277 883 333 τοῦ

79 356 265 438 Ἀλεξάνδρου
285 367 366 441 ἐντῷ
382 362 458 443 λόγῳ
476 364 522 420 καὶ
540 361 573 420 ου’
592 362 724 441 λέγοντος
743 360 795 436 τήν
815 359 883 437 άλη-

81 446 169 521 θηίην,
179 447 303 529 ἤλεγχον
314 453 340 508 οἱ
352 449 495 530 γενόμενοι
507 449 593 508 ἱκέται
607 448 782 528 ἐξηγεύμενοι
792 448 884 509 πάντα

81 535 169 615 λόγον
182 539 232 594 τοῦ
246 535 424 613 ἀδικήματος·
445 538 527 599 τέλος
541 537 570 594 δὲ
584 535 618 610 δή
633 542 688 611 σφι
701 535 789 617 λόγον
802 535 882 595 τόνδε

82 623 206 697 ἐκφαίνει
229 622 245 683 ό
265 624 403 701 Πρωτεδς,
429 625 519 705 λέγων
544 623 587 683 ότι
611 624 687 705 “ε’γώ
709 629 733 682 εἰ
755 625 796 700 μή
819 625 885 701 περὶ

82 714 194 770 πολλοῦ
213 710 338 792 ἡγεόμην
363 713 469 788 μηδένα
495 712 590 781 ξείνων
611 712 732 784 κτείνειν,
754 710 818 770 ὅσοι
838 711 884 770 ὑπ’

84 796 189 872 ἐνέμων
211 798 265 874 ἤδη
287 799 522 877 ἀπολαμφθέντες
547 799 638 874 ἦλθον
659 804 686 862 ἐς
712 799 806 878 χώρην
832 799 884 875 τήν

83 885 161 960 ἐμὴν,
175 886 229 966 ἐγώ
242 885 276 946 ἄν
289 913 324 946 σε
339 886 408 964 ὑπὲρ
422 891 472 947 τοῦ
485 887 627 963 Ἕλληνος
641 887 785 963 ἐτισάμην·
807 887 845 957 ὃς,
860 886 882 946 ὦ

85 971 198 1032 κάκιστε
222 973 334 1052 ἀνδρῶν,
356 975 460 1044 ξεινίων
479 975 570 1054 τυχών
592 975 672 1054 ἔργον
695 974 884 1034 ἀνοσιώτατον

84 1059 217 1140 ἐργάσαο,
245 1062 322 1140 παροὶ
348 1067 398 1122 τοῦ
424 1067 548 1122 σεωυτοῦ
574 1063 664 1132 ξείνου
689 1062 742 1138 τήν
767 1066 885 1143 γυναῖκα

84 1146 179 1221 ἦλθες·
201 1150 247 1210 καὶ
265 1149 345 1227 μάλα
363 1151 451 1210 ταῦτά
467 1176 512 1209 τοι
528 1149 577 1209 οὐκ
596 1149 708 1226 ἤρκεσε,
725 1149 802 1208 άλλοὶ
821 1151 884 1209 οἶνα·
950 1205 964 1219 υ

84 1235 229 1311 πτερώσας
253 1236 339 1312 αὐτήν
360 1239 450 1317 οἴχεαι
478 1239 547 1316 έχων
568 1239 715 1314 ἐκκλέψας·
751 1239 796 1295 καὶ
823 1237 886 1296 οὐδὲ
947 1240 966 1315 j

85 1324 173 1383 ταῦτά
199 1351 244 1385 τοι
269 1331 361 1402 μοῦνα
382 1325 493 1402 ήρκεσε,
519 1325 595 1384 ἀλλά
618 1327 663 1383 καὶ
684 1325 719 1383 τά
741 1326 815 1384 οἰκία
836 1331 887 1384 τοῦ
916 1361 973 1415 Ψ,

85 1411 174 1480 ξείνου
188 1413 415 1490 κεραίσαςῆκεις.
457 1418 505 1473 νῦν
523 1413 568 1483 ὧν,
583 1413 676 1487 ἐπειδή
695 1413 759 1488 περὶ
774 1418 887 1472 πολλοῦ
934 1418 971 1452 ¹*

85 1498 192 1580 ἥγημαι
204 1501 244 1576 μή
259 1502 461 1570 ξεινοκτονέειν,
474 1505 592 1581 γυναῖκα
609 1504 661 1577 μὲν
676 1501 780 1576 ταύτην
793 1501 839 1559 καὶ
852 1501 887 1560 τοὶ
923 1536 994 1583 »Ἢ

85 1587 218 1666 χρήματα
232 1587 265 1648 οὗ
280 1615 325 1648 τοι
338 1589 454 1665 προήσω
471 1587 639 1669 ἀπάγεσθαι,
654 1587 731 1646 ἄλλά
748 1587 817 1646 αὐτοὶ
832 1588 886 1668 ἐγώ
941 1566 967 1637 λ

85 1679 124 1755 τῷ
144 1675 267 1752 Ἕλληνι
294 1678 372 1756 ξείνῳ
396 1676 521 1752 φυλάξω,
541 1682 569 1739 ἐς
590 1676 606 1735 δ
630 1674 664 1735 ἂν
691 1675 773 1739 αὐτός
800 1677 888 1737 ἐλθών
956 1708 1003 1754 >x

87 1767 189 1827 ἐκεῖνος
210 1764 407 1846 α’παγαγέσθαι
429 1765 522 1842 ἐθέλῃ·
550 1762 634 1823 αότδν
654 1764 684 1822 δὲ
704 1767 738 1824 σὲ
759 1765 805 1822 καὶ
824 1764 889 1829 τοδς
937 1764 968 1811 ¹

87 1852 156 1914 σούς
170 1853 335 1928 συμπλόους
353 1857 436 1930 τριῶν
453 1853 577 1929 ἡμερέων
592 1852 772 1931 προαγορεύω
793 1857 823 1911 ἐκ
838 1858 889 1929 τῆς

88 1944 157 2015 ἐμῆς
176 1945 229 2020 γῆς
249 1946 277 2004 ἐς
297 1940 390 2015 ἄλλην
410 1941 472 1999 τινοὶ
492 1940 718 2017 μετορμίζεσθαι·
744 1940 817 2000 εἰδὲ
837 1942 887 2018 μή,

88 2026 137 2086 ἅτε
149 2029 300 2105 πολεμίους
313 2027 523 2106 περιέψεσθαι.”

128 2115 243 2193 Ἑλένης
257 2119 309 2194 μὲν
322 2117 425 2191 ταύτην
438 2115 532 2184 ἄπιξιν
545 2115 623 2193 παρὰ
637 2117 755 2192 Πρωτέα
770 2118 867 2197 ἔλεγον
878 2120 934 2177 116

88 2207 115 2262 οἱ
137 2205 206 2280 ἱρέες
226 2205 367 2284 γενέσθαι·
396 2205 484 2262 δοκέει
506 2205 536 2262 δέ
557 2230 607 2281 μοι
629 2206 675 2262 καὶ
691 2204 819 2282 Ὅμηρος
839 2207 888 2264 τόν

88 2291 176 2372 λόγον
189 2297 288 2352 τοῦτον
303 2294 452 2351 πυθέσθαι·
475 2291 540 2349 ἀλλ’
555 2291 589 2350 ov’
603 2292 657 2372 γάρ
672 2292 773 2368 ὁμοίως
790 2298 817 2355 ἐς
835 2295 887 2368 τήν

89 2381 233 2455 ἐποποιίην
247 2380 384 2457 είπρεπής
397 2379 432 2454 ἦν
444 2384 483 2458 τῷ
496 2381 578 2458 ἑτέρῳ
590 2384 681 2456 τῷπερ
696 2381 846 2457 ἐχρήσατο,
859 2387 887 2444 ἐς

89 2467 106 2526 ὃ
113 2472 216 2544 μετῆκε
224 2467 309 2527 αὐτόν
319 2467 449 2543 δηλώσας
460 2466 493 2530 ώς
509 2469 554 2526 καὶ
567 2471 665 2525 τοῦτον
680 2469 825 2526 ἐπίσταιτο
839 2468 888 2528 τίν

89 2555 186 2634 λόγον.
213 2556 300 2630 δῆλον
318 2556 356 2614 δέ·
379 2555 449 2614 κατὰ
466 2555 522 2635 γάρ
536 2555 652 2629 ἐποίησε
671 2559 700 2613 ἐν
714 2553 815 2613 Ἰλιάδι
831 2556 889 2634 (καὶ

91 2641 196 2719 οὐδαμῆ
214 2640 291 2722 άλλη
307 2642 456 2703 οἷνεπόδισε
478 2641 589 2722 ἑωυτόν)
607 2642 718 2718 πλάνην
730 2642 782 2716 τήν
793 2642 889 2713 Ἀλεξ-

89 2730 197 2808 άνδρου,
215 2731 250 2794 ὦς
268 2732 423 2810 άπηνείχθη
442 2731 517 2811 άγων
532 2731 650 2805 Ἑλένην
666 2757 701 2808 τη
718 2757 748 2789 τε
765 2731 799 2806 δή
813 2731 890 2812 ἄλλῃ

89 2819 263 2896 πλαζόμενος
277 2822 323 2878 καὶ
338 2819 372 2882 ώς
387 2825 414 2881 ἐς
427 2819 534 2880 Σιδῶνα
546 2823 597 2892 τῆς
610 2820 739 2894 Φοινίκης
752 2814 876 2879 οἷπίκετο.

129 2907 332 2984 Ἐπιμέμνηται
359 2908 388 2965 δὲ
411 2906 496 2965 αὐτοῦ
521 2910 550 2965 ἐν
574 2905 729 2981 Διομήδεος
753 2905 889 2988 άριστείη·

89 2995 168 3075 λέγει
181 2996 211 3053 δὲ
223 2995 258 3054 τά
272 2998 339 3053 ἔπεα
353 2995 433 3054 οότω·
710 3016 711 3019 ’

167 3084 233 3132 Ἔνθ’
250 3087 309 3132 ἔσαν
326 3087 348 3132 οἱ
365 3085 455 3132 πέπλοι
472 3083 637 3141 παμποίκιλοι,
656 3085 716 3145 ἔργα
732 3086 851 3147 γυναικῶν

170 3158 289 3214 Σιδονίων,
309 3157 352 3204 τὰς
364 3157 435 3206 αὐτὸς
449 3155 611 3218 Ἀλέξανδρος
630 3158 738 3216 θεοειδὴς

165 3227 248 3286 ἤγαγε
264 3229 412 3289 Σιδονίηθεν,
434 3231 549 3281 ἐπιπλὼς
569 3231 645 3293 εὐρέα
662 3231 767 3289 πόντον,

158 3299 202 3354 ’θ’
218 3298 273 3346 ὁδὸν
289 3298 322 3359 ἦν
337 3303 445 3365 Ἑλένην
464 3322 516 3369 περ
534 3306 675 3367 ἀνήγαγεν
693 3301 885 3362 εὐπατέρεια».
