2040 3464
101 111 211 175 τι-οι]
413 114 575 162 mama.
853 117 903 163 ιω

100 193 213 264 ξύλινον
235 194 431 270 πεποιημένον,
452 194 646 272 μεμιμημένον
667 199 695 257 ές
715 193 751 254 τά
774 193 903 270 μάλιστα

101 281 148 340 καὶ
162 285 262 361 γραφῇ
278 282 324 339 καὶ
341 284 418 360 ἔργῳ,
435 282 558 362 μέγαθος
574 280 644 341 ὅσον
659 307 691 340 τε
706 281 798 358 πάντη
813 307 902 360 πηχυ-

100 367 197 444 αἳονῆ
216 369 346 448 δίπηχυν·
367 369 472 431 δεικνύς
490 369 519 428 δὲ
538 369 646 448 ἑκάστῳ
664 373 719 428 τῶν
737 371 903 446 συμποτέων

99 457 187 536 λέγει·
208 462 263 519 “ε’ς
279 460 379 516 τοῦτον
395 457 487 533 ὁρέων,
504 457 569 516 πῖνέ
585 483 616 516 τε
633 457 679 515 καὶ
694 457 803 533 τέρπευ·
825 460 902 517 ἔσεαι

98 544 155 623 γοίρ
168 543 317 604 ἀποθανών
333 543 483 607 τοιοῦτος.”
517 548 605 604 ταῦτα
622 548 675 620 μὲν
687 544 764 622 παρά
781 546 817 604 τά
830 572 902 623 συμ·

99 631 189 690 πόσια
200 635 323 690 ποιεῦσι.

141 720 293 796 Πατρίοισι
316 719 347 778 δὲ
369 719 521 797 χρεώμενοι
548 719 670 795 νόμοισι,
691 719 782 778 ἄλλον
804 720 901 780 ούδένα
909 722 946 782 79

100 808 286 867 ε’πικτέωνται.
314 810 392 865 τοῖσι
405 806 482 865 ἄλλα
495 833 526 865 τε
540 807 639 875 έπάξιά
653 813 714 867 ε’στι
728 808 839 884 νόμιμα,
854 810 900 866 καὶ

99 895 133 970 δή
153 896 198 952 καὶ
217 893 321 970 ἄεισμα
340 894 369 953 ἕν
390 899 451 953 έστι
470 895 562 964 Λίνος,
580 894 670 971 ὅσπερ
690 898 717 954 έν
735 922 766 954 τε
784 897 898 974 Φοινίκῃ

99 981 223 1058 άοίδιμός
239 988 301 1040 ε’στι
319 982 365 1039 καὶ
384 985 412 1039 ε’ν
429 981 534 1062 Κύπρῳ
548 984 594 1040 καὶ
613 982 698 1060 άλλη·
721 984 791 1042 κατά
803 986 899 1059 μέντοι

100 1071 178 1128 ἔθνεα
192 1068 298 1146 οὔνομα
312 1070 378 1146 ἔχει·
399 1072 574 1147 συμφέρεται
585 1070 614 1128 δὲ
629 1070 714 1132 οἷυτδς
729 1071 797 1130 εἶναι
810 1072 859 1130 τόν
872 1076 899 1131 οἱ

95 1156 234 1232 ’Έλληνες
251 1158 336 1216 Λίνον
355 1155 535 1231 ὀνομάζοντες
556 1157 690 1216 οἷείδουσι·
713 1158 785 1216 ὥστε
803 1160 900 1217 πολλὰ

98 1248 150 1320 μὲν
165 1245 211 1302 καὶ
229 1243 306 1302 ἄλλα
324 1243 534 1319 άποθωυμάζειν
552 1269 588 1320 με
606 1250 660 1303 τῶν
677 1246 740 1320 περὶ
757 1246 899 1324 Αἴγυπτον

99 1332 205 1401 ἐόντων,
220 1337 249 1390 ἐν
262 1332 292 1389 δὲ
306 1331 340 1405 δή
355 1331 401 1388 καὶ
418 1330 468 1389 τόν
480 1333 563 1390 Λίνον
582 1331 679 1390 ὁκόθεν
696 1334 811 1406 ἔλαβον·
833 1335 897 1407 φαί-

98 1445 192 1479 νονται
210 1420 239 1477 δὲ
255 1417 300 1476 οἷεί
316 1444 379 1477 κοτε
398 1422 499 1477 τοῦτον
520 1419 666 1481 ἀείδοντες·
688 1421 749 1478 ἔστι
770 1420 799 1477 δὲ
815 1425 898 1500 Αἰγυ-

97 1507 195 1566 πτιστὶ
216 1506 232 1565 o‘
252 1507 336 1568 Λίνος
359 1504 527 1582 καλεύμενος
554 1507 697 1582 Μανέρως.
734 1508 845 1581 έφασαν
866 1509 898 1568 δέ

97 1620 146 1669 μιν
159 1593 307 1675 Αἰγύπτιοι
322 1597 373 1652 τοῦ
387 1592 498 1668 πρώτου
511 1594 742 1669 βασιλεύσαντος
753 1595 896 1674 Αἰγύπτου

96 1682 184 1741 παῖδα
203 1681 372 1760 μουνογενέα
393 1681 534 1760 γενέσθαι·
566 1681 743 1741 ἀποθανόντα
767 1683 789 1740 δ’
814 1682 897 1743 αὐτόν

96 1768 201 1847 άνωρον
215 1767 344 1844 θρήνοισι
359 1767 487 1827 τούτοισι
502 1767 549 1827 ὑπ’
563 1771 721 1850 Αἰγυπτίων
735 1772 894 1846 τιμηθῆναι·

96 1858 143 1916 καὶ
160 1856 257 1932 αόιδήν
268 1881 300 1915 τε
317 1855 419 1931 ταύτην
434 1855 547 1933 πριότην
562 1859 607 1915 καὶ
626 1857 732 1934 μούνην
747 1861 835 1933 σφίσι
850 1886 896 1939 γε·

96 1947 204 2006 νέσθαι.
239 1944 434 2020 Συμφέρονται
454 1944 484 2002 δὲ
505 1946 551 2003 καὶ
570 1946 634 2004 τόδε
654 1945 729 2005 ἄλλο
746 1946 895 2027 Αἰγύπτιοι
903 1951 941 2008 80

93 2031 239 2108 Ἑλλήνων
250 2030 380 2109 μούνοισι
392 2032 647 2108 Λακεδαιμονίοισι·
670 2037 696 2092 οἱ
709 2034 835 2112 νεάτεροι
847 2035 894 2095 αύ-

94 2127 148 2182 τῶν
157 2125 234 2181 τοῖσι
246 2119 468 2196 πρεσβυτέροισι
482 2121 717 2200 συντυγχάνοντες
729 2123 834 2182 εἰκουσι
844 2128 896 2198 τῆς

95 2211 160 2271 ὁδοῦ
179 2210 224 2267 καὶ
241 2206 433 2283 ε’κτράπονται,
451 2209 497 2266 καὶ
515 2213 626 2267 ἐπιοῦσι
648 2210 679 2278 ἐξ
700 2211 779 2286 ἕδρης
800 2211 893 2270 ύπανι·

95 2300 203 2359 στέατι.
240 2296 304 2355 τόδε
325 2295 421 2370 μέντοι
440 2294 558 2354 ἄλλοισι
579 2296 724 2372 Ἑλλήνων
745 2299 894 2375 οὐδαμοῖσι

95 2388 298 2463 συμφέρονται·
320 2382 381 2442 άντί
399 2387 449 2441 τοῦ
465 2384 685 2464 προσαγορεύειν
704 2385 848 2459 ἀλλήλους
866 2393 895 2446 ἐν

94 2479 164 2554 τῇσι
180 2474 279 2541 ὁδοῖσι,
294 2473 500 2544 προσκυνέουσι
517 2473 653 2533 κατιέντες
671 2473 755 2549 μέχρι
768 2477 818 2531 τοῦ
831 2474 894 2553 γού-

95 2589 177 2626 νατος
197 2561 248 2636 τήν
268 2563 358 2637 χεῖρα.
400 2557 580 2617 Ένδεδύκασι
601 2560 630 2617 δὲ
652 2561 767 2621 κιθῶνας
787 2562 937 2625 λινέους81

94 2652 159 2728 περὶ
172 2648 208 2709 τά
221 2647 325 2707 σκέλεα
336 2647 518 2715 θυσανωτούς,
530 2647 576 2710 οὓς
591 2647 725 2705 καλέουσι
736 2649 893 2724 καλασίρις·

95 2740 142 2798 ε’τί
159 2737 285 2797 τούτοισι
304 2734 333 2791 δὲ
354 2734 453 2810 εἰρίνεα
474 2735 574 2810 εἵματα
590 2733 677 2792 λευκοὶ
696 2735 895 2810 ε’παναβληδδν

95 2827 242 2902 φορέουσι.
271 2820 303 2880 ού
317 2821 413 2896 μέντοι
427 2823 452 2884 ές
465 2847 498 2901 γε
511 2821 547 2879 τά
562 2821 607 2896 ἶροί
622 2822 772 2896 ἐσφέρεται
787 2822 894 2896 εἰρίνεα,

95 2915 158 2974 οὐδὲ
173 2908 439 2993 συγκαταθάπτεταί
456 2915 521 2983 σφι·
543 2908 575 2966 οὐ
591 2908 645 2988 γάρ
666 2909 756 2969 ὅσιον.
790 2909 896 2984 ὁμολο-

93 3003 190 3080 γέουσι
206 3000 340 3066 δὲταῦτα
358 2999 437 3058 τοῖσι
452 2996 626 3077 Ὀρφικοῖσι
646 2997 857 3075 καλεομένοισι
873 2994 927 3052 mix

78 3091 258 3163 Βακχικοῖσι,
272 3089 355 3145 εὀῦσι
366 3087 397 3148 δὲ
407 3090 610 3173 Αἰγυπτίοισι
623 3090 673 3150 καὶ
684 3081 950 3178 λλυθαηορείοισι·ἵ

66 3171 133 3228 ου’ὃέ
144 3172 203 3250 γάρ
216 3172 329 3235 τούτων
342 3182 403 3240 τῶν
415 3179 532 3266 ὀργίων
548 3182 729 3264 μετέχοντα
741 3175 836 3239 ὅσιόν
850 3172 928 3226 ἔστι
941 3178 973 3211 ‘³'
