2040 3464
127 99 142 142 ι
423 100 605 148 Ἤοοιουου
887 95 920 160 [1.

127 171 196 236 ὅκως
218 173 237 250 ή
259 176 397 250 βασίλεια
421 175 524 244 καλέοι,
549 179 660 251 φοιτᾶν·
684 174 719 237 (ῦς
742 173 772 233 δὲ
794 172 811 234 ό
833 172 922 252 Γύγης

127 259 249 330 ἀπίκετο,
264 263 357 340 ἔλεγεν
377 261 395 337 ή
415 262 484 342 γυνή
501 261 576 322 τάδε·
598 273 616 298 “
625 265 673 321 νῦν
690 287 734 321 τοι
754 261 829 320 δυοῖν
849 260 922 319 όδοῖν

128 348 313 424 παρεουσέων,
327 347 412 428 Γύγη,
427 349 521 425 δίδωμι
535 349 650 425 αἵρεσιν,
662 348 792 425 ὁκοτέρην
805 346 923 424 βούλεαι

128 435 295 510 τραπέσθαι·
316 432 334 511 ἦ
346 434 402 516 γάρ
416 435 582 495 Κανδαύλεα
594 433 757 499 ἀποκτείνας
772 436 822 512 ἐμέ
833 460 864 494 τε
879 434 924 492 καὶ

128 519 181 594 τήν
197 521 354 597 βασιληίην
375 523 420 600 ἔχε
439 522 492 597 τήν
506 520 646 598 Αυδιῦν,ἢ
666 521 752 582 αὐτόν
772 524 807 581 σὲ
827 520 924 579 αὐτίκα

130 606 201 666 οὕτω
218 607 405 683 ἀποθνήσκειν
420 608 470 668 δεῖ·
492 609 528 672 οἷς
545 608 579 668 ἂν
593 609 641 685 μή,
657 608 749 669 πάντα
763 608 925 684 πειθόμενος

131 694 291 772 Κανδαύλῃ,
304 698 354 754 τοῦ
369 699 471 754 λοιποῦ
484 696 543 773 ἶδης
555 696 591 755 τοὶ
608 696 649 772 μή
662 722 697 756 σε
715 696 764 755 δεῖ.
785 693 851 754 ἀλλ’
862 693 925 769 ήτοι

132 779 221 841 κεῖνόν
233 807 267 862 γε
281 780 331 841 τόν
342 786 430 842 ταῦτα
442 780 639 858 βουλεύσαντα
652 783 694 842 δεῖ
705 782 894 850 ἀπόλλυσθαι,
907 779 925 855 ἢ

132 871 167 926 σὲ
187 866 237 928 τόν
257 870 306 944 ε’μέ
326 868 435 948 γυμνήν
455 869 631 947 θηησάμενον
651 871 697 928 καὶ
715 868 874 945 ποιήσαντα
893 866 926 925 ού

133 953 323 1032 νομιζόμενα.”
344 955 360 1014 ό
381 956 410 1014 δέ
429 955 520 1036 Γύγης
539 957 606 1018 τέως
625 958 676 1032 μὲν
694 954 872 1029 οἷπεθάυμαζε
890 953 926 1012 τοὶ

132 1041 279 1122 λεγόμενα·
299 1042 370 1119 μετά
389 1043 426 1112 δέ,
447 1044 547 1102 ἱκέτευε
563 1043 604 1119 μή
621 1069 670 1119 μιν
686 1042 822 1123 άναγκαίῃ
842 1041 926 1099 ἐνδεῖν

133 1128 268 1205 διακρῖναι
279 1128 409 1204 τοιαύτην
420 1129 536 1206 αἵρεσιν·
553 1128 639 1188 ούκων
650 1129 683 1204 δή
695 1130 784 1190 ’ἔπειθε
795 1127 859 1186 ἀλλ’
871 1126 926 1204 ὥρα

133 1215 285 1296 ἀναγκαίην
310 1216 434 1292 ἀληθέως
458 1217 648 1292 προκειμένην,
671 1214 690 1291 ἦ
714 1215 764 1274 τόν
789 1214 927 1273 δεσπότεα

135 1301 292 1362 ἀπολλύναι
307 1301 325 1379 ἢ
341 1302 426 1362 αὐτόν
437 1300 483 1361 ὑπ’
500 1301 594 1361 ἄλλων
607 1303 794 1370 ἀπόλλυσθαι,
808 1302 927 1377 αἱρέεται

135 1389 218 1453 αύτός
233 1394 375 1467 περιεῖναι·
397 1387 529 1465 ἐπειράτα
545 1389 578 1465 δή
595 1390 684 1471 λέγων
696 1388 770 1448 τάδε·
792 1399 809 1423 “
818 1390 879 1447 ἐπεί
891 1414 928 1465 με

135 1475 294 1557 ἀναγκάζεις
307 1475 445 1535 δεσπότεα
454 1476 504 1536 τόν
516 1477 584 1553 ἐμόν
593 1478 713 1546 κτείνειν,
724 1475 773 1534 οῦκ
787 1476 926 1544 ἐθέλοντα,

135 1564 204 1639 φέρε
222 1562 333 1623 οἷκούσω
348 1565 400 1642 τέῳ
417 1564 465 1622 καὶ
481 1564 575 1642 τρόπῳ
591 1563 805 1642 ἐπιχειρήσομεν
820 1560 927 1640 αύτῷ;”

138 1650 155 1724 ἦ
172 1651 201 1709 δὲ
213 1650 404 1727 ύπολαβοῦσα
417 1652 479 1727 ἔφη,
497 1662 514 1687 “
523 1657 553 1710 ἐκ
569 1677 619 1711 του
632 1676 716 1710 αυτου
728 1676 780 1726 μεν
792 1650 893 1728 χωρίου
908 1649 925 1726 ἡ

136 1735 210 1812 όρμή
225 1738 303 1795 ἔσται
317 1737 445 1814 ὅθενπερ
459 1738 504 1794 καὶ
521 1743 621 1801 ἐκεῖνος
637 1741 686 1814 ἐμὲ
702 1738 847 1806 ἐπεδέξατο
859 1763 928 1816 γυμ-

90 1825 127 1883 12
138 1823 195 1898 νήν·
221 1821 368 1900 ῦπνωμένῳ
392 1822 421 1880 δὲ
446 1823 465 1897 ἦ
492 1825 662 1902 ἐπιχείρησις
684 1823 788 1883 ἐσται.”
827 1822 876 1885 Ὡς
899 1823 928 1882 δὲ

135 1909 259 1986 ἤρτυσαν
276 1909 328 1984 τήν
348 1909 512 1986 ἐπιβουλήν,
531 1911 627 1975 νυκτός
646 1910 798 1993 γινομένης,
812 1908 856 1989 (ου’
873 1909 928 1989 γάρ

135 1998 245 2074 μετίετο
255 1996 271 2056 ό
283 1996 381 2077 Γύγης,
393 1996 456 2056 οὐδέ
468 2001 495 2056 οἱ
507 1997 541 2073 ἦν
552 1997 706 2079 ἀπαλλαγή
717 1997 837 2072 οὐδεμία,
852 1995 929 2054 άλλοὶ

137 2085 194 2144 ἔδεε
206 2081 224 2160 ἢ
234 2083 318 2144 αὐτόν
331 2084 506 2144 ἀπολωλέναι
516 2084 534 2162 ἢ
544 2084 730 2164 Κανδαύλεα),
741 2084 833 2142 εἵπετο
845 2088 871 2145 ἐς
880 2084 929 2143 τόν

138 2170 265 2247 θάλαμον
273 2175 308 2250 τῇ
316 2171 433 2252 γυναικί·
447 2172 495 2229 καί
499 2198 547 2249 μιν
556 2173 652 2249 ἐκείνη,
662 2171 824 2253 ἐγχειρίδιον
832 2170 928 2240 δοῦσα,

137 2258 319 2335 κατακρύπτει
331 2258 386 2318 ῦπό
399 2258 450 2334 τήν
463 2257 548 2334 αὐτήν
562 2257 656 2335 θύρην.
690 2259 736 2316 καὶ
750 2257 822 2335 μετά
833 2262 929 2327 ταῦτα,

137 2344 345 2422 ἀναπαυομένου
353 2344 530 2415 Κανδαύλεω,
537 2345 668 2409 ύπεισδύς
675 2372 706 2404 τε
714 2345 759 2404 καὶ
767 2344 930 2408 ἀποκτείνας

138 2431 229 2501 αύτόν,
240 2433 306 2510 ἔσχε
316 2423 361 2490 καὶ
368 2432 420 2508 τήν
426 2436 543 2514 γυναῖκα
551 2432 596 2490 καὶ
605 2432 657 2508 τήν
664 2433 821 2508 βασιληίην
828 2432 929 2512 Γύγης·

137 2519 198 2598 (τοῦ
208 2520 254 2577 καὶ
263 2519 432 2598 Ἀρχίλοχος
444 2518 461 2578 ό
472 2519 585 2595 Πάριος,
595 2520 666 2578 κατά
675 2520 724 2580 τόν
735 2518 819 2578 αὐτόν
828 2519 930 2597 χρόνον

94 2607 128 2666 13
136 2605 289 2687 γενόμενος,
309 2613 338 2666 ἔν
357 2606 450 2685 ἰάμβῳ
466 2607 601 2684 τριμέτρῳ
620 2604 803 2684 ἐπεμνήσθη.)
838 2604 930 2683 Ἔσχε

138 2693 167 2752 δέ
179 2693 231 2768 τήν
243 2695 399 2769 βασιληίην
413 2696 458 2751 καὶ
472 2693 621 2770 ἐκρατύνθη
635 2699 665 2752 ἐκ
681 2697 731 2752 τοῦ
745 2698 773 2750 ἐν
787 2695 931 2767 Δελφοῖσι

137 2780 319 2858 χρηστηρίου·
341 2781 376 2843 ὥς
388 2780 443 2861 γάρ
458 2780 491 2854 δή
505 2783 531 2839 οῖ
544 2780 631 2839 Λυδοὶ
644 2779 732 2839 δεινόν
746 2782 886 2837 ἐποιεῦντο
899 2780 930 2837 τὸ

139 2866 307 2926 Κανδαύλεω
322 2867 412 2931 πάθος
430 2868 475 2925 καὶ
493 2873 521 2926 ἐν
537 2867 653 2927 ὅπλοισι
668 2867 751 2943 ἦσαν,
768 2867 931 2943 συνέβησαν

140 2959 167 3016 ἐς
182 2953 269 3014 τώυτό
286 2956 316 3014 οἵ
330 2981 362 3015 τε
376 2959 426 3015 τοῦ
445 2953 538 3035 Γύγεω
557 2959 712 3014 στασιῶται
730 2955 776 3013 καὶ
792 2957 819 3013 οἱ
838 2957 932 3012 λοιποὶ

139 3042 233 3110 Λυδοὶ,
246 3038 281 3117 ἢν
297 3044 349 3119 μὲν
362 3042 396 3117 δή
412 3040 445 3101 τό
461 3040 633 3120 χρηστήριον
646 3041 732 3120 άνέλη
747 3068 796 3118 μιν
808 3040 933 3117 βασιλέα

45 3116 56 3205 λ
128 3128 201 3184 εἶναι
212 3128 321 3197 Λυδῶν,
336 3127 387 3188 τόν
399 3128 430 3186 δέ
441 3128 614 3205 βασιλεύειν·
631 3126 665 3205 ἢν
679 3129 709 3188 δέ
721 3129 769 3206 μή,
784 3127 934 3187 άποδοῦναι

45 3264 47 3267 .
108 3204 211 3267 ὦκ’σω
228 3215 261 3274 ε’ς·
279 3214 471 3290 Ἡρακλείδας
492 3217 548 3294 τῆν
566 3216 668 3296 ἀρχήν·
692 3215 787 3277 &vem
804 3239 837 3271 τε
850 3213 888 3281 δὴ
907 3214 956 3297 τῦΙ
