2040 3464
121 117 172 165 210
427 114 609 165 ἭΡοΔοτος
854 111 923 176 [ιιι.

123 192 239 268 άληθέα,
253 192 345 272 (ἥκετε
359 192 415 273 γάρ
435 192 572 253 κατόπται
583 195 634 266 τῆς
652 194 720 268 ἐμῆς
735 189 845 271 ἀρχῆς)
860 189 925 250 οὔτε

125 282 226 342 ἐκεῖνος
239 278 308 355 άνήρ
322 285 384 338 ἐστι
398 279 509 342 δίκαιος·
531 284 556 338 εἰ
572 280 628 360 γάρ
641 277 676 353 ἦν
691 278 804 346 δίκαιος,
818 275 875 336 οὔτ’
889 275 927 338 ἂν

125 366 284 443 ἐπεθύμησε
303 366 395 445 χώρης
417 366 508 442 άλλης
528 364 547 442 ἢ
566 371 617 441 τῆς
641 369 741 424 ἑωυτοῦ
765 363 822 424 οὔτ’
842 363 877 424 ἂν
898 370 928 429 ἐς

125 453 297 528 δουλοσύνην
316 453 477 529 ἀνθρώπους
494 453 546 533 ἦγε
561 453 606 512 ὑπ’
625 450 662 512 ὧν
681 452 768 527 μηδὲν
783 450 927 528 ἠδίκηται·

125 546 173 600 νῦν
189 541 219 599 δὲ
242 541 315 620 αύτῷ
331 541 414 610 τόξον
428 541 492 600 τόδε
512 541 631 604 διδόντες
650 540 716 598 τάδε
732 541 799 598 ἔπεα
817 541 927 620 λέγετε·

126 628 266 691 Βασιλεύς
292 628 309 687 ὁ
336 628 477 689 Αἰθιόπων
510 628 701 705 συμβουλεύει
726 631 765 706 τῷ
792 629 928 704 Περσέων

126 717 254 793 βασιλέϊ,
284 716 368 775 ἐπεάν
394 717 465 775 οὕτω
496 716 629 778 εύπετέως
658 716 762 774 ἕλκωσι
794 715 831 775 τά
857 716 930 786 τάξω

129 805 240 880 Πέρσαι
259 804 339 863 ἐόντα
359 804 475 884 μεγάθεϊ
494 808 628 873 τοσαῦτα,
648 801 712 863 τότε
732 801 774 861 ἐπ’
789 803 930 868 Αἰθίοπας

130 891 194 953 τούς
208 891 392 966 Μακροβίους
408 891 512 966 πλήθεϊ
530 891 781 969 ύπερβαλλόμενον
794 891 930 968 στρατεύ-

132 979 223 1038 εσθαι·
247 980 331 1056 μέχρι
349 979 378 1036 δὲ
390 979 489 1038 τούτου
507 980 599 1038 θεοῖσι
619 979 717 1037 εἰδέναι
732 977 823 1056 χάριν,
838 978 866 1037 οἳ
879 978 931 1038 ούκ

132 1066 178 1125 ἐπὶ
191 1064 255 1125 νόον
269 1067 405 1142 τρέπουσι
418 1065 559 1126 Αἰθιόπων
572 1068 655 1126 παισὶ
667 1070 721 1146 γῆν
735 1066 827 1141 ἄλλην
839 1093 930 1142 προσ-

87 1155 253 1214 22κτᾶσθαι
268 1181 303 1231 τη
323 1153 453 1213 ἔωυτών.”
493 1158 588 1212 Ταῦτα
605 1154 635 1213 δὲ
651 1154 737 1222 εἴπας,
751 1153 797 1211 καὶ
811 1152 884 1216 άνείς
896 1155 931 1214 τό

130 1240 221 1310 τόξον,
235 1242 375 1317 παρέδωκε
389 1246 466 1302 τοῖσι
479 1241 589 1317 ἥκουσι·
610 1241 710 1317 λαβών
726 1241 756 1299 δὲ
771 1240 804 1299 τό
820 1241 885 1316 εἷμα
897 1242 930 1301 τό

131 1329 298 1405 πορφύρεον,
317 1329 414 1405 εἰρώτα
434 1329 450 1388 ὅ
469 1356 496 1388 τι
512 1330 553 1405 εἴη
571 1330 616 1388 καὶ
637 1328 705 1391 ὅκως
723 1330 930 1404 πεποιημένον;

133 1416 266 1476 εἰπόντων
292 1417 321 1475 δὲ
340 1421 395 1476 τῶν
415 1416 608 1496 Ἰχθυοφάγων
631 1416 682 1492 τὴν
709 1415 847 1491 άληθηίην
866 1419 932 1492 περὶ

132 1509 183 1579 τῆς
201 1505 348 1581 πορφύρης
369 1507 414 1563 καὶ
440 1509 490 1580 τῆς
516 1507 623 1580 βαφῆς,
646 1503 776 1580 δολερούς
796 1506 848 1580 μὲν
867 1505 933 1568 τούς

133 1590 292 1668 ἀνθρώπους
313 1593 457 1668 ἔφη-εἶναι
477 1592 580 1668 δολερύ.
603 1588 634 1650 δὲ
655 1590 743 1651 αὐτῶν
762 1592 798 1650 τά
819 1592 931 1668 εἵματα·

58 1672 60 1675 ¹
134 1679 246 1756 δεύτερα
259 1681 296 1748 δὲ,
316 1680 366 1739 τόν
384 1684 508 1758 χρυσοῦν
527 1679 624 1756 εἰρώτα
642 1678 780 1755 στρεπτόν
793 1678 842 1738 τόν
855 1705 932 1756 περι·

135 1768 262 1846 αυχένιον
282 1768 327 1823 καὶ
344 1767 380 1825 τοί
396 1769 491 1844 ψέλια·
513 1768 697 1847 ἐξηγεομένων
710 1766 740 1824 δέ
754 1770 809 1826 τῶν
824 1766 931 1845 Ἰχθυο-

135 1853 233 1933 φάγων
249 1853 300 1912 τόν
318 1853 425 1929 κόσμον
443 1852 540 1923 αὐτῶν,
554 1855 680 1934 γελάσας
697 1854 864 1929 ὁβασιλεύς
886 1859 933 1913 καί

135 1941 252 2016 νομίσας
273 1940 344 1998 εἶναί
368 1947 447 2016 σφεα
466 1942 559 2010 πέδας,
581 1942 639 2000 εἶπε
665 1941 700 2004 οἷς
719 1941 784 2019 παρ’
805 1943 935 2002 ἐωυτοῖσί

136 2031 191 2086 εἰσι
208 2027 419 2104 ῥωμαλεώτεραι
438 2028 543 2088 τούτων
560 2030 650 2087 πέδαι·
670 2030 764 2105 τρίτον
781 2029 818 2100 δέ,
834 2029 933 2106 εἰρώτα

135 2114 168 2173 τό
186 2114 283 2191 μύρον·
304 2115 436 2176 εἰπόντων
454 2117 484 2174 δὲ
502 2121 553 2191 τῆς
569 2116 700 2191 ποιήσιος
716 2117 781 2193 πέρι
800 2118 846 2176 καὶ
858 2115 933 2177 άλεί·

125 2210 208 2280 Ιφιος,
218 2202 267 2262 τόν
280 2202 364 2262 αὐτόν
377 2203 464 2285 λόγον
476 2203 526 2262 τόν
540 2205 586 2262 καὶ
598 2205 662 2281 περὶ
674 2208 725 2263 τοῦ
739 2205 850 2281 εἵματος
863 2205 933 2264 εἰπε·

137 2288 173 2352 ὦς
190 2291 219 2348 δὲ
238 2296 265 2354 ἐς
281 2291 331 2351 τόν
350 2290 425 2350 οἶνον
446 2290 560 2350 α’πίκετο
579 2292 625 2350 καὶ
644 2290 760 2351 ἐπύθετο
779 2288 865 2349 αύτοῦ
881 2288 936 2364 ’την

136 2378 259 2453 ποίησιν,
286 2377 453 2456 ὑπερησθεὶς
477 2383 516 2457 τῷ
540 2378 648 2456 πόματι
675 2380 797 2456 ἐπείρετο
817 2375 835 2436 ὅ
855 2401 885 2435 τι
903 2400 937 2436 τε

138 2467 260 2526 σιτέεται
274 2465 289 2526 ό
302 2467 449 2543 βασιλεύς,
465 2469 510 2525 καὶ
523 2467 625 2546 χρόνον
641 2467 745 2526 ὁκόσον
759 2463 938 2542 μακρότατον

138 2553 208 2632 άνηρ
229 2553 344 2630 Πέρσης
360 2555 419 2626 ζώει
429 2580 438 2625 3
459 2558 486 2614 οἶ
504 2555 534 2614 δὲ
552 2554 697 2614 σιτέεσθαι
714 2556 765 2631 μὲν
782 2553 833 2613 τόν
851 2550 938 2627 ἄρτον

140 2641 227 2712 εἶπαν,
249 2642 451 2723 ἐξηγησάμενοι
470 2646 526 2703 τῶν
546 2647 640 2718 πυρῶν
659 2642 711 2718 την
734 2639 831 2717 φύσιν,
852 2638 938 2720 ὀγδώ-

140 2754 223 2788 κοντα
236 2729 259 2789 δ’
274 2731 335 2789 ἔτεα
348 2729 412 2807 ζόης
429 2729 568 2807 πλήρωμα
587 2729 665 2807 α’νδρὶ
681 2728 857 2806 μακρότατον
869 2753 939 2804 προ-

141 2816 263 2876 κέεσθαι·
283 2817 354 2893 πρός
365 2821 454 2877 ταῦτα
466 2817 482 2877 ὁ
495 2818 600 2895 Αἰθίοψ
615 2819 679 2892 ἔφη,
693 2815 771 2876 ούδέν
785 2813 940 2893 θωυμάζειν

142 2909 166 2964 εἰ
185 2904 341 2981 σιτεόμενοι
362 2904 465 2982 κόπρον
483 2906 544 2964 ἐτεα
562 2905 647 2984 ὀλίγα
667 2903 778 2975 ζώουσι·
800 2902 940 2985 οὐδὲγάρ

142 2990 176 3052 εἰν
192 2996 318 3052 τοσαῦτα
334 2991 469 3053 δύνασθαι
486 2992 564 3063 ζώειν
579 2991 672 3067 σφέας
686 2995 709 3050 εἰ
726 2991 767 3068 μη
779 2993 818 3069 τῷ
830 2988 940 3066 πόματι

139 3078 287 3159 α’νέφερον,
309 3079 423 3157 φράζων
447 3084 525 3140 τοῖσι
546 3077 763 3160 Ἰχθυοφάγοισι
784 3077 836 3138 τόν
855 3077 941 3138 οἶνον·

72 3167 217 3231 23τοΰτο
232 3169 292 3253 γάρ
312 3168 435 3237 ἑωυτούς
453 3168 510 3232 ύπό
522 3167 659 3248 Περσέων
677 3166 845 3224 ἐσοοῖισθαι.
877 3163 943 3225 ’Av-

113 3259 299 3336 ’θεωμένων
326 3261 363 3325 δέ
388 3260 446 3326 τόν
468 3259 604 3338 βασιλέα
624 3259 680 3316 τῶν
695 3248 895 3326 ’λχθνῦὰθᾞλ
913 3252 969 3318 ’(ῗιὶ
