2040 3464
329 355 682 432 ‘HPOAOTOY

227 507 487 581 ἸΣΤΟΡΙΩΝ
522 510 776 576 ΤΕΤΑΡΤΗ.

456 682 555 709 -4-

366 808 638 863 ΜΕΛΠΟΜΕΝΗ.

122 909 228 964 ΜΕΤΑ
251 903 281 964 δὲ
302 904 355 979 τήν
378 906 550 981 Βαβυλῶνος
574 907 683 982 αἵρεσιν
707 905 816 985 ἐγένετο
837 901 910 962 ἐπὶ]

82 991 190 1055 Σκύθας
208 991 242 1051 αὖ
260 995 310 1050 τοῦ
327 993 447 1068 Δαρείου
465 994 571 1056 ἔλασις.
606 991 744 1069 ἀνθεύσης
758 993 814 1073 γάρ
832 995 882 1066 τῆς

80 1076 179 1155 Ἀσίης
197 1077 316 1156 ἀνδράσι
336 1080 382 1137 καὶ
401 1079 552 1158 χρημάτων
570 1080 704 1161 μεγάλων
723 1079 881 1148 συνιόντων,

81 1166 240 1244 ἐπεθύμησε
259 1167 275 1227 ό
294 1171 412 1243 Δαρεῖος
426 1169 564 1228 τίσασθαι
585 1168 702 1237 Σκύθας,
723 1167 766 1227 ὅτι
785 1170 883 1226 ἐκεῖνοι

81 1253 212 1332 πρότεροι
226 1255 401 1331 ἐσβαλόντες
415 1260 442 1318 ἐς
455 1255 506 1330 τήν
517 1255 646 1331 Μηδικήν
661 1256 707 1313 καὶ
719 1253 884 1330 νικήσαντες

80 1340 159 1420 μάχῃ
175 1341 242 1405 τοῦς
257 1341 451 1418 ἀντιουμένους
466 1342 592 1419 ύπήρξαν
611 1342 727 1418 ἀδικίης.
760 1346 811 1416 τῆς
826 1339 883 1422 γάρ

80 1428 137 1489 ἅνω
159 1429 259 1506 Ἀσίης
281 1430 376 1507 ἦρξαν,
402 1430 438 1493 ὦς
462 1431 507 1489 καὶ
534 1429 671 1508 πρότερόν
694 1431 881 1512 μοιεῖρηται,

83 1517 189 1581 Σκύθαι
201 1519 263 1578 ἐτεα
276 1519 347 1577 δυῶν
358 1519 455 1578 δέοντα
467 1517 626 1595 τριήκοντα·
643 1518 816 1596 Κιμμερίους
824 1516 880 1598 γάρ

82 1605 271 1670 ἐπιδιώκοντες
282 1608 425 1683 ἐσέβαλον
436 1612 463 1670 ἐς
472 1606 524 1682 τήν
537 1605 646 1682 Ἀσίην,
656 1604 884 1669 καταπαύσαντες

81 1698 132 1770 τῆς
150 1693 240 1774 ἀρχῆς
261 1695 385 1771 Μήδους·
408 1693 485 1754 οῦτοι
500 1694 555 1775 γάρ
571 1696 638 1771 πρὶν
655 1694 674 1770 ἢ
692 1693 801 1758 Σκύθας
818 1690 880 1752 ἀπι-

82 1782 183 1842 κέσθαι
196 1782 284 1862 ἦρχον
296 1786 347 1857 τῆς
360 1782 468 1858 Ἀσίης.

123 1869 194 1935 Τοῦς
212 1871 242 1929 δὲ
261 1869 370 1934 Σκύθας
385 1870 623 1947 ἀποδημήσαντας
640 1870 712 1931 ὄκτῶ
729 1871 775 1930 καὶ
794 1871 884 1929 εἴκοσι

84 1959 154 2030 ἐτεα,
179 1959 226 2018 καὶ
249 1957 295 2018 διὰ
320 1958 425 2037 χρόνου
447 1959 585 2020 τοσούτου
612 1959 757 2022 κατιόντας
781 1964 808 2022 ἐς
832 1957 885 2032 τήν

82 2047 233 2123 σφετέρην,
247 2047 389 2117 ἐξεδέξατο
407 2045 458 2107 ούκ
476 2048 608 2108 ἐλάσσων
623 2047 709 2112 πόνος
725 2051 775 2106 τοῦ
794 2046 884 2121 Μηδι-

83 2139 143 2194 κοῦ·
158 2132 237 2212 εῦρον
246 2135 301 2217 γάρ
312 2134 492 2213 ἀντιουμένην
502 2143 558 2212 σφι
566 2135 702 2212 στρατιήν
713 2133 763 2195 ούκ
774 2133 884 2214 όλίγην·

55 2223 59 2230 ’
82 2226 112 2281 αἱ
134 2221 188 2304 γάρ
211 2227 267 2283 τῶν
288 2223 416 2287 Σκυθέων
436 2228 571 2305 γυναῖκες,
595 2223 630 2286 ὥς
658 2230 713 2298 σφι
738 2226 764 2281 οἱ
789 2220 884 2298 ἄνδρες

82 2310 198 2385 ἀπῆσαν
207 2309 310 2389 χρόνον
320 2311 441 2382 πολλόν,
454 2312 581 2386 ἐφοίτεον
592 2309 667 2388 παραὶ
681 2309 746 2372 τοῦς
760 2309 885 2372 δούλους.

83 2398 154 2462 Τοῦς
174 2399 204 2458 δὲ
225 2398 343 2463 δούλους
362 2402 390 2458 οἱ
411 2400 516 2463 Σκύθαι
536 2399 643 2461 πάντας
663 2401 817 2476 τυφλοῦσι,
837 2399 918 2456 τοῦδ

82 2485 224 2566 γάλακτος
240 2488 341 2546 εἵνεκεν
355 2491 406 2546 τοῦ
425 2488 546 2559 πίνουσι,
561 2491 702 2549 ποιεῦντες
720 2483 780 2543 ὧδε·
803 2483 886 2544 ἐπεάν

83 2580 249 2653 φυσητῆρας
272 2576 388 2653 λάβωσι
412 2575 554 2638 ὀστεΐνους
581 2575 697 2633 αὐλοῖσι
722 2579 885 2650 προσεμφε-

82 2663 242 2740 ρεστάτους,
260 2663 374 2726 τούτους
396 2664 523 2725 ἐσθέντες
543 2669 571 2726 ἐς
590 2667 645 2722 τῶν
666 2662 774 2738 θηλέων
796 2663 887 2721 ἵππων

83 2751 119 2810 τοὶ
135 2750 226 2829 ἀρθρα
243 2757 359 2829 φυσῶσι
376 2756 453 2811 τοῖσι
473 2751 609 2828 στόμασι·
631 2749 716 2808 ἄλλοι
735 2750 772 2819 δὲ,
789 2747 885 2808 ἄλλων

85 2839 256 2914 φυσεόντων,
271 2840 439 2921 ἀμέλγουσι·
461 2841 548 2921 (φασὶ
562 2840 591 2898 δὲ
606 2839 687 2898 τοῦδε
701 2838 790 2898 εἵνεκα
803 2841 887 2896 τοῦτο

84 2929 195 2998 ποιέειν,
209 2932 259 2988 τοῦ
271 2929 321 2992 τοὶς
335 2931 450 3005 φλέβας
463 2954 494 2987 τε
507 2928 692 3005 πίμπλασθαι
706 2926 887 3001 φυσεωμένας

84 3019 134 3092 τῆς
156 3017 242 3075 ἵππου
263 3017 309 3076 καὶ
325 3016 358 3077 τῦ
373 3016 459 3093 οὖθαρ
473 3017 640 3095 κατίεσθαι·)
662 3015 746 3074 ἐπεάν
759 3013 788 3072 δὲ
801 3013 887 3087 ἀμέλ-

85 3103 158 3172 ξωσι,
168 3105 201 3163 τῦ
214 3104 298 3185 γάλα,
313 3105 464 3186 ἐσχέαντες
479 3110 507 3170 ἐς
523 3105 627 3176 ξύλινα
638 3102 752 3184 αηῖηῆὶα
764 3095 920 3196 mnf&

79 3193 290 3266 τεριστιῖαντες
302 3196 378 3258 κατοῖ
388 3196 425 3260 τὰ
436 3196 555 3282 ἀγγήῖα
562 3195 636 3260 τοῦς
643 3184 908 3280 τυφλοῦςῷῦνὶω
