2040 3464
96 106 237 170 ιιι-179]
393 96 619 152 ωυιιιοωακιε.
850 103 896 150 351

95 188 171 246 ἔνθεν
186 188 320 262 κείροντες
331 192 360 244 ἐν
373 187 446 263 χροῒ·
470 191 496 247 ἐς
511 185 540 242 δὲ
553 184 602 242 τόν
615 185 741 260 πόλεμον
756 184 896 259 στρουθῶν

94 276 250 355 καταγαίων
260 274 342 350 δοράς
353 275 489 348 φορέουσι
498 272 701 349 προβλήματα.
719 272 763 329 διά
773 271 801 329 δὲ
810 270 900 331 αύτῶν
943 353 945 357 ¹

94 365 188 439 Κίνυψ
203 360 328 437 ποταμός
342 363 410 436 ῥέων
425 367 454 420 ἐκ
468 361 563 436 λόφου
578 361 747 434 καλευμένου
762 359 897 436 Χαρίτων,

94 456 121 514 ἐς
142 451 295 510 θάλασσαν
316 450 425 509 ἐκδιδοῖ·
447 449 463 508 ὁ
480 450 509 507 δὲ
526 448 617 524 λόφος
636 446 716 510 οὗτος
735 447 751 506 ὁ
771 449 899 523 Χαρίτων

94 538 181 602 δασύς
201 538 277 617 ἲδησί
299 542 368 606 ε’στι,
388 537 489 612 εὀίαης
509 540 559 611 τῆς
579 535 670 610 ἄλλης
690 540 740 610 τῆς
760 561 899 610 προκατα-

93 627 244 704 λεχθείσης
254 624 365 700 Λιβύης
376 629 471 702 ψιλῆς·
492 623 549 683 άπὸ
565 624 715 699 θαλάσσης
730 624 759 682 δὲ
774 629 800 686 ἐς
814 623 898 683 αὐτόν

94 715 204 773 στάδιοι
218 713 358 788 διηκόσιοί
365 717 430 772 εἰσι.
464 713 585 771 Μακέων
595 713 624 770 δὲ
634 711 738 770 τούτων
750 711 877 790 ἐχόμενοι
888 711 946 774 176

94 802 222 865 Γίνδανές
235 804 300 860 εἰσι·
321 805 376 861 τῶν
387 805 415 860 αἱ
424 805 554 882 γυναῖκες
567 800 742 877 περισφύρια
756 800 898 875 δερμάτων

93 890 189 949 πολλά
209 889 313 965 ἑκάστη
333 890 438 965 φορέει·
460 887 530 947 κατά
549 888 656 948 τοιόνδε
674 914 708 957 τι,
725 887 760 951 ὦς
774 889 896 968 λέγεται·

94 977 153 1037 κατ’
164 977 251 1055 ἄνδρα
263 979 381 1036 ἕκαστον
390 978 526 1054 μιχθέντα
536 976 723 1053 περισφύριον
733 977 897 1053 περιδέεται·

93 1065 113 1141 ἢ
126 1065 149 1124 δ’
162 1065 195 1126 ἂν
208 1055 332 1124 πλεῖστα
350 1066 408 1143 ἔχη,
423 1064 492 1140 αὕτη
508 1065 611 1140 αίρίστη
629 1065 755 1123 δέδοκται
774 1064 843 1122 εἶναι
862 1064 897 1127 ὦς

93 1153 148 1213 ύπό
161 1154 303 1212 πλείστων
319 1151 425 1231 άνδρῶν
444 1154 610 1226 φιληθεῖσα.
649 1151 751 1227 Ἀκτην
766 1153 794 1210 δὲ
807 1179 873 1229 προ-
887 1155 943 1213 177

94 1244 216 1320 ἔχουσαν
227 1246 253 1305 ἐς
263 1241 312 1300 τόν
322 1240 426 1300 πόντον
435 1240 539 1300 τούτων
548 1245 603 1299 τῶν
616 1240 753 1300 Γινδάνων
768 1243 896 1316 νέμονται

92 1330 273 1410 Λωτοφάγοι·
295 1329 322 1388 οἳ
335 1327 385 1387 τόν
401 1328 508 1405 καρπόν
525 1333 629 1405 μοῦνον
648 1333 809 1387 τοῦλωτοῦ
827 1330 895 1405 τριό-

92 1444 188 1497 γοντες
202 1417 312 1489 ζώουσι·
335 1414 350 1476 ό
365 1417 394 1474 δὲ
407 1421 457 1476 τοῦ
471 1421 562 1476 λωτοῦ
577 1417 683 1494 καρπός
697 1423 758 1475 ἐστι
771 1418 895 1497 μέγαθος

93 1504 163 1565 ὅσον
180 1532 211 1566 τε
228 1510 279 1582 τῆς
293 1506 403 1584 σχίνου·
423 1504 584 1585 γλυκύτητα
597 1507 634 1574 δὲ,
649 1511 699 1564 τοῦ
713 1506 839 1579 φοίνικος
857 1511 895 1584 τῷ

93 1597 189 1672 καρπῷ
210 1594 404 1670 προσείκελος·
435 1597 577 1652 ποιεῦνται
602 1595 631 1652 δὲ
655 1599 685 1652 ἐκ
709 1596 759 1650 τοῦ
787 1599 894 1669 καρποῦ

92 1681 192 1741 τούτου
207 1685 233 1740 οἶ
246 1680 417 1761 Λωτοφάγοι
432 1682 477 1738 καὶ
491 1681 574 1739 οἶνον.

133 1769 313 1849 Λωτοφάγων
327 1769 357 1827 δὲ
369 1768 401 1827 τό
415 1768 491 1845 παρά
506 1768 658 1828 θάλασσαν
669 1770 778 1848 ἔχονται
789 1767 872 1847 Μάχ-
885 1773 943 1832 178

92 1861 165 1926 λυες,
179 1862 217 1936 τῷ
229 1861 310 1935 λωτῷ
322 1859 374 1933 μὲν
387 1858 433 1915 καὶ
447 1854 524 1916 οὗτοι
541 1857 701 1936 χρεώμενοι,
716 1855 786 1933 οἷτοὶρ
799 1856 895 1932 ἧσσόν

91 1970 125 2024 γε
138 1950 193 2005 τῶν
210 1945 346 2021 πρότερον
364 1946 529 2023 λεχθέντων.
573 1945 727 2020 κατήκουσι
740 1946 769 2004 δὲ
785 1946 831 2003 ἐπὶ
844 1971 894 2003 πο-

91 2032 182 2107 ταμόν
204 2034 302 2113 μέγαν,
323 2037 362 2111 τῷ
386 2032 492 2108 οὕνομα
513 2034 618 2108 Τρίτων
639 2033 709 2092 ε’στί·
740 2034 843 2093 ἐκδιδοῖ
865 2034 895 2092 δὲ

92 2117 175 2184 οὗτος
196 2127 224 2183 ἐς
247 2121 350 2196 λίμνην
372 2121 500 2201 μεγάλην
527 2122 687 2198 Τριτωνίδα·
719 2127 747 2181 έν
771 2123 800 2180 δὲ
825 2121 894 2200 αὐτῇ

92 2212 179 2283 νῆσος
193 2210 239 2279 ένι,
253 2212 289 2286 τῇ
304 2208 409 2284 οὕνομα
422 2209 495 2267 Φλά·
514 2209 618 2283 ταύτην
631 2210 660 2267 δὲ
674 2210 725 2283 την
739 2214 826 2285 νῆσον
838 2217 892 2270 Λα-

92 2297 296 2372 κεδαιμονίοισί
307 2304 381 2371 φασι
393 2297 492 2377 λόγιον
506 2297 575 2355 εἶναι
590 2299 691 2355 κτίσαι.

127 2383 213 2443 Ἔστι
227 2385 256 2442 δὲ
270 2385 316 2442 καὶ
330 2384 345 2443 ὅ
363 2411 376 2442 ε
390 2384 476 2463 λόγος
490 2384 651 2464 λεγόμενος·
672 2383 794 2458 Ἰήσονα,
809 2386 871 2444 ἐπεί
884 2386 941 2445 179

91 2498 123 2531 τε
136 2475 163 2530 οἶ
177 2472 333 2552 ἐξεργάσθη
352 2471 406 2531 ύπδ
425 2477 463 2549 τῷ
481 2474 582 2549 Πηλίῳ
595 2471 614 2546 ἡ
627 2471 728 2551 Ἀργώ,
743 2472 894 2547 ἐσθέμενον

91 2565 119 2622 ε’ς
140 2559 226 2635 αὐτὴν
246 2559 338 2636 άλλην
358 2587 388 2618 τε
409 2559 569 2636 ἑκατόμβην
591 2561 637 2618 καὶ
658 2560 691 2634 δη
713 2561 759 2618 καὶ
776 2560 895 2635 τρίποδα

90 2646 222 2726 χάλκεον,
241 2647 409 2724 περιπλώειν
427 2647 649 2722 Πελοπόννησον
669 2647 846 2723 βουλόμενον
867 2652 895 2710 ἒς

92 2734 227 2811 Δελφούς
245 2733 405 2794 άπικέσθαι·
427 2736 475 2793 καί
490 2761 546 2811 μιν,
569 2734 604 2798 οἷς
623 2736 746 2793 πλέοντα
762 2735 896 2813 γενέσθαι

92 2823 164 2882 κατὰ
184 2824 312 2898 Μαλέην,
333 2823 492 2899 ὑπολαβεῖν
515 2823 617 2899 ἄνεμον
640 2826 733 2899 βορῆν
757 2824 803 2881 καὶ
825 2823 895 2882 άπα-

92 2913 189 2988 φέρειν
201 2911 272 2988 πρός
284 2911 336 2985 την
349 2912 471 2987 Λιβύην·
492 2913 558 2988 πρὶν
571 2913 601 2970 δὲ
614 2911 777 2971 κατιδέσθαι
790 2915 851 2991 γῆν,
866 2915 895 2970 έν

91 3004 169 3059 τοῖσι
182 3000 312 3078 βράχεσι·
325 3001 458 3080 γενέσθαι
476 3001 578 3077 λίμνης
590 3004 640 3076 τῆς
653 3000 826 3075 Τριτωνίδος·
848 3001 897 3058 καί

21 3108 27 3112 “
93 3091 120 3148 οἱ
136 3088 284 3165 άπορέοντι
298 3089 351 3164 την
368 3088 510 3170 ἐξαγωγὴν
526 3088 613 3170 λόγος
621 3089 683 3147 ε’στὶ
697 3092 818 3163 φανῆναι
832 3089 894 3163 Τρί-

92 3202 174 3246 τωνα,
197 3176 243 3235 καὶ
266 3175 388 3236 κελεύειν
409 3176 458 3238 τόν
480 3175 601 3255 Ἰήσονα
625 3179 717 3254 ἓωυτδγ
734 3175 842 3232 δοῖιναι
860 3172 914 3229 τὶν

85 3263 216 3338 πρόποδα·
246 3263 377 3341 φάμενόν
399 3273 460 3346 σφι
483 3268 533 3329 καὶ
560 3267 614 3330 τὸν
636 3265 732 3344 πόρον
755 3260 871 3327 {Qum
891 3250 947 3308 *ὦ
