2040 3464
82 107 220 168 ιιι-157]
362 105 588 152 mmmmm
833 103 881 150 343

78 185 251 261 χρηστηρίου
276 188 327 241 τοῦ
353 185 503 263 γενομένου
527 189 556 240 ἐν
579 184 724 255 Δελφοῖσι
748 180 821 260 αὐτῷ
844 179 891 238 καὶ

79 271 136 330 οἷπὸ
153 276 202 346 τῆς
218 277 300 347 τιμῆς
320 272 371 346 τήν
391 272 458 348 ἔσχε
476 270 528 344 τήν
542 269 697 344 ἐπωνυμίην
711 268 882 346 ποιεύμενος·

79 361 185 436 Λίβυες
204 359 259 440 γάρ
280 361 407 434 βασιλέα
429 358 538 417 Βάττον
552 359 696 416 καλέουσι·
719 358 765 414 καὶ
783 357 883 416 τούτου

80 447 170 506 εἵνεκα
190 447 275 506 δοκέω
297 449 487 518 θεσπίζουσαν
502 447 555 521 τήν
572 447 682 519 Πυθίην
699 446 818 504 καλέσαι
835 469 884 519 μιν

81 536 194 612 Λιβυκῇ
206 534 337 614 γλώσση,
347 534 448 593 εἰδυῖαν
459 534 494 597 ώς
503 533 643 609 βασιλεῖς
651 534 731 591 ἔσται
742 538 770 592 ἐν
778 531 883 610 Λιβύη.

81 623 143 680 ε’πεί
160 649 191 681 τε
210 621 265 702 γάρ
286 621 413 698 ἠνδρώθη
431 619 519 690 οὗτος,
537 623 608 693 ηλθε
625 626 653 682 ἐς
670 619 802 695 Δελφοιλς
817 620 882 696 περὶ

80 713 245 788 τῆςφωνῆς·
268 711 456 785 ε’πειρωτέοντι
470 710 501 768 δέ
513 712 540 768 οἱ
553 713 610 788 χρᾷ
623 708 642 783 ἦ
656 709 749 782 Πυθίη
763 708 837 766 τάδε·

147 813 229 870 Βάττ’,
244 815 284 860 ἐπὶ
295 815 375 873 φωνὴν
386 813 467 871 ἦλθες·
486 813 545 872 ἅναξ
556 815 583 862 δέ
593 831 622 861 σε
632 814 718 874 Φοῖβος
726 811 856 858 Ἀπόλλων

147 887 170 933 ἐς
181 886 273 947 Λιβύην
284 887 375 943 πέμπει
385 885 538 944 μηλοτρόφον
549 886 681 943 οἰκιστῆρα.

82 970 177 1047 ώσπερ
195 977 219 1030 εἰ
236 973 309 1031 εἴποι
321 972 440 1030 Ἑλλάδι
456 972 579 1052 γλώσσῃ
592 973 744 1049 χρεωμένη·
776 969 819 1028 “ὦ
831 971 886 1046 βα·

83 1064 173 1129 σιλεῦ,
193 1060 239 1118 ἐπὶ
259 1060 355 1136 φωνήν
375 1059 485 1135 ἦλθες.”
529 1060 544 1119 ὁ
568 1060 597 1118 δὲ
620 1059 754 1135 ἀμείβετο
776 1058 882 1118 τοῖσδε·

83 1158 100 1182 “
110 1146 190 1218 ὦναξ,
202 1147 255 1229 ἐγώ
269 1151 320 1224 μὲν
333 1147 422 1223 ἦλθον
432 1149 509 1224 παρὰ
523 1151 557 1207 σὲ
570 1148 746 1227 χρησόμενος
758 1147 823 1222 περὶ
836 1151 886 1220 τῆς

84 1241 186 1311 φωνῆς·
209 1236 246 1295 σι)
265 1237 295 1295 δέ
311 1262 361 1313 μοι
377 1235 454 1295 ἅλλα
475 1236 596 1295 οἷδόνατα
616 1240 688 1313 χρᾷς
706 1234 824 1293 κελεύων
837 1243 885 1293 Λι-

82 1324 158 1399 βόην
174 1323 335 1394 ἀποικίζειν·
362 1325 414 1402 τέῳ
436 1323 565 1399 δυνάμει;
594 1324 655 1398 κοίη
673 1324 748 1401 χειρί
756 1321 779 1391 ;”
799 1327 887 1381 ταῦτα

84 1412 174 1491 λέγων
194 1411 255 1469 οὐκὶ
276 1413 368 1471 ἔπειθε
383 1411 461 1470 ἅλλα
478 1415 504 1470 οἶ
521 1416 602 1489 χρᾶν·
625 1410 661 1472 ώς
673 1411 703 1468 δὲ
717 1409 787 1469 κατά
800 1409 887 1468 ταύτὰ

84 1501 216 1569 ἐθέσπιζέ
236 1502 263 1557 οἱ
283 1499 329 1556 καὶ
345 1499 490 1576 πρότερον,
505 1500 598 1577 οἴχετο
616 1499 721 1574 μεταξι)
741 1497 887 1557 ἀπολιπών

84 1586 100 1644 ὁ
123 1587 230 1649 Βάττος
247 1593 274 1649 ε’ς
291 1587 343 1661 τήν
361 1586 465 1662 Θήρην.
500 1587 581 1645 Μετοὶ
596 1588 633 1655 δὲ,
648 1585 720 1664 αὐτῷ
736 1612 767 1645 τε
780 1585 867 1665 τούτῳ
878 1587 935 1644 156

85 1675 131 1733 καὶ
144 1679 220 1734 τοῖσι
234 1674 351 1734 ἄλλοισι
362 1677 511 1751 Θηραίοισι
522 1677 692 1752 συνεφέρετο
702 1673 888 1754 παλιγκότως.

84 1761 246 1842 ἀγνοεῦντες
262 1763 291 1821 δὲ
307 1762 357 1825 τάς
374 1763 525 1839 συμφοράς
544 1766 570 1821 οἱ
587 1767 711 1838 Θηραῖοι,
727 1765 851 1838 ἔπεμπον
862 1768 889 1825 ἔς

86 1848 219 1923 Δελφοιῖς
238 1851 302 1926 περὶ
322 1855 378 1909 τῶν
398 1851 556 1926 παρεόντων
580 1854 678 1909 κακῶν·
706 1850 724 1925 ἡ
746 1851 775 1908 δὲ
795 1852 889 1926 Πυθίη

85 1943 141 2011 σφι
156 1939 259 2016 ἔχρησε
272 1939 454 2019 συγκτίζουσι
463 1938 560 2017 Βάττῳ
576 1938 706 2014 Κυρήνην
716 1942 766 2013 τῆς
780 1938 890 2015 Λιβύης

85 2023 198 2100 ἄμεινον
206 2024 331 2102 πρήξειν.
353 2024 532 2086 ἀπέστελλον
541 2025 611 2103 μετθ.
627 2031 715 2084 ταῦτα
723 2026 772 2086 τόν
781 2026 889 2086 Βάττον

86 2117 113 2172 οἱ
126 2117 243 2189 Θηραῖοι
257 2114 305 2172 δύο
318 2116 571 2189 πεντηκοντέροισι·
589 2114 754 2177 πλώσαντες
764 2115 793 2173 δὲ
803 2120 829 2177 ἐς
839 2115 891 2190 τὴν

85 2201 198 2276 Λιβύην
212 2198 298 2272 οὗτοι,
308 2200 340 2260 οὗ
354 2200 408 2281 γὰρ
420 2201 496 2280 εἶχον
507 2201 523 2261 ό
533 2229 559 2260 τι
573 2203 689 2260 ποιέωσι
703 2201 785 2270 ἄλλο,
798 2202 890 2261 ὀπίσω

86 2288 312 2348 ἀπαλλάσσοπο
334 2295 361 2353 ές
380 2289 432 2365 τήν
450 2289 552 2365 Θήρην·
575 2293 601 2348 οἶ
623 2289 651 2347 δέ
670 2293 788 2364 Θηραῖοι
808 2317 890 2349 κατα-

85 2377 220 2456 γομένους
241 2379 368 2453 ἔβαλλον
389 2379 435 2435 καὶ
456 2377 505 2434 οὐκ
525 2380 574 2436 ἔων
594 2380 630 2455 τῇ
652 2381 690 2456 γῇ
709 2379 888 2456 προσίσχειν,

87 2462 153 2522 ἀλλ’
175 2463 266 2523 ὀπίσω
286 2465 390 2524 πλώειν
411 2465 547 2524 ἐκέλευον·
573 2468 599 2523 οἶ
618 2465 648 2522 δὲ
671 2465 890 2544 α’ναγκαζόμενοι

87 2551 178 2610 ὀπίσω
192 2551 350 2622 ἀπέπλωον,
364 2553 410 2611 καὶ
425 2554 537 2612 ἔκτισαν
544 2557 633 2616 νῆσον
644 2553 689 2611 ἐπὶ
697 2553 793 2630 Λιβύῃ
802 2555 891 2630 κειμέ-

87 2644 181 2718 νηντῄ
196 2640 309 2717 οὔνομα,
319 2640 353 2703 ώς
368 2641 414 2698 καὶ
428 2640 564 2718 πρότερον
578 2643 678 2717 εἰρέθη,
688 2641 749 2700 ε’στὶ
764 2644 891 2700 Πλατέα.

87 2728 201 2806 λέγεται
215 2728 244 2786 δὲ
257 2730 307 2804 ἴση
322 2730 390 2789 εἶναι
404 2729 422 2804 ἡ
437 2733 524 2804 νῆσος
536 2735 571 2807 τῇ
585 2734 633 2810 νῦν
642 2730 804 2804 Κυρηναίων
812 2729 891 2790 πόλι.

128 2816 238 2892 Ταύτην
259 2819 393 2880 οἰκέοντες
410 2817 458 2876 δύο
476 2818 545 2887 έτεα,
566 2817 644 2876 οὐδὲν
659 2815 714 2896 γάρ
734 2825 790 2891 σφι
803 2844 870 2895 χρη-
882 2818 938 2877 157

88 2903 159 2963 στόν
180 2906 357 2982 συνεφέρετο,
373 2907 420 2965 ένα
434 2905 523 2965 αὐτῶν
542 2904 742 2968 καταλιπόντες
756 2910 782 2964 οῖ
795 2908 892 2966 λοιποὶ

75 2991 190 3062 Ιπάντες
205 2992 347 3052 ἀπέπλεον
365 3000 391 3056 ἐς
413 2994 554 3069 Δελφούς·
577 2993 739 3068 άπικόμενοι
754 2994 787 3052 δὲ
797 2996 842 3052 ε’πὶ
858 2994 892 3053 τό

87 3080 262 3160 χρηστήριον
276 3083 418 3160 ε’χρέωντο,
431 3081 552 3158 φάμενοι
566 3085 663 3141 οἰκέειν
675 3105 705 3139 τε
718 3082 769 3157 τήν
782 3081 895 3158 Λιβύην

88 3169 136 3227 καὶ
155 3167 234 3228 οὐδὲν
253 3167 366 3246 ἄμεινον
386 3169 527 3247 πρήσσειν
550 3174 696 3231 οἱκεῖιντες·
719 3170 917 3242 ἠλῖελλαλλα

83 3261 141 3331 σφι
155 3255 227 3332 πρός
239 3261 330 3318 ταῦτα
345 3264 405 3342 χρᾷ
419 3259 499 3321 τάδε·
