2040 3464
77 105 216 171 ιον-ιω]
422 107 535 157 nmo.
843 109 874 156 ιι

74 186 156 266 έλεγέ
168 188 194 245 οἱ
206 185 310 245 τοιάδε·
331 185 491 267 ((Ἀρπαγε,
504 189 622 266 πρῆγμα
637 185 670 246 τδ
683 184 717 245 ἅν
729 210 774 245 τοι
786 210 875 263 προσ-

74 273 128 333 θέω
140 273 273 350 μηδαμῶς
283 273 464 352 παραχρήσῃ·
480 275 551 351 μηδὲ
561 276 611 350 ἐμέ
622 300 653 334 τε
662 273 820 351 παραβάλῃ
829 274 875 333 καὶ

73 360 180 424 ἄλλους
201 361 330 437 ἑλόμενος
355 364 385 431 ἐξ
406 362 525 440 ὑστέρης
545 362 581 422 σύ
604 366 692 438 ἑωυτῷ
711 362 874 439 περιπέσῃς.

73 447 151 524 λάβε
162 449 212 509 τόν
225 449 361 525 Μανδάνη
373 451 446 508 ἔτεκε
459 450 554 519 παῖδα,
566 451 657 526 φέρων
669 450 698 508 δὲ
712 454 740 512 ές
752 453 875 508 σεωυτοῦ

73 535 246 597 ἀπόκτεινον·
267 538 338 612 μετοὶ
357 538 394 608 δὲ,
410 538 500 615 θάψον
516 538 609 616 τρόπῳ
626 536 694 615 ὅτεῳ
708 535 789 599 αύτδς
806 536 875 613 βού-

72 624 163 683 λεαι.”
192 624 208 684 ὁ
222 626 251 684 δὲ
263 624 420 700 άμείβεται·
439 623 480 683 “ὦ
494 626 627 699 βασιλεῦ,
642 623 705 683 οὔτε
719 623 826 682 ἄλλοτέ
837 649 876 683 κω

71 713 201 790 παρεῖδες
214 711 293 790 α’νδρὶ
305 713 373 791 τῷδε
386 711 471 791 ἄχαρι
484 713 570 784 οὐδὲν,
581 710 793 788 φυλασσόμεθα
805 736 837 770 τε
848 717 875 773 ε’ς

72 801 108 858 σέ
129 801 175 859 καὶ
196 805 224 862 ές
243 800 292 859 τδν
307 801 456 876 μετέπειτα
475 800 577 878 χρόνον
596 800 682 876 μηδὲν
703 800 874 874 ἐξαμαρτεῖν·

72 886 139 946 αλλ’
153 888 179 947 εἴ
193 914 238 948 τοι
251 891 339 964 φίλον
351 893 435 948 τοῦτο
448 888 518 948 οὕτω
530 890 667 969 γίνεσθαι,
681 887 736 965 χρή
750 886 784 961 δή
797 886 830 946 τό
842 912 875 966 γε

73 975 141 1052 έμόν
156 975 359 1054 ὑπηρετέεσθαι
379 976 550 1053 ἐπιτηδέως.”
586 976 718 1036 Τούτοισι
738 974 921 1051 οἷμειψιί-109

72 1088 155 1139 μενος
167 1063 184 1124 ό
195 1064 349 1145 Ἅρπαγος,
365 1064 400 1127 ὥς
416 1069 443 1124 οῖ
456 1065 596 1141 παρεδόθη
609 1064 641 1124 τό
655 1063 765 1123 παιδίον
779 1089 875 1121 κεκοσ·

71 1152 197 1227 μημένον
219 1152 271 1226 τήν
291 1155 337 1211 ἐπὶ
361 1152 469 1233 θανάτῳ
491 1151 535 1228 ήῖε
559 1154 663 1211 κλαίων
683 1157 711 1214 ε’ς
732 1150 768 1210 τά
793 1152 875 1209 οἰκία.

72 1240 222 1315 παρελθεῖν
241 1241 271 1298 δὲ
292 1241 395 1317 ἔφραζε
414 1246 450 1319 τῇ
471 1244 572 1300 ἑωυτοῦ
591 1241 701 1321 γυναικὶ
720 1239 769 1299 τόν
785 1238 876 1297 πάντα

72 1323 244 1408 Ἀστυάγεος
261 1330 381 1405 ῥηθέντα
399 1328 495 1410 λόγον,
512 1329 531 1403 ή
550 1329 580 1387 δὲ
597 1328 667 1404 πρὸς
686 1326 769 1386 αὐτόν
788 1327 874 1406 λέγει·

74 1418 143 1473 “νῦν
156 1414 193 1474 ὧν
206 1418 236 1475 τί
248 1442 296 1475 σοι
310 1421 339 1475 ἐν
351 1414 405 1495 νόῳ
416 1419 477 1476 ἐστὶ
490 1417 593 1476 ποιέειν
604 1415 629 1484 ;”
647 1415 662 1475 ὁ
673 1415 703 1474 δὲ
716 1413 874 1490 ἀμείβεται·

74 1500 145 1560 “ofin
157 1499 178 1580 ᾖ
191 1505 352 1562 ἐνετέλλετο
365 1503 534 1585 Ἀστυάγης·
555 1503 611 1563 οὐδ’
625 1507 649 1562 εἰ
661 1500 876 1578 παραφρονήσει

72 1613 105 1647 τε
123 1591 169 1648 καὶ
186 1595 314 1667 μανεῖται
334 1591 429 1651 κάκιον
447 1591 465 1668 ἢ
484 1597 533 1652 νῦν
548 1591 683 1668 μαίνεται,
698 1588 730 1649 ού
747 1592 774 1648 οἰ
791 1590 876 1668 ἔγωγε

73 1678 276 1756 προσθήσομαι
300 1684 337 1758 τῇ
363 1680 468 1760 γνώμῃ,
493 1679 556 1739 οὐδὲ
583 1685 610 1742 ές
637 1678 725 1755 φόνον
750 1681 876 1737 τοιοῦτον

73 1763 248 1842 ὑπηρετήσω.
282 1771 400 1826 πολλῶν
412 1768 442 1827 δὲ
456 1767 545 1828 εἵνεκα
562 1767 594 1826 ού
609 1764 737 1842 φονεύσω
750 1790 813 1842 μιν·
830 1766 876 1823 καὶ

74 1851 118 1910 ὅτι
130 1853 203 1933 αύτῷ
215 1880 265 1931 μοι
278 1855 416 1936 συγγενής
430 1861 506 1916 ἔστιν
519 1856 535 1916 ὁ
552 1859 626 1925 ταῖς,
641 1856 688 1913 καὶ
701 1854 744 1914 ὅτι
756 1852 876 1912 Ἀστυά-

73 1965 125 2020 γης
140 1942 192 2018 μέν
210 1947 271 2002 ἔστι
288 1944 377 2023 γέρων
394 1945 440 2002 καὶ
458 1943 542 2006 ἅπαις
562 1945 673 2020 ἔρσενος
688 1941 782 2023 γόνου·
804 1945 828 1999 εἰ
845 1941 874 1999 δὲ

74 2028 198 2103 θελήσει,
221 2029 321 2089 τούτου
347 2031 575 2107 τελευτήσαντος,
604 2037 632 2092 ἐς
657 2029 709 2106 τήν
736 2029 875 2109 θυγατέρα

72 2116 175 2192 ταύτην
188 2117 329 2194 ἀναβῆναι
344 2118 363 2194 ἡ
378 2121 512 2196 τυραννὶς,
526 2117 560 2195 ἧς
576 2124 625 2179 νῦν
637 2118 687 2178 τόν
700 2117 760 2177 υἱόν
777 2118 875 2176 κτείνει

73 2202 107 2262 δι’
116 2208 190 2279 ε’μεῦ,
199 2204 274 2265 ἄλλο
287 2208 318 2266 τί
324 2204 342 2281 ἦ
353 2209 479 2267 λείπεται
490 2209 523 2268 τὸ
538 2209 661 2267 ἐνθεῦτεν
672 2207 734 2282 ε’μοὶ
747 2204 875 2264 κινδύνων

73 2290 89 2350 ὅ
101 2293 255 2374 μέγιστοςς
276 2293 354 2353 άλλοὶ
365 2301 415 2355 τοῦ
428 2298 481 2372 μὲν
493 2295 641 2371 οἷσφαλέος
656 2295 744 2353 εἵνεκα
759 2293 821 2369 ἐμοὶ
834 2293 877 2351 δεῖ

72 2384 172 2442 τοῦτον
180 2386 314 2442 τελευτᾶν
326 2382 376 2443 τόν
389 2385 485 2443 παῖδα·
505 2385 547 2442 δεῖ
557 2385 653 2460 μέντοι
665 2386 720 2442 τῶν
733 2380 795 2441 τινὰ
807 2379 875 2439 Ἀσ-

71 2466 188 2548 τυάγεος
206 2468 291 2529 αὐτοῦ
310 2471 399 2546 φονέα
416 2473 557 2552 γενέσθαι,
577 2472 623 2529 καὶ
642 2470 682 2547 μή
702 2474 757 2529 τῶν
777 2467 874 2545 ε’μιῖν.”

72 2560 167 2616 Ταῦτα
191 2557 260 2628 εἶπε,
281 2561 327 2617 καὶ
346 2558 445 2619 αὐτίκα
464 2559 588 2641 ἄγγελον
608 2561 714 2635 έπεμπε
735 2558 781 2616 ἐπὶ
800 2557 921 2615 τῶνῙΙΟ

71 2644 220 2720 βουκόλων
243 2651 298 2706 τῶν
318 2646 489 2729 Ἀστυάγεος
508 2648 557 2707 τόν
577 2646 717 2723 η’πίστατο
738 2644 824 2721 νομάς
844 2669 875 2702 τε

72 2733 290 2808 ε’πιτηδεωτάτας
305 2737 424 2811 νέμοντα
440 2737 486 2794 καὶ
503 2735 585 2812 οὔρεα
599 2735 815 2812 θηριωδέστατα·
835 2735 874 2808 τῷ

72 2817 179 2897 οὕνομα
193 2820 229 2896 ἦν
245 2823 433 2898 Μιτραδάτης,
448 2825 573 2882 συνοίκεε
592 2824 620 2882 δὲ
638 2827 674 2900 τῇ
692 2825 792 2879 ἑωυτοῦ
809 2844 874 2877 συν-

72 2905 173 2987 δούλιρ·
193 2907 299 2985 οὕνομα
315 2911 346 2969 δὲ
360 2916 396 2990 τῇ
412 2913 522 2990 γυναικὶ
539 2910 574 2987 ἦν
589 2915 625 2988 τῇ
644 2909 770 2968 συνοίκεε
791 2904 873 2965 Κυνιδ

72 2994 144 3054 κατὰ
155 2995 208 3072 τήν
220 2995 365 3072 Ἑλλήνων
376 3002 524 3079 γλῶσσαν,
539 2997 609 3057 κατά
626 2997 655 3056 δὲ
670 2995 722 3073 τήν
735 2992 873 3070 Μηδικήν,

73 3082 185 3146 Σπακώ·
205 3083 258 3159 τήν
272 3085 328 3165 γάρ
345 3084 414 3145 κύνα
433 3085 567 3146 καλέουσι
584 3083 681 3144 σπάκα
700 3082 805 3157 Μῆδοι.
843 3083 877 3153 αἱ

73 3169 103 3230 δὲ
114 3169 239 3248 ύπυίρεαί
249 3176 304 3232 εἶσι
317 3177 373 3234 τοῖν
384 3172 489 3254 ούρέων
500 3176 569 3237 ἔνθα
577 3173 632 3238 τὰς
642 3171 736 3252 νομάς
747 3173 803 3229 τῖον
816 3168 897 3242 ᾓςῖκυ

61 3255 122 3331 ’ῙΧὲ
132 3255 216 3322 θῦΐθς
229 3259 265 3338 δή
277 3261 296 3322 0‘
308 3265 471 3341 βουκόλος,
482 3265 560 3347 πρὸς
575 3265 676 3347 βορέω
687 3287 726 3323 τε
736 3256 852 3332 ιὐιέρου
864 3251 925 3306 τῗςυ
