2040 3464
94 107 202 171 (ια-65]
439 112 551 160 mm.
865 106 896 151 29

94 189 251 264 συλλαβών
263 189 296 249 τό
309 190 482 268 χρηστήριον
503 193 549 250 καὶ
563 190 621 267 φάς
634 191 762 250 δέκεσθαι
780 190 814 250 τό
829 215 898 268 χρη·

94 277 172 346 σθέν,
187 281 272 358 ἐπῆγε
287 277 338 353 τήν
354 278 498 354 στρατιήν.
538 277 682 358 Ἀθηναῖοι
699 277 729 336 δὲ
749 281 776 336 οῖ
797 283 827 335 ἐκ
846 280 897 336 τοῦ

94 363 196 428 ἄστεος
207 365 278 441 πρός
290 363 405 440 ἄριστον
414 367 596 444 τετραμμένοι
609 365 683 441 ἦσαν
694 366 727 440 δὴ
737 369 896 441 τηνικαῦτα·

96 452 141 511 καὶ
156 452 227 528 μετὰ
243 452 276 511 τό
290 451 406 531 όριστον
418 454 589 530 μετεξέτεροι
605 451 702 522 αὐτῶν,
717 455 743 511 οἱ
757 455 809 529 μὲν
824 451 896 530 πρός

95 538 200 615 κύβους
217 542 243 597 οἱ
259 540 289 599 δὲ
304 540 375 617 πρός
391 539 487 601 ὕπνον.
509 545 536 599 οἶ
553 540 582 599 δὲ
596 539 671 616 οἶμφὶ
687 540 897 616 Πεισίστρατον

95 626 272 698 ἐσπεσόντες,
285 628 350 690 τούς
361 627 525 704 Ἀθηναίους
536 629 680 705 τρέπουσι·
698 627 855 708 φευγόντων
865 628 895 686 δὲ

95 713 206 785 τούτων,
227 716 339 791 βουλήν
359 717 476 775 ἐνθαῦτα
499 715 667 791 σοφωτάτην
687 715 894 791 Πεισίστρατος

95 807 279 882 ἐπιτεχνᾶται,
299 803 368 866 ὅκως
386 803 458 879 μήτε
479 802 622 863 ἁλισθεῖεν
640 804 679 862 ἐτι
698 806 725 861 οἱ
741 801 894 877 Ἀθηναῖοι,

96 889 323 967 διεσκεδασμένοι
337 916 369 950 τε
383 892 445 950 εἶεν·
466 889 648 966 ἀναβιβάσας
659 891 724 953 τούς
736 890 836 952 παῖδας
849 891 895 948 ἐπὶ

97 977 198 1042 ἵππους
209 980 380 1055 προέπεμπε·
397 982 424 1037 οἱ
437 978 466 1037 δὲ
480 977 743 1054 καταλαμβάνοντες
752 977 815 1040 τούς
828 977 894 1053 φεύ-

95 1093 204 1146 γοντας,
226 1068 323 1138 ἔλεγον
341 1066 378 1126 τό
397 1067 581 1142 ἐντεταλμένα
599 1065 654 1125 ύπὸ
676 1065 893 1143 Πεισιστράτου,

97 1155 226 1230 θαρσέειν
242 1181 273 1214 τε
291 1154 448 1217 κελεύοντες
466 1155 512 1212 καὶ
531 1153 647 1222 οἷπιέναι,
664 1154 781 1216 ἕκαστος
797 1153 842 1211 ἐπὶ
857 1153 895 1212 τά

97 1245 207 1301 ἑωυτοῦ,
248 1243 425 1318 Πειθομένων
451 1241 480 1300 δὲ
506 1246 560 1301 τῶν
581 1240 741 1315 Ἀθηναίων,
766 1241 837 1300 οὕτω
860 1240 894 1315 δὴ
903 1243 941 1300 64

97 1331 303 1407 Πεισίστρατος
315 1330 348 1389 τό
360 1331 453 1406 τρίτον
466 1328 546 1407 σχόν
557 1328 685 1403 Ἀθήνας,
701 1330 830 1404 ἐρρίζωσε
842 1328 894 1403 τήν

95 1418 241 1493 τυραννίδα
264 1416 438 1494 ἐπικούροισί
458 1443 489 1476 τε
511 1420 657 1484 πολλοῖσι,
679 1417 725 1473 καὶ
747 1415 896 1494 χρημάτων

96 1506 249 1578 συνόδοισι,
266 1506 332 1586 (τῶν
348 1509 400 1582 μὲν
417 1504 533 1564 αύτόθεν
548 1508 603 1563 τῶν
620 1503 650 1561 δὲ
666 1502 722 1561 όπὸ
738 1503 896 1579 Στρυμόνος

95 1598 224 1669 ποταμοῦ
241 1593 410 1673 συνιόντων,)
425 1592 545 1669 ὁμήρους
557 1617 587 1650 τε
602 1595 657 1650 τῶν
669 1590 893 1668 παραμεινάντων

95 1679 247 1756 Ἀθηναίων
268 1683 314 1740 καὶ
333 1681 373 1758 μὴ
394 1680 492 1739 αὐτίκα
512 1678 657 1760 φυγόντων
676 1679 777 1742 παῖδας
796 1680 895 1755 λαβιύν

97 1771 143 1827 καὶ
161 1769 341 1844 καταστήσας
360 1775 387 1831 ἐς
405 1767 510 1838 Νάξον·
532 1767 590 1847 (καὶ
604 1767 659 1849 γάρ
676 1766 778 1843 ταύτην
793 1766 809 1826 ό
828 1774 894 1828 Πει-

96 1859 248 1934 σίστρατος
263 1858 472 1935 κατεστρέψατο
487 1858 601 1934 πολέμῳ
615 1857 660 1913 καὶ
677 1857 809 1934 ἐπέτρεψε
821 1864 894 1937 Λυγ-

96 1944 183 2024 δάμι·)
197 1945 266 2022 πρός
274 1971 305 2004 τε
316 1947 355 2004 ἔτι
364 1944 498 2014 τούτοισι,
506 1943 558 2018 τὴν
568 1948 656 2019 νῆσον
665 1947 762 2018 Δῆλον
773 1943 895 2023 καθήρας

96 2037 126 2092 ἐκ
142 2037 198 2093 τῶν
209 2034 320 2113 λογίων,
335 2030 456 2110 καθῄρας
469 2033 499 2091 δὲ
514 2029 535 2090 ὦ
554 2058 575 2090 ε·
596 2036 630 2090 ἐπ
650 2031 720 2090 ὅσον
732 2033 830 2110 ἔποψις
844 2037 894 2092 τοῦ

97 2124 157 2198 ἱροῦ
171 2120 235 2200 εἶχε,
250 2126 280 2178 ἐκ
293 2120 392 2180 τούτου
405 2125 454 2179 τοῦ
467 2119 558 2198 χοίρου
575 2119 678 2181 παντός
691 2118 818 2195 ἐξορύξας
830 2120 895 2182 τούς

95 2207 214 2284 νεκρούς,
229 2207 382 2286 μετεφόρεε
399 2212 425 2269 ἐς
442 2206 532 2266 ἄλλον
546 2211 638 2284 χῶρον
653 2210 703 2281 τῆς
720 2206 826 2281 Δήλου·
848 2209 892 2268 καὶ

96 2296 303 2372 Πεισίστρατος
319 2299 370 2370 μὲν
387 2293 544 2372 ἐτυράννευε
560 2293 721 2369 Ἀθηναίων·
742 2293 895 2369 Ἀθηναίων

96 2384 125 2442 δὲ
140 2386 232 2460 οἱμὲν
248 2388 277 2442 ἐν
288 2388 325 2462 τῇ
336 2382 414 2461 μάχη
428 2380 623 2440 ἐπεπτώκεσαν
636 2385 663 2440 οἱ
680 2382 709 2440 δὲ
722 2381 811 2441 αὐτῶν
823 2383 894 2459 μετό

94 2470 332 2547 Ἀλκμαιωνιδέων
346 2472 464 2551 ἔφευγον
477 2475 507 2529 ἐκ
519 2473 570 2545 τῆς
583 2470 696 2545 οἰκηίης.

135 2558 205 2621 Τούς
215 2559 321 2634 μέννυν
329 2557 492 2633 Ἀθηναίους
503 2560 617 2616 τοιαῦτα
627 2556 676 2616 τόν
685 2556 786 2636 χρόνον
795 2562 894 2618 τοῦτον
904 2559 941 2617 65

96 2645 295 2706 ἐπυνθάνετοό
312 2649 437 2722 Κροῖσος
453 2645 614 2723 κατέχοντα·
634 2643 697 2707 τούς
716 2645 745 2702 δὲ
761 2646 893 2704 Λακεδαι-

96 2735 206 2810 μονίους
219 2738 249 2791 ἐκ
263 2737 352 2792 κακῶν
362 2759 392 2792 τε
404 2732 535 2814 μεγάλων
544 2732 726 2813 πεφευγότας,
741 2733 786 2790 καὶ
799 2731 894 2797 ἐόντας

98 2819 148 2896 ἤδη
163 2825 201 2899 τῷ
219 2822 333 2898 πολέμῳ
351 2821 564 2897 κατυπερτέρους
582 2821 746 2900 Τεγεητέων.
777 2819 823 2878 ἐπὶ
839 2820 894 2900 γάρ

98 2909 216 2970 Λέοντος
231 2908 435 2983 βασιλεύοντος
455 2908 501 2966 καὶ
516 2907 704 2988 Ἡγησικλέος
723 2912 752 2965 ἐν
769 2906 893 2986 Σπάρτη,

97 2995 160 3059 τούς
174 2993 280 3057 ἅλλους
291 2993 619 3074 τολέμουςέύτυχεόντες
635 2997 661 3053 οἶ
673 2994 894 3069 Λακεδαιμόνιοι,

98 3083 165 3161 πρός
190 3081 328 3163 Τεγεήτας
352 3081 470 3160 μούνους
494 3082 696 3159 προσέπταιον.
735 3080 770 3140 τό
795 3081 830 3138 δὲ
856 3084 904 3139 'm

98 3170 232 3248 πρότερον
251 3167 364 3244 τούτων,
386 3169 434 3232 καὶ
453 3169 693 3252 κακονομύντατοι
712 3167 793 3245 ἦσαν
817 3165 926 3243 off&

88 3256 198 3319 πάντων
209 3257 367 3340 Ἑλλήνων,
379 3261 457 3326 κατά
467 3291 502 3327 τε
516 3264 620 3344 σφέας
629 3257 752 3326 αὖτοῖις,
762 3257 815 3315 καλ
826 3253 959 3321 &nvom
