<?xml version="1.0" encoding="UTF-8"?>
<!DOCTYPE html PUBLIC "-//W3C//DTD XHTML 1.0 Transitional//EN"
    "http://www.w3.org/TR/xhtml1/DTD/xhtml1-transitional.dtd">
<html xmlns="http://www.w3.org/1999/xhtml" xml:lang="en" lang="en">
 <head>
  <title>
</title>
<meta http-equiv="Content-Type" content="text/html;charset=utf-8" />
  <meta name='ocr-system' content='tesseract 3.04.00' />
  <meta name='ocr-capabilities' content='ocr_page ocr_carea ocr_par ocr_line ocrx_word'/>
</head>
<body>
  <div class='ocr_page' id='page_1' title='image "./recensuitjoseph00herogoog_0273.png"; bbox 0 0 2040 3464; ppageno 0'>
   <div class='ocr_carea' id='block_1_1' title="bbox 57 108 960 3356">
    <p class='ocr_par' dir='ltr' id='par_1_1' title="bbox 57 108 960 3356">
     <span class='ocr_line' id='line_1_1' title="bbox 135 108 940 178; baseline 0.007 -19"><span class='ocrx_word' id='word_1_1' title='bbox 135 112 182 160; x_wconf 78' lang='lat'>238</span> <span class='ocrx_word' id='word_1_2' title='bbox 218 108 228 118; x_wconf 87' lang='lat'><strong>·</strong></span> <span class='ocrx_word' id='word_1_3' title='bbox 443 116 626 164; x_wconf 76' lang='grc' dir='ltr'>ἫΡοΔοαοο</span> <span class='ocrx_word' id='word_1_4' title='bbox 869 113 940 178; x_wconf 90' lang='lat'>[111.</span> 
     </span>
     <span class='ocr_line' id='line_1_2' title="bbox 134 190 941 272; baseline 0.006 -23"><span class='ocrx_word' id='word_1_5' title='bbox 134 190 183 250; x_wconf 79' lang='grc' dir='ltr'>τόν</span> <span class='ocrx_word' id='word_1_6' title='bbox 197 192 299 272; x_wconf 97' lang='grc' dir='ltr'>Μάγον</span> <span class='ocrx_word' id='word_1_7' title='bbox 311 193 414 257; x_wconf 82' lang='grc' dir='ltr'>ῖθέως.”</span> <span class='ocrx_word' id='word_1_8' title='bbox 441 199 529 254; x_wconf 81' lang='grc' dir='ltr'>ταῦτα</span> <span class='ocrx_word' id='word_1_9' title='bbox 543 196 602 253; x_wconf 83' lang='grc' dir='ltr'>εἶπε</span> <span class='ocrx_word' id='word_1_10' title='bbox 616 193 759 271; x_wconf 75' lang='grc' dir='ltr'>Γωβρύης·</span> <span class='ocrx_word' id='word_1_11' title='bbox 776 193 824 252; x_wconf 85' lang='grc' dir='ltr'>καὶ</span> <span class='ocrx_word' id='word_1_12' title='bbox 836 193 941 259; x_wconf 86' lang='grc' dir='ltr'>πάντες</span> 
     </span>
     <span class='ocr_line' id='line_1_3' title="bbox 134 282 334 340; baseline 0.01 -2"><span class='ocrx_word' id='word_1_13' title='bbox 134 283 221 338; x_wconf 83' lang='grc' dir='ltr'>ταῦτα</span> <span class='ocrx_word' id='word_1_14' title='bbox 235 282 334 340; x_wconf 81' lang='grc' dir='ltr'>αἴνεον.</span> 
     </span>
     <span class='ocr_line' id='line_1_4' title="bbox 90 366 940 449; baseline 0.004 -21"><span class='ocrx_word' id='word_1_15' title='bbox 90 367 127 428; x_wconf 62' lang='grc' dir='ltr'>ίύ</span> <span class='ocrx_word' id='word_1_16' title='bbox 175 366 224 425; x_wconf 90' lang='grc' dir='ltr'>Ἐν</span> <span class='ocrx_word' id='word_1_17' title='bbox 242 366 262 444; x_wconf 82' lang='grc' dir='ltr'>ᾧ</span> <span class='ocrx_word' id='word_1_18' title='bbox 280 368 310 426; x_wconf 81' lang='grc' dir='ltr'>δὲ</span> <span class='ocrx_word' id='word_1_19' title='bbox 329 367 405 428; x_wconf 82' lang='grc' dir='ltr'>οὗτοι</span> <span class='ocrx_word' id='word_1_20' title='bbox 424 374 512 430; x_wconf 83' lang='grc' dir='ltr'>ταῦτα</span> <span class='ocrx_word' id='word_1_21' title='bbox 533 367 718 446; x_wconf 74' lang='grc' dir='ltr'>ἐβουλεύοντο</span> <span class='ocrx_word' id='word_1_22' title='bbox 740 369 846 449; x_wconf 81' lang='grc' dir='ltr'>ἐγίνετο</span> <span class='ocrx_word' id='word_1_23' title='bbox 866 369 940 431; x_wconf 67' lang='grc' dir='ltr'>κατὰ</span> 
     </span>
     <span class='ocr_line' id='line_1_5' title="bbox 135 457 939 538; baseline 0.005 -24"><span class='ocrx_word' id='word_1_24' title='bbox 135 458 287 533; x_wconf 77' lang='grc' dir='ltr'>συντυχίην</span> <span class='ocrx_word' id='word_1_25' title='bbox 295 457 370 516; x_wconf 88' lang='grc' dir='ltr'>τάδε·</span> <span class='ocrx_word' id='word_1_26' title='bbox 384 463 461 518; x_wconf 84' lang='grc' dir='ltr'>τοῖσι</span> <span class='ocrx_word' id='word_1_27' title='bbox 474 458 605 538; x_wconf 79' lang='grc' dir='ltr'>Μάγοισι</span> <span class='ocrx_word' id='word_1_28' title='bbox 615 457 690 526; x_wconf 81' lang='grc' dir='ltr'>ἔδοξε</span> <span class='ocrx_word' id='word_1_29' title='bbox 700 457 939 534; x_wconf 87' lang='grc' dir='ltr'>βουλευομένοισι</span> 
     </span>
     <span class='ocr_line' id='line_1_6' title="bbox 135 544 939 623; baseline 0.005 -21"><span class='ocrx_word' id='word_1_30' title='bbox 135 544 312 621; x_wconf 75' lang='grc' dir='ltr'>Πρηξάσπεα</span> <span class='ocrx_word' id='word_1_31' title='bbox 339 548 426 622; x_wconf 85' lang='grc' dir='ltr'>φίλον</span> <span class='ocrx_word' id='word_1_32' title='bbox 452 545 640 623; x_wconf 72' lang='grc' dir='ltr'>προσθέσθαι,</span> <span class='ocrx_word' id='word_1_33' title='bbox 663 544 707 604; x_wconf 84' lang='grc' dir='ltr'>ὅτι</span> <span class='ocrx_word' id='word_1_34' title='bbox 729 571 761 604; x_wconf 93' lang='grc' dir='ltr'>τε</span> <span class='ocrx_word' id='word_1_35' title='bbox 788 545 939 606; x_wconf 80' lang='grc' dir='ltr'>ἐπεπόνθεε</span> 
     </span>
     <span class='ocr_line' id='line_1_7' title="bbox 136 630 938 712; baseline 0.004 -22"><span class='ocrx_word' id='word_1_36' title='bbox 136 630 205 708; x_wconf 80' lang='grc' dir='ltr'>πρός</span> <span class='ocrx_word' id='word_1_37' title='bbox 219 633 383 709; x_wconf 77' lang='grc' dir='ltr'>Καμβύσεω</span> <span class='ocrx_word' id='word_1_38' title='bbox 397 634 525 711; x_wconf 75' lang='grc' dir='ltr'>ἀνάρσια,</span> <span class='ocrx_word' id='word_1_39' title='bbox 539 633 581 712; x_wconf 83' lang='grc' dir='ltr'>(ὅς</span> <span class='ocrx_word' id='word_1_40' title='bbox 598 637 625 692; x_wconf 82' lang='grc' dir='ltr'>οἱ</span> <span class='ocrx_word' id='word_1_41' title='bbox 640 632 690 693; x_wconf 81' lang='grc' dir='ltr'>τόν</span> <span class='ocrx_word' id='word_1_42' title='bbox 702 633 788 692; x_wconf 81' lang='grc' dir='ltr'>παῖδα</span> <span class='ocrx_word' id='word_1_43' title='bbox 801 633 938 702; x_wconf 78' lang='grc' dir='ltr'>τοξεύσας</span> 
     </span>
     <span class='ocr_line' id='line_1_8' title="bbox 135 720 940 802; baseline 0.004 -24"><span class='ocrx_word' id='word_1_44' title='bbox 135 720 334 802; x_wconf 77' lang='grc' dir='ltr'>άπολωλέκεε,)</span> <span class='ocrx_word' id='word_1_45' title='bbox 345 724 390 781; x_wconf 88' lang='grc' dir='ltr'>καὶ</span> <span class='ocrx_word' id='word_1_46' title='bbox 399 722 469 781; x_wconf 84' lang='grc' dir='ltr'>διότι</span> <span class='ocrx_word' id='word_1_47' title='bbox 475 726 578 798; x_wconf 86' lang='grc' dir='ltr'>μοῦνος</span> <span class='ocrx_word' id='word_1_48' title='bbox 588 721 730 796; x_wconf 80' lang='grc' dir='ltr'>ἠπίστατο</span> <span class='ocrx_word' id='word_1_49' title='bbox 740 720 790 780; x_wconf 81' lang='grc' dir='ltr'>τόν</span> <span class='ocrx_word' id='word_1_50' title='bbox 801 721 940 798; x_wconf 77' lang='grc' dir='ltr'>Σμέρδιος</span> 
     </span>
     <span class='ocr_line' id='line_1_9' title="bbox 134 807 939 888; baseline 0.002 -22"><span class='ocrx_word' id='word_1_51' title='bbox 134 813 184 866; x_wconf 76' lang='grc' dir='ltr'>κοῦ</span> <span class='ocrx_word' id='word_1_52' title='bbox 204 809 299 886; x_wconf 82' lang='grc' dir='ltr'>Κύρου</span> <span class='ocrx_word' id='word_1_53' title='bbox 317 810 436 870; x_wconf 89' lang='grc' dir='ltr'>θάνατον</span> <span class='ocrx_word' id='word_1_54' title='bbox 454 809 612 888; x_wconf 83' lang='grc' dir='ltr'>αύτοχειρίη</span> <span class='ocrx_word' id='word_1_55' title='bbox 625 835 674 885; x_wconf 88' lang='grc' dir='ltr'>μιν</span> <span class='ocrx_word' id='word_1_56' title='bbox 691 807 845 871; x_wconf 77' lang='grc' dir='ltr'>ἀπολέσας·</span> <span class='ocrx_word' id='word_1_57' title='bbox 867 810 939 885; x_wconf 80' lang='grc' dir='ltr'>πρδς</span> 
     </span>
     <span class='ocr_line' id='line_1_10' title="bbox 135 894 939 978; baseline 0.005 -25"><span class='ocrx_word' id='word_1_58' title='bbox 135 894 159 953; x_wconf 83' lang='grc' dir='ltr'>δ’</span> <span class='ocrx_word' id='word_1_59' title='bbox 180 897 227 965; x_wconf 83' lang='grc' dir='ltr'>ἔτι,</span> <span class='ocrx_word' id='word_1_60' title='bbox 249 897 328 956; x_wconf 89' lang='grc' dir='ltr'>ε’όντα</span> <span class='ocrx_word' id='word_1_61' title='bbox 352 903 381 957; x_wconf 82' lang='grc' dir='ltr'>ἐν</span> <span class='ocrx_word' id='word_1_62' title='bbox 404 899 466 976; x_wconf 84' lang='grc' dir='ltr'>αἴνῃ</span> <span class='ocrx_word' id='word_1_63' title='bbox 490 897 611 978; x_wconf 82' lang='grc' dir='ltr'>μεγίστη</span> <span class='ocrx_word' id='word_1_64' title='bbox 633 895 684 956; x_wconf 82' lang='grc' dir='ltr'>τόν</span> <span class='ocrx_word' id='word_1_65' title='bbox 705 894 885 972; x_wconf 77' lang='grc' dir='ltr'>Πρηξάσπεα</span> <span class='ocrx_word' id='word_1_66' title='bbox 908 902 939 957; x_wconf 85' lang='grc' dir='ltr'>ἐν</span> 
     </span>
     <span class='ocr_line' id='line_1_11' title="bbox 136 983 938 1062; baseline 0.001 -19"><span class='ocrx_word' id='word_1_67' title='bbox 136 983 278 1062; x_wconf 79' lang='grc' dir='ltr'>Πέρσησι.</span> <span class='ocrx_word' id='word_1_68' title='bbox 311 986 415 1045; x_wconf 84' lang='grc' dir='ltr'>τούτων</span> <span class='ocrx_word' id='word_1_69' title='bbox 433 986 467 1060; x_wconf 84' lang='grc' dir='ltr'>δή</span> <span class='ocrx_word' id='word_1_70' title='bbox 480 1011 528 1061; x_wconf 93' lang='grc' dir='ltr'>μιν</span> <span class='ocrx_word' id='word_1_71' title='bbox 548 984 648 1044; x_wconf 84' lang='grc' dir='ltr'>εἵνεκεν</span> <span class='ocrx_word' id='word_1_72' title='bbox 664 983 834 1046; x_wconf 79' lang='grc' dir='ltr'>καλέσαντες</span> <span class='ocrx_word' id='word_1_73' title='bbox 848 985 938 1059; x_wconf 81' lang='grc' dir='ltr'>φίλον</span> 
     </span>
     <span class='ocr_line' id='line_1_12' title="bbox 135 1070 938 1148; baseline 0.001 -18"><span class='ocrx_word' id='word_1_74' title='bbox 135 1071 351 1147; x_wconf 85' lang='grc' dir='ltr'>προσεκτέωντο,</span> <span class='ocrx_word' id='word_1_75' title='bbox 361 1075 444 1133; x_wconf 86' lang='grc' dir='ltr'>πίστι</span> <span class='ocrx_word' id='word_1_76' title='bbox 456 1099 488 1132; x_wconf 88' lang='grc' dir='ltr'>τε</span> <span class='ocrx_word' id='word_1_77' title='bbox 500 1071 638 1147; x_wconf 81' lang='grc' dir='ltr'>λαβόντες</span> <span class='ocrx_word' id='word_1_78' title='bbox 652 1072 698 1129; x_wconf 88' lang='grc' dir='ltr'>καὶ</span> <span class='ocrx_word' id='word_1_79' title='bbox 711 1070 839 1148; x_wconf 84' lang='grc' dir='ltr'>ὁρκίοισι,</span> <span class='ocrx_word' id='word_1_80' title='bbox 850 1071 869 1147; x_wconf 85' lang='grc' dir='ltr'><strong><em>ἦ</em></strong></span> <span class='ocrx_word' id='word_1_81' title='bbox 880 1073 938 1148; x_wconf 79' lang='grc' dir='ltr'>μην</span> 
     </span>
     <span class='ocr_line' id='line_1_13' title="bbox 136 1157 937 1239; baseline 0.001 -21"><span class='ocrx_word' id='word_1_82' title='bbox 136 1159 207 1229; x_wconf 69' lang='grc' dir='ltr'>ἕξειν</span> <span class='ocrx_word' id='word_1_83' title='bbox 218 1159 283 1236; x_wconf 89' lang='grc' dir='ltr'>παρ’</span> <span class='ocrx_word' id='word_1_84' title='bbox 298 1165 386 1239; x_wconf 77' lang='grc' dir='ltr'>ἑωυτῷ</span> <span class='ocrx_word' id='word_1_85' title='bbox 398 1161 461 1237; x_wconf 88' lang='grc' dir='ltr'>μηδ’</span> <span class='ocrx_word' id='word_1_86' title='bbox 476 1161 593 1229; x_wconf 81' lang='grc' dir='ltr'>ἐξοίσειν</span> <span class='ocrx_word' id='word_1_87' title='bbox 606 1160 702 1236; x_wconf 82' lang='grc' dir='ltr'>μηδενὶ</span> <span class='ocrx_word' id='word_1_88' title='bbox 719 1157 870 1235; x_wconf 78' lang='grc' dir='ltr'>ἀνθρώπων</span> <span class='ocrx_word' id='word_1_89' title='bbox 884 1160 937 1234; x_wconf 72' lang='grc' dir='ltr'>τήν</span> 
     </span>
     <span class='ocr_line' id='line_1_14' title="bbox 135 1246 937 1328; baseline 0 -22"><span class='ocrx_word' id='word_1_90' title='bbox 135 1246 191 1306; x_wconf 76' lang='grc' dir='ltr'>ἀπό</span> <span class='ocrx_word' id='word_1_91' title='bbox 206 1247 302 1324; x_wconf 89' lang='grc' dir='ltr'>σφέων</span> <span class='ocrx_word' id='word_1_92' title='bbox 315 1248 424 1324; x_wconf 86' lang='grc' dir='ltr'>άπάτην</span> <span class='ocrx_word' id='word_1_93' title='bbox 440 1255 467 1312; x_wconf 82' lang='grc' dir='ltr'>ἐς</span> <span class='ocrx_word' id='word_1_94' title='bbox 483 1248 598 1325; x_wconf 90' lang='grc' dir='ltr'>Πέρσας</span> <span class='ocrx_word' id='word_1_95' title='bbox 611 1251 766 1328; x_wconf 83' lang='grc' dir='ltr'>γεγονυῖαν·</span> <span class='ocrx_word' id='word_1_96' title='bbox 786 1246 937 1326; x_wconf 84' lang='grc' dir='ltr'>ύπισχνεύ-</span> 
     </span>
     <span class='ocr_line' id='line_1_15' title="bbox 134 1334 938 1413; baseline 0.001 -19"><span class='ocrx_word' id='word_1_97' title='bbox 134 1362 213 1411; x_wconf 83' lang='grc' dir='ltr'>μενοι</span> <span class='ocrx_word' id='word_1_98' title='bbox 228 1336 264 1395; x_wconf 85' lang='grc' dir='ltr'>τοὶ</span> <span class='ocrx_word' id='word_1_99' title='bbox 281 1337 372 1396; x_wconf 87' lang='grc' dir='ltr'>πάντα</span> <span class='ocrx_word' id='word_1_100' title='bbox 390 1341 416 1395; x_wconf 86' lang='grc' dir='ltr'>οἱ</span> <span class='ocrx_word' id='word_1_101' title='bbox 436 1338 521 1413; x_wconf 91' lang='grc' dir='ltr'>μυρία</span> <span class='ocrx_word' id='word_1_102' title='bbox 540 1337 648 1396; x_wconf 84' lang='grc' dir='ltr'>δώσειν.</span> <span class='ocrx_word' id='word_1_103' title='bbox 682 1334 888 1411; x_wconf 77' lang='grc' dir='ltr'>ύποδεκομένου</span> <span class='ocrx_word' id='word_1_104' title='bbox 907 1337 938 1395; x_wconf 79' lang='grc' dir='ltr'>δὲ</span> 
     </span>
     <span class='ocr_line' id='line_1_16' title="bbox 134 1421 938 1501; baseline 0.004 -19"><span class='ocrx_word' id='word_1_105' title='bbox 134 1428 185 1484; x_wconf 79' lang='grc' dir='ltr'>τοῦ</span> <span class='ocrx_word' id='word_1_106' title='bbox 204 1425 390 1500; x_wconf 81' lang='grc' dir='ltr'>Πρηξάσπεος</span> <span class='ocrx_word' id='word_1_107' title='bbox 409 1424 538 1500; x_wconf 86' lang='grc' dir='ltr'>ποιήσειν</span> <span class='ocrx_word' id='word_1_108' title='bbox 555 1429 651 1493; x_wconf 87' lang='grc' dir='ltr'>ταῦτα,</span> <span class='ocrx_word' id='word_1_109' title='bbox 666 1423 700 1486; x_wconf 81' lang='grc' dir='ltr'>ὦς</span> <span class='ocrx_word' id='word_1_110' title='bbox 718 1421 871 1482; x_wconf 69' lang='grc' dir='ltr'>ἀνέπεισάν</span> <span class='ocrx_word' id='word_1_111' title='bbox 887 1450 938 1501; x_wconf 90' lang='grc' dir='ltr'>μιν</span> 
     </span>
     <span class='ocr_line' id='line_1_17' title="bbox 135 1510 938 1592; baseline 0.005 -24"><span class='ocrx_word' id='word_1_112' title='bbox 135 1514 162 1569; x_wconf 84' lang='grc' dir='ltr'>οἱ</span> <span class='ocrx_word' id='word_1_113' title='bbox 182 1511 286 1592; x_wconf 85' lang='grc' dir='ltr'>Μάγοι,</span> <span class='ocrx_word' id='word_1_114' title='bbox 306 1513 418 1589; x_wconf 89' lang='grc' dir='ltr'>δεύτερα</span> <span class='ocrx_word' id='word_1_115' title='bbox 437 1514 625 1590; x_wconf 82' lang='grc' dir='ltr'>προσέφερον,</span> <span class='ocrx_word' id='word_1_116' title='bbox 642 1510 722 1569; x_wconf 74' lang='grc' dir='ltr'>αὐτοὶ</span> <span class='ocrx_word' id='word_1_117' title='bbox 741 1513 793 1587; x_wconf 80' lang='grc' dir='ltr'>μὲν</span> <span class='ocrx_word' id='word_1_118' title='bbox 814 1511 938 1588; x_wconf 86' lang='grc' dir='ltr'>φάμενοι</span> 
     </span>
     <span class='ocr_line' id='line_1_18' title="bbox 136 1598 937 1681; baseline 0.002 -24"><span class='ocrx_word' id='word_1_119' title='bbox 136 1599 251 1675; x_wconf 83' lang='grc' dir='ltr'>Πέρσας</span> <span class='ocrx_word' id='word_1_120' title='bbox 262 1600 366 1663; x_wconf 89' lang='grc' dir='ltr'>πάντας</span> <span class='ocrx_word' id='word_1_121' title='bbox 380 1600 545 1681; x_wconf 87' lang='grc' dir='ltr'>συγκαλέειν</span> <span class='ocrx_word' id='word_1_122' title='bbox 554 1599 609 1659; x_wconf 81' lang='grc' dir='ltr'>ύπὸ</span> <span class='ocrx_word' id='word_1_123' title='bbox 619 1598 653 1658; x_wconf 82' lang='grc' dir='ltr'>τό</span> <span class='ocrx_word' id='word_1_124' title='bbox 667 1598 823 1674; x_wconf 84' lang='grc' dir='ltr'>βασιλήϊον</span> <span class='ocrx_word' id='word_1_125' title='bbox 833 1604 937 1678; x_wconf 83' lang='grc' dir='ltr'>τεῖχος,</span> 
     </span>
     <span class='ocr_line' id='line_1_19' title="bbox 137 1686 936 1767; baseline 0.004 -23"><span class='ocrx_word' id='word_1_126' title='bbox 137 1692 225 1746; x_wconf 87' lang='grc' dir='ltr'>κεῖνον</span> <span class='ocrx_word' id='word_1_127' title='bbox 242 1688 264 1746; x_wconf 87' lang='grc' dir='ltr'>δ’</span> <span class='ocrx_word' id='word_1_128' title='bbox 279 1688 405 1749; x_wconf 85' lang='grc' dir='ltr'>ἐκέλευον</span> <span class='ocrx_word' id='word_1_129' title='bbox 421 1687 567 1763; x_wconf 87' lang='grc' dir='ltr'>α’ναβάντα</span> <span class='ocrx_word' id='word_1_130' title='bbox 585 1688 631 1746; x_wconf 90' lang='grc' dir='ltr'>ε’πὶ</span> <span class='ocrx_word' id='word_1_131' title='bbox 649 1686 756 1767; x_wconf 86' lang='grc' dir='ltr'>πύργον</span> <span class='ocrx_word' id='word_1_132' title='bbox 772 1686 936 1767; x_wconf 79' lang='grc' dir='ltr'>α’γορεῦσαι,</span> 
     </span>
     <span class='ocr_line' id='line_1_20' title="bbox 136 1773 936 1854; baseline 0.004 -22"><span class='ocrx_word' id='word_1_133' title='bbox 136 1773 171 1836; x_wconf 81' lang='grc' dir='ltr'>ὦς</span> <span class='ocrx_word' id='word_1_134' title='bbox 183 1775 237 1834; x_wconf 82' lang='grc' dir='ltr'>ύπό</span> <span class='ocrx_word' id='word_1_135' title='bbox 248 1780 297 1835; x_wconf 81' lang='grc' dir='ltr'>τοῦ</span> <span class='ocrx_word' id='word_1_136' title='bbox 312 1777 406 1853; x_wconf 89' lang='grc' dir='ltr'>Κύρου</span> <span class='ocrx_word' id='word_1_137' title='bbox 420 1777 553 1852; x_wconf 83' lang='grc' dir='ltr'>Σμέρδιος</span> <span class='ocrx_word' id='word_1_138' title='bbox 567 1775 699 1854; x_wconf 80' lang='grc' dir='ltr'>ἄρχονται</span> <span class='ocrx_word' id='word_1_139' title='bbox 710 1775 755 1832; x_wconf 88' lang='grc' dir='ltr'>καὶ</span> <span class='ocrx_word' id='word_1_140' title='bbox 765 1774 811 1832; x_wconf 78' lang='grc' dir='ltr'>ὑπ’</span> <span class='ocrx_word' id='word_1_141' title='bbox 822 1775 936 1839; x_wconf 79' lang='grc' dir='ltr'>οὐδενός</span> 
     </span>
     <span class='ocr_line' id='line_1_21' title="bbox 136 1862 945 1932; baseline 0.006 -13"><span class='ocrx_word' id='word_1_142' title='bbox 136 1862 237 1922; x_wconf 78' lang='grc' dir='ltr'>ἄλλου.</span> <span class='ocrx_word' id='word_1_143' title='bbox 270 1869 358 1922; x_wconf 89' lang='grc' dir='ltr'>ταῦτα</span> <span class='ocrx_word' id='word_1_144' title='bbox 375 1865 404 1923; x_wconf 82' lang='grc' dir='ltr'>δὲ</span> <span class='ocrx_word' id='word_1_145' title='bbox 423 1865 493 1923; x_wconf 84' lang='grc' dir='ltr'>ούτω</span> <span class='ocrx_word' id='word_1_146' title='bbox 511 1865 695 1932; x_wconf 83' lang='grc' dir='ltr'>ἐνετέλλοντο,</span> <span class='ocrx_word' id='word_1_147' title='bbox 711 1862 746 1924; x_wconf 74' lang='grc' dir='ltr'>ὥς</span> <span class='ocrx_word' id='word_1_148' title='bbox 761 1863 945 1925; x_wconf 85' lang='grc' dir='ltr'>πιστοτάτου,</span> 
     </span>
     <span class='ocr_line' id='line_1_22' title="bbox 135 1949 939 2030; baseline 0.004 -23"><span class='ocrx_word' id='word_1_149' title='bbox 135 1949 218 2024; x_wconf 76' lang='grc' dir='ltr'>δῆθεν</span> <span class='ocrx_word' id='word_1_150' title='bbox 235 1949 327 2013; x_wconf 85' lang='grc' dir='ltr'>ἐόντος</span> <span class='ocrx_word' id='word_1_151' title='bbox 346 1951 430 2011; x_wconf 74' lang='grc' dir='ltr'>αὐτοῦ</span> <span class='ocrx_word' id='word_1_152' title='bbox 449 1957 478 2011; x_wconf 92' lang='grc' dir='ltr'>ε’ν</span> <span class='ocrx_word' id='word_1_153' title='bbox 492 1951 632 2030; x_wconf 82' lang='grc' dir='ltr'>Πέρσησι,</span> <span class='ocrx_word' id='word_1_154' title='bbox 647 1952 693 2009; x_wconf 83' lang='grc' dir='ltr'>καὶ</span> <span class='ocrx_word' id='word_1_155' title='bbox 711 1950 850 2012; x_wconf 87' lang='grc' dir='ltr'>πολλάκις</span> <span class='ocrx_word' id='word_1_156' title='bbox 867 1951 939 2010; x_wconf 86' lang='grc' dir='ltr'>α’πο-</span> 
     </span>
     <span class='ocr_line' id='line_1_23' title="bbox 135 2036 937 2117; baseline 0.006 -23"><span class='ocrx_word' id='word_1_157' title='bbox 135 2036 284 2112; x_wconf 80' lang='grc' dir='ltr'>δεξαμένου</span> <span class='ocrx_word' id='word_1_158' title='bbox 299 2039 410 2117; x_wconf 83' lang='grc' dir='ltr'>γνώμην</span> <span class='ocrx_word' id='word_1_159' title='bbox 426 2039 461 2101; x_wconf 78' lang='grc' dir='ltr'>ὦς</span> <span class='ocrx_word' id='word_1_160' title='bbox 477 2040 583 2115; x_wconf 90' lang='grc' dir='ltr'>περιείη</span> <span class='ocrx_word' id='word_1_161' title='bbox 597 2038 612 2099; x_wconf 79' lang='grc' dir='ltr'>ὁ</span> <span class='ocrx_word' id='word_1_162' title='bbox 631 2038 725 2115; x_wconf 87' lang='grc' dir='ltr'>Κύρου</span> <span class='ocrx_word' id='word_1_163' title='bbox 745 2037 873 2114; x_wconf 75' lang='grc' dir='ltr'>Σμέρδις,</span> <span class='ocrx_word' id='word_1_164' title='bbox 888 2042 937 2099; x_wconf 87' lang='grc' dir='ltr'>καὶ</span> 
     </span>
     <span class='ocr_line' id='line_1_24' title="bbox 91 2124 937 2202; baseline 0.002 -16"><span class='ocrx_word' id='word_1_165' title='bbox 91 2125 358 2201; x_wconf 68' lang='grc' dir='ltr'>ῗδέξαρνησαμένου</span> <span class='ocrx_word' id='word_1_166' title='bbox 381 2127 430 2186; x_wconf 80' lang='grc' dir='ltr'>τόν</span> <span class='ocrx_word' id='word_1_167' title='bbox 451 2126 539 2202; x_wconf 89' lang='grc' dir='ltr'>φόνον</span> <span class='ocrx_word' id='word_1_168' title='bbox 560 2127 653 2186; x_wconf 82' lang='grc' dir='ltr'>αὐτοῦ·</span> <span class='ocrx_word' id='word_1_169' title='bbox 680 2124 809 2200; x_wconf 89' lang='grc' dir='ltr'>Φαμένου</span> <span class='ocrx_word' id='word_1_170' title='bbox 833 2127 864 2185; x_wconf 81' lang='grc' dir='ltr'>δὲ</span> <span class='ocrx_word' id='word_1_171' title='bbox 887 2131 937 2188; x_wconf 82' lang='grc' dir='ltr'>καὶ</span> 
     </span>
     <span class='ocr_line' id='line_1_25' title="bbox 135 2213 938 2296; baseline 0.005 -26"><span class='ocrx_word' id='word_1_172' title='bbox 135 2217 222 2271; x_wconf 84' lang='grc' dir='ltr'>ταῦτα</span> <span class='ocrx_word' id='word_1_173' title='bbox 239 2215 349 2291; x_wconf 81' lang='grc' dir='ltr'>ἑτοίμου</span> <span class='ocrx_word' id='word_1_174' title='bbox 364 2215 433 2273; x_wconf 81' lang='grc' dir='ltr'>εἶναι</span> <span class='ocrx_word' id='word_1_175' title='bbox 449 2215 552 2274; x_wconf 84' lang='grc' dir='ltr'>ποιέειν</span> <span class='ocrx_word' id='word_1_176' title='bbox 565 2219 615 2273; x_wconf 87' lang='grc' dir='ltr'>τοῦ</span> <span class='ocrx_word' id='word_1_177' title='bbox 629 2213 816 2290; x_wconf 81' lang='grc' dir='ltr'>Πρηξάσπεα,</span> <span class='ocrx_word' id='word_1_178' title='bbox 832 2241 938 2296; x_wconf 83' lang='grc' dir='ltr'>συγκα-</span> 
     </span>
     <span class='ocr_line' id='line_1_26' title="bbox 136 2300 940 2382; baseline 0.007 -25"><span class='ocrx_word' id='word_1_179' title='bbox 136 2300 269 2363; x_wconf 88' lang='grc' dir='ltr'>λέσαντες</span> <span class='ocrx_word' id='word_1_180' title='bbox 288 2301 403 2378; x_wconf 87' lang='grc' dir='ltr'>Πέρσας</span> <span class='ocrx_word' id='word_1_181' title='bbox 423 2307 449 2362; x_wconf 83' lang='grc' dir='ltr'>οἱ</span> <span class='ocrx_word' id='word_1_182' title='bbox 468 2302 574 2382; x_wconf 87' lang='grc' dir='ltr'>Μάγοι,</span> <span class='ocrx_word' id='word_1_183' title='bbox 589 2301 769 2378; x_wconf 78' lang='grc' dir='ltr'>ἀνεβίβασαν</span> <span class='ocrx_word' id='word_1_184' title='bbox 788 2300 873 2361; x_wconf 72' lang='grc' dir='ltr'>αὐτόν</span> <span class='ocrx_word' id='word_1_185' title='bbox 892 2308 940 2364; x_wconf 81' lang='grc' dir='ltr'>ε’πὶ</span> 
     </span>
     <span class='ocr_line' id='line_1_27' title="bbox 136 2387 939 2470; baseline 0.009 -25"><span class='ocrx_word' id='word_1_186' title='bbox 136 2388 242 2469; x_wconf 89' lang='grc' dir='ltr'>πύργον</span> <span class='ocrx_word' id='word_1_187' title='bbox 270 2391 315 2447; x_wconf 87' lang='grc' dir='ltr'>καὶ</span> <span class='ocrx_word' id='word_1_188' title='bbox 332 2390 478 2470; x_wconf 39' lang='grc' dir='ltr'>,άγορεύειν</span> <span class='ocrx_word' id='word_1_189' title='bbox 502 2390 638 2448; x_wconf 82' lang='grc' dir='ltr'>ἐκέλευον·</span> <span class='ocrx_word' id='word_1_190' title='bbox 665 2389 680 2447; x_wconf 83' lang='grc' dir='ltr'>ὁ</span> <span class='ocrx_word' id='word_1_191' title='bbox 708 2390 737 2446; x_wconf 89' lang='grc' dir='ltr'>δὲ</span> <span class='ocrx_word' id='word_1_192' title='bbox 760 2393 815 2448; x_wconf 82' lang='grc' dir='ltr'>τῶν</span> <span class='ocrx_word' id='word_1_193' title='bbox 840 2387 939 2465; x_wconf 87' lang='grc' dir='ltr'>μέντοι</span> 
     </span>
     <span class='ocr_line' id='line_1_28' title="bbox 138 2477 940 2555; baseline 0.002 -21"><span class='ocrx_word' id='word_1_194' title='bbox 138 2480 235 2535; x_wconf 79' lang='grc' dir='ltr'>ἐκεῖνοι</span> <span class='ocrx_word' id='word_1_195' title='bbox 253 2477 440 2553; x_wconf 89' lang='grc' dir='ltr'>προσεδέοντο</span> <span class='ocrx_word' id='word_1_196' title='bbox 460 2477 552 2546; x_wconf 74' lang='grc' dir='ltr'>αὐτοῦ,</span> <span class='ocrx_word' id='word_1_197' title='bbox 567 2477 670 2535; x_wconf 89' lang='grc' dir='ltr'>τούτων</span> <span class='ocrx_word' id='word_1_198' title='bbox 685 2479 736 2551; x_wconf 79' lang='grc' dir='ltr'>μὲν</span> <span class='ocrx_word' id='word_1_199' title='bbox 753 2479 821 2536; x_wconf 57' lang='lat' dir='ltr'>{mh}</span> <span class='ocrx_word' id='word_1_200' title='bbox 837 2481 940 2555; x_wconf 79' lang='grc' dir='ltr'>ε’πελή-</span> 
     </span>
     <span class='ocr_line' id='line_1_29' title="bbox 137 2564 939 2646; baseline 0.004 -23"><span class='ocrx_word' id='word_1_201' title='bbox 137 2566 211 2624; x_wconf 88' lang='grc' dir='ltr'>θετο·</span> <span class='ocrx_word' id='word_1_202' title='bbox 236 2565 388 2642; x_wconf 77' lang='grc' dir='ltr'>ἀρξάμενος</span> <span class='ocrx_word' id='word_1_203' title='bbox 409 2566 438 2624; x_wconf 82' lang='grc' dir='ltr'>δὲ</span> <span class='ocrx_word' id='word_1_204' title='bbox 457 2565 513 2624; x_wconf 81' lang='grc' dir='ltr'>ἅπὸ</span> <span class='ocrx_word' id='word_1_205' title='bbox 533 2564 712 2643; x_wconf 86' lang='grc' dir='ltr'>Ἀχαιμένεος</span> <span class='ocrx_word' id='word_1_206' title='bbox 732 2569 939 2646; x_wconf 59' lang='grc' dir='ltr'>ἐγενεαλόγησε</span> 
     </span>
     <span class='ocr_line' id='line_1_30' title="bbox 135 2652 940 2730; baseline 0.002 -18"><span class='ocrx_word' id='word_1_207' title='bbox 135 2653 187 2728; x_wconf 70' lang='grc' dir='ltr'>τὴν</span> <span class='ocrx_word' id='word_1_208' title='bbox 200 2654 319 2730; x_wconf 70' lang='grc' dir='ltr'>πατριὴν</span> <span class='ocrx_word' id='word_1_209' title='bbox 332 2654 384 2729; x_wconf 75' lang='grc' dir='ltr'>τήν</span> <span class='ocrx_word' id='word_1_210' title='bbox 398 2654 502 2730; x_wconf 87' lang='grc' dir='ltr'>Κύρου·</span> <span class='ocrx_word' id='word_1_211' title='bbox 518 2653 589 2729; x_wconf 81' lang='grc' dir='ltr'>μετά</span> <span class='ocrx_word' id='word_1_212' title='bbox 604 2653 641 2720; x_wconf 82' lang='grc' dir='ltr'>δὲ,</span> <span class='ocrx_word' id='word_1_213' title='bbox 656 2652 691 2714; x_wconf 78' lang='grc' dir='ltr'>ὠς</span> <span class='ocrx_word' id='word_1_214' title='bbox 705 2656 732 2714; x_wconf 83' lang='grc' dir='ltr'>ἐς</span> <span class='ocrx_word' id='word_1_215' title='bbox 745 2658 845 2711; x_wconf 82' lang='grc' dir='ltr'>τουτον</span> <span class='ocrx_word' id='word_1_216' title='bbox 860 2657 940 2714; x_wconf 73' lang='grc' dir='ltr'>κατί-</span> 
     </span>
     <span class='ocr_line' id='line_1_31' title="bbox 136 2738 940 2820; baseline 0.001 -20"><span class='ocrx_word' id='word_1_217' title='bbox 136 2743 185 2815; x_wconf 87' lang='grc' dir='ltr'>βη,</span> <span class='ocrx_word' id='word_1_218' title='bbox 214 2745 348 2800; x_wconf 81' lang='grc' dir='ltr'>τελευτῶν</span> <span class='ocrx_word' id='word_1_219' title='bbox 379 2742 458 2820; x_wconf 81' lang='grc' dir='ltr'>ἔλεγε</span> <span class='ocrx_word' id='word_1_220' title='bbox 487 2739 543 2799; x_wconf 82' lang='grc' dir='ltr'>ὅσα</span> <span class='ocrx_word' id='word_1_221' title='bbox 573 2738 666 2819; x_wconf 83' lang='grc' dir='ltr'>άγαθά</span> <span class='ocrx_word' id='word_1_222' title='bbox 697 2743 790 2815; x_wconf 83' lang='grc' dir='ltr'>Κῦρος</span> <span class='ocrx_word' id='word_1_223' title='bbox 820 2740 940 2818; x_wconf 73' lang='grc' dir='ltr'>Πέρσας</span> 
     </span>
     <span class='ocr_line' id='line_1_32' title="bbox 137 2826 938 2905; baseline 0.001 -18"><span class='ocrx_word' id='word_1_224' title='bbox 137 2828 292 2904; x_wconf 82' lang='grc' dir='ltr'>πεποιήκοι·</span> <span class='ocrx_word' id='word_1_225' title='bbox 314 2829 459 2898; x_wconf 72' lang='grc' dir='ltr'>διεξελθών</span> <span class='ocrx_word' id='word_1_226' title='bbox 480 2829 509 2887; x_wconf 85' lang='grc' dir='ltr'>δὲ</span> <span class='ocrx_word' id='word_1_227' title='bbox 529 2832 623 2899; x_wconf 85' lang='grc' dir='ltr'>ταῦτα,</span> <span class='ocrx_word' id='word_1_228' title='bbox 647 2826 774 2902; x_wconf 78' lang='grc' dir='ltr'>ἐξέφαινε</span> <span class='ocrx_word' id='word_1_229' title='bbox 794 2827 848 2902; x_wconf 78' lang='grc' dir='ltr'>τὴν</span> <span class='ocrx_word' id='word_1_230' title='bbox 867 2830 938 2905; x_wconf 60' lang='lat' dir='ltr'>dmg·</span> 
     </span>
     <span class='ocr_line' id='line_1_33' title="bbox 137 2914 939 2996; baseline 0.004 -22"><span class='ocrx_word' id='word_1_231' title='bbox 137 2918 224 2992; x_wconf 84' lang='grc' dir='ltr'>θηίην,</span> <span class='ocrx_word' id='word_1_232' title='bbox 247 2915 370 2993; x_wconf 80' lang='grc' dir='ltr'>φάμενος</span> <span class='ocrx_word' id='word_1_233' title='bbox 390 2916 525 2992; x_wconf 74' lang='grc' dir='ltr'>πρότερον</span> <span class='ocrx_word' id='word_1_234' title='bbox 545 2918 596 2991; x_wconf 83' lang='grc' dir='ltr'>μὲν</span> <span class='ocrx_word' id='word_1_235' title='bbox 618 2914 755 2991; x_wconf 84' lang='grc' dir='ltr'>κρύπτειν·</span> <span class='ocrx_word' id='word_1_236' title='bbox 781 2915 813 2973; x_wconf 88' lang='grc' dir='ltr'>ού</span> <span class='ocrx_word' id='word_1_237' title='bbox 833 2916 890 2996; x_wconf 80' lang='grc' dir='ltr'>γάρ</span> <span class='ocrx_word' id='word_1_238' title='bbox 912 2921 939 2978; x_wconf 84' lang='grc' dir='ltr'>οἶ</span> 
     </span>
     <span class='ocr_line' id='line_1_34' title="bbox 137 3002 939 3084; baseline 0.006 -22"><span class='ocrx_word' id='word_1_239' title='bbox 137 3005 206 3062; x_wconf 78' lang='grc' dir='ltr'>εἶναι</span> <span class='ocrx_word' id='word_1_240' title='bbox 220 3003 349 3080; x_wconf 85' lang='grc' dir='ltr'>άσφαλὲς</span> <span class='ocrx_word' id='word_1_241' title='bbox 360 3003 453 3084; x_wconf 89' lang='grc' dir='ltr'>λέγειν</span> <span class='ocrx_word' id='word_1_242' title='bbox 463 3005 499 3064; x_wconf 82' lang='grc' dir='ltr'>ταὶ</span> <span class='ocrx_word' id='word_1_243' title='bbox 509 3002 652 3083; x_wconf 86' lang='grc' dir='ltr'>γενόμενα·</span> <span class='ocrx_word' id='word_1_244' title='bbox 670 3007 699 3061; x_wconf 82' lang='grc' dir='ltr'>ἐν</span> <span class='ocrx_word' id='word_1_245' title='bbox 710 3004 739 3060; x_wconf 85' lang='grc' dir='ltr'>δὲ</span> <span class='ocrx_word' id='word_1_246' title='bbox 752 3006 790 3080; x_wconf 78' lang='grc' dir='ltr'>τῷ</span> <span class='ocrx_word' id='word_1_247' title='bbox 804 3005 939 3081; x_wconf 84' lang='grc' dir='ltr'>παρεόντι</span> 
     </span>
     <span class='ocr_line' id='line_1_35' title="bbox 128 3091 938 3176; baseline 0.001 -25"><span class='ocrx_word' id='word_1_248' title='bbox 128 3091 287 3174; x_wconf 76' lang='grc' dir='ltr'>α’ναγκαίην</span> <span class='ocrx_word' id='word_1_249' title='bbox 297 3118 348 3172; x_wconf 89' lang='grc' dir='ltr'>μιν</span> <span class='ocrx_word' id='word_1_250' title='bbox 362 3091 591 3170; x_wconf 87' lang='grc' dir='ltr'>καταλαμβάνειν</span> <span class='ocrx_word' id='word_1_251' title='bbox 602 3091 720 3164; x_wconf 89' lang='grc' dir='ltr'>φαίνειν.</span> <span class='ocrx_word' id='word_1_252' title='bbox 750 3091 796 3149; x_wconf 84' lang='grc' dir='ltr'>καὶ</span> <span class='ocrx_word' id='word_1_253' title='bbox 810 3091 844 3158; x_wconf 67' lang='grc' dir='ltr'>δὴ</span> <span class='ocrx_word' id='word_1_254' title='bbox 856 3093 938 3176; x_wconf 76' lang='grc' dir='ltr'>ἔλεγε</span> 
     </span>
     <span class='ocr_line' id='line_1_36' title="bbox 57 3177 938 3265; baseline 0.003 -26"><span class='ocrx_word' id='word_1_255' title='bbox 57 3234 67 3263; x_wconf 41' lang='lat' dir='ltr'>k</span> <span class='ocrx_word' id='word_1_256' title='bbox 114 3182 169 3241; x_wconf 62' lang='grc' dir='ltr'>,τόν</span> <span class='ocrx_word' id='word_1_257' title='bbox 185 3185 247 3260; x_wconf 81' lang='grc' dir='ltr'>μὲν</span> <span class='ocrx_word' id='word_1_258' title='bbox 265 3184 369 3265; x_wconf 79' lang='grc' dir='ltr'>Κύρου</span> <span class='ocrx_word' id='word_1_259' title='bbox 392 3182 514 3264; x_wconf 80' lang='grc' dir='ltr'>Σμέρδιν</span> <span class='ocrx_word' id='word_1_260' title='bbox 538 3180 574 3245; x_wconf 75' lang='grc' dir='ltr'>ὡς</span> <span class='ocrx_word' id='word_1_261' title='bbox 594 3179 677 3242; x_wconf 73' lang='grc' dir='ltr'>αύτδς</span> <span class='ocrx_word' id='word_1_262' title='bbox 696 3177 753 3237; x_wconf 76' lang='grc' dir='ltr'>δπδ</span> <span class='ocrx_word' id='word_1_263' title='bbox 767 3180 938 3254; x_wconf 51' lang='grc' dir='ltr'>Καμβύσεω</span> 
     </span>
     <span class='ocr_line' id='line_1_37' title="bbox 105 3264 960 3356; baseline -0.018 -19"><span class='ocrx_word' id='word_1_264' title='bbox 105 3267 355 3356; x_wconf 62' lang='grc' dir='ltr'>Ιἶν’ῑγκαζόμενος</span> <span class='ocrx_word' id='word_1_265' title='bbox 377 3276 575 3346; x_wconf 81' lang='grc' dir='ltr'>ἀποκτείνειε,</span> <span class='ocrx_word' id='word_1_266' title='bbox 592 3270 664 3336; x_wconf 63' lang='grc' dir='ltr'>τοὶς</span> <span class='ocrx_word' id='word_1_267' title='bbox 677 3267 804 3346; x_wconf 71' lang='grc' dir='ltr'>Μάγους</span> <span class='ocrx_word' id='word_1_268' title='bbox 818 3264 856 3322; x_wconf 65' lang='grc' dir='ltr'>δε</span> <span class='ocrx_word' id='word_1_269' title='bbox 873 3268 960 3340; x_wconf 46' lang='lat' dir='ltr'>§oms</span> 
     </span>
    </p>
   </div>
   <div class='ocr_carea' id='block_1_2' title="bbox 0 0 1024 3464">
    <p class='ocr_par' dir='ltr' id='par_1_2' title="bbox 0 0 1024 3464">
     <span class='ocr_line' id='line_1_38' title="bbox 0 0 1024 3464; baseline 0 0"><span class='ocrx_word' id='word_1_270' title='bbox 0 0 1024 3464; x_wconf 95' lang='lat' dir='ltr'> </span> 
     </span>
    </p>
   </div>
  </div>
 </body>
</html>
