2040 3464
148 110 197 156 ιιι
460 109 643 158 υιΡοΔουου
883 107 950 173 [111.

148 187 198 255 ξας
212 188 345 267 γέφυραν,
367 194 397 247 ἐκ
417 189 505 263 τῆσδε
524 193 574 264 τῆς
597 187 713 264 ἠπείρου
734 193 762 250 ἐς
780 186 834 263 τήν
854 189 953 266 ἐτέρην

146 273 261 352 ήτειρον
274 277 319 334 ἐπὶ
334 275 443 339 Σκύθας
456 275 668 352 στρατεύεσθαι·
690 275 737 333 καὶ
747 279 837 334 ταῦτα
849 274 953 357 ὀλίγου

145 361 249 440 χρόνου
262 364 342 422 ἐσται
354 363 530 440 τελεόμενα.”
556 365 635 443 λέγει
643 363 776 423 ’Άτοσσα
784 363 861 423 τάδε·
876 365 951 442 “ὅρα

146 461 201 520 νὐν,
217 455 245 514 ἐς
265 451 375 515 Σκύθας
393 455 446 529 μὲν
465 452 518 527 τήν
535 451 648 528 προίτην
665 451 734 510 ίένοι
754 453 849 512 ἔασον·
872 450 952 514 οὗτοι

144 537 200 618 γάρ
214 539 297 598 ἐπεάν
310 539 347 600 σι)
364 540 460 619 βούλῃ
479 541 593 599 ἔσονταί
607 566 661 600 τοι·
681 538 719 599 σύ
732 540 764 598 δέ
774 565 825 616 μοι
839 539 886 600 ἐπὶ
898 541 952 618 τήν

144 625 273 686 Ἑλλάδα
289 627 503 704 στρατεύεσθαι·
525 628 663 704 ἐπιθυμέω
675 627 740 708 γάρ,
754 626 832 707 λόγῳ
845 630 951 690 πυνθα·

145 715 255 791 νομένη,
276 716 417 778 Λακαίνας
436 716 469 775 τέ
487 740 537 791 μοι
556 715 690 794 γενέσθαι
710 714 881 790 θεραπαίνας
903 717 951 778 καὶ

143 800 273 884 Ἀργείας
287 803 333 861 καὶ
348 802 478 865 ’Δττικάς
491 803 537 861 καὶ
551 803 711 879 Κορινθίας·
734 803 805 880 ἔχεις
818 802 848 861 δὲ
861 801 952 881 ἄνδρα

144 891 360 965 ἐπιτηδειότατον
377 890 484 967 ἀνδρῶν
501 890 612 951 πάντων
631 890 707 960 δέξαι
723 915 755 950 τε
771 891 879 950 ἕκαστα
898 896 951 967 τῆς

143 976 282 1040 Ἑλλάδος
296 979 341 1036 καὶ
355 979 581 1059 κατηγήσασθαι,
592 983 692 1038 τοῦτον
702 976 732 1040 ὅς
746 1003 798 1037 σευ
811 977 862 1037 τόν
874 978 950 1039 πόδα

144 1064 301 1138 ἐξιήσατο.”
330 1065 477 1142 α’μείβεται
487 1070 615 1141 Δαρεῖος·
631 1075 648 1101 “
657 1065 677 1123 ὦ
685 1064 774 1145 γύναι,
784 1066 844 1124 ἐπεὶ
855 1068 951 1128 τοίνυν

141 1177 186 1211 τοι
199 1153 287 1212 δοκέει
299 1157 349 1228 τῆς
362 1152 501 1215 Ἑλλάδος
513 1153 600 1229 ήμέας
612 1156 709 1229 πρῶτα
727 1153 949 1230 ἀποπειρᾶσθαι,

145 1241 339 1304 κακασκόπους
359 1267 408 1316 μοι
431 1241 520 1300 δοκέει
544 1241 678 1316 Περσέων
700 1244 811 1318 πρῶτον
834 1240 949 1317 ἄμεινον

143 1328 211 1388 εἶναι
224 1328 295 1405 ὁμοῦ
313 1329 400 1408 τούτῳ
413 1333 451 1406 τῷ
464 1329 502 1388 σύ
515 1329 607 1409 λέγεις
625 1330 734 1404 πέμψαι
747 1333 775 1391 ἐς
788 1327 900 1392 αὐτούς·
922 1330 949 1391 οἳ

140 1416 275 1491 μαθόντες
302 1419 348 1474 καὶ
371 1416 473 1478 ἰδόντες
497 1417 603 1476 ἕκαστα
625 1415 722 1485 αὐτῶν,
745 1415 949 1497 ἐξαγγελέουσι

140 1504 217 1580 ἡμῖν·
245 1507 291 1564 καὶ
312 1507 406 1564 ἔπειτα
426 1505 641 1581 ἐξεπιστάμενος
663 1503 704 1562 ἐπ’
729 1503 829 1567 αὗτούς
845 1507 947 1584 τρέψο·

97 1594 150 1652 .35
159 1592 236 1669 μαι.”
264 1598 358 1653 Ταῦτα
369 1595 437 1653 εἶπε·
453 1594 499 1652 καὶ
507 1593 566 1669 ἅμα
577 1595 641 1656 ἔπος
649 1618 678 1652 τε
693 1593 738 1650 καὶ
750 1593 832 1673 ἐργον
844 1598 947 1658 ἐποίεε·

143 1683 204 1739 ἐπεί
215 1708 245 1741 τε
258 1682 313 1763 γάρ
326 1682 450 1760 τάχιστα
462 1681 553 1758 ήμέρη
568 1682 722 1758 ἐπέλαμψε,
732 1681 858 1744 καλέσας
872 1689 947 1756 Περ-

140 1769 212 1827 σέων
228 1768 328 1845 άνδρας
349 1770 478 1846 δοκίμους
496 1770 699 1840 πεντεκαίδεκα,
712 1768 874 1829 ἐνετέλλετό
889 1779 947 1847 σφι
996 1771 1013 1800 '³

140 1858 288 1934 ἑπομένους
310 1858 470 1933 Δημοκήδεϊ
488 1858 638 1926 διεξελθεῖν
658 1857 694 1917 τά
717 1857 946 1934 παραθαλάσσια

141 1949 191 2019 τῆς
204 1945 352 2006 Ἑλλάδος·
378 1946 447 2008 ὅκως
460 1972 490 2004 τε
503 1945 543 2021 μή
559 1943 739 2021 διαδρήσεταί
750 1946 873 2020 σψεαςό
888 1955 961 2025 Δη-’

138 2032 269 2108 μοκήδης,
288 2033 365 2092 ἀλλά
383 2060 431 2109 μιν
443 2033 551 2096 πάντως
570 2033 662 2093 ὀπίσω
676 2032 825 2103 α’πάξουσι.
861 2040 945 2096 ἐντει·

140 2119 260 2197 λάμενος
277 2122 306 2180 δὲ
324 2121 451 2180 τούτοισι
466 2126 562 2191 ταῦτα,
581 2120 694 2198 δεύτερα
713 2121 837 2184 καλέσας
857 2122 946 2184 αι’τὸν

140 2209 308 2285 Δημοκήδεα
321 2209 410 2268 ἐδέετο
425 2209 519 2279 αὐτοῦ,
534 2209 602 2271 ὅκως
623 2209 832 2289 ἐξηγησάμενος
844 2216 944 2272 πᾶσαν

138 2299 183 2355 καὶ
198 2298 322 2367 ἐπιδέξας
334 2298 386 2373 τήν
399 2297 526 2357 Ἑλλάδα
538 2303 615 2356 τοῖσι
626 2299 759 2376 Πέρσησι
769 2295 862 2357 ὀπίσω
871 2299 943 2374 ἥξει·

138 2386 212 2462 δῶρα
226 2388 256 2446 δέ
268 2413 316 2462 μιν
329 2392 368 2465 τῷ
383 2388 468 2463 πατρὶ
490 2387 536 2444 καὶ
552 2390 629 2444 τοῖσι
647 2385 815 2461 ἀδελφεοῖσι
832 2389 944 2449 ἐκέλευε

139 2475 230 2535 πάντα
243 2476 279 2534 τά
293 2476 397 2534 ἐκείνου
407 2477 511 2532 ἔπιπλα
522 2474 651 2550 λαβόντα
662 2473 747 2555 ἄγειν,
759 2473 816 2549 φάς
826 2473 905 2534 ἄλλα
916 2481 943 2538 οἶ

136 2564 325 2640 παραπλήσια
338 2563 506 2622 ἀντιδώσειν·
524 2564 593 2640 πρός
607 2563 645 2634 δέ,
655 2568 682 2627 ἐς
695 2563 730 2622 τά
744 2563 819 2638 δῶρα
833 2563 944 2626 ὁλκάδα

137 2656 163 2710 οἱ
177 2655 231 2728 ἔφη
245 2653 464 2727 συμβαλέεσθαι
476 2652 591 2727 πλήσας
605 2649 719 2732 ἀγαθῶν
733 2653 882 2723 παντοίων,
891 2655 944 2730 τήν

137 2739 195 2815 ἅμα
216 2744 242 2798 οἱ
261 2740 448 2799 πλεύσεσθαι.
484 2744 602 2817 Δαρεῖος
618 2743 670 2816 μὲν
683 2739 727 2815 δή,
742 2739 847 2800 δοκέειν
869 2745 943 2818 ἐμοὶ,

136 2826 183 2886 ἀπ’
207 2827 318 2890 οὐδενός
340 2829 456 2903 δολεροῦ
480 2828 545 2887 νόου
574 2827 767 2908 ἐπαγγέλλετό
790 2831 818 2886 οἶ
840 2835 943 2891 ταῦτα·

137 2916 304 2991 Δημοκήδης
321 2917 350 2974 δὲ
368 2916 463 2977 δείσας
476 2915 516 2991 μή
531 2915 560 2974 εὖ
574 2920 722 2993 ἐκπειρῷτο
737 2919 865 2992 Δαρεῖος,
881 2919 943 2981 οὔτε

134 3002 293 3080 ἐπιδραμεῖν
308 3001 399 3063 πάντα
420 3004 455 3062 τά
472 3003 601 3079 διδόμενα
615 3005 729 3074 ἐδέκετο,
744 3001 823 3062 υἶλλά
836 3005 874 3065 τά
887 3010 942 3082 μέν

127 3094 234 3154 ἑωυτοῦ
246 3090 319 3153 κατοῖ
332 3092 426 3175 χώρην
436 3093 489 3169 ἔφη
505 3093 681 3168 καταλείψειν
696 3091 740 3149 ἵνα
753 3089 847 3151 ὀπίσω
860 3096 942 3170 σφέα

113 3179 259 3248 α’πελθάν
281 3184 354 3266 ἔχοι·
382 3185 437 3264 τήν
462 3183 560 3263 μέντοι
582 3178 692 3241 ὁλκάδα
708 3178 758 3251 τὴν
779 3182 809 3235 οἱ
828 3187 942 3254 msto<

102 3273 325 3357 ἐπαγγέλλῃ
353 3281 383 3345 ἐς
410 3276 469 3355 τὴν
488 3270 600 3352 δωρεὴν
623 3272 705 3329 τοῖσι
725 3263 905 3331 ιλδελδειῐιαι,
916 3267 962 3325 *Qa-
