2040 3464
163 117 211 163 ιιι
466 110 647 159 Ἡνοιουοτ
924 108 957 171 [ι

163 189 234 265 πρὸς
247 188 311 250 τούς
324 187 442 259 Σκύθας,
454 189 552 268 λέγων·
568 199 585 223 “
594 188 661 264 ἡμῖν
673 187 729 269 γάρ
743 191 925 263 καταγελᾶτε,
939 186 960 247 ὦ

166 276 278 344 Σκύθαι,
293 274 336 334 ὅτι
348 274 525 353 βακχεύομεν
539 277 584 333 καὶ
597 275 684 351 ήμέας
697 275 713 333 ὁ
727 274 790 337 θεός
806 273 959 349 λαμβάνει·

164 365 212 422 νῦν
226 360 305 424 οὗτος
318 362 333 421 ὁ
348 363 451 438 δαίμων
465 363 572 421 καὶτὸν
587 362 718 438 ὑμέτερον
735 362 864 436 βασιλέα
877 361 959 418 λελά-

164 452 244 525 βηκε,
261 450 306 507 καὶ
318 449 452 527 βακχεύει
465 474 496 507 τε
510 449 555 506 καὶ
568 448 622 507 ύπό
636 453 686 507 τοῦ
700 448 764 507 θεοῦ
778 448 915 522 μαίνεται·
937 449 960 506 εἰ

163 537 195 596 δέ
203 563 252 613 μοι
261 536 415 604 ἀπιστέετε,
425 537 533 608 ἕπεσθε,
543 536 587 593 καὶ
598 534 663 611 ύμῖν
674 535 727 615 ἐγω
735 533 839 603 δείξω·”
850 535 961 595 εἵποντο

149 628 218 684 τῶν
231 625 357 688 Σκυθέων
375 627 402 682 οἱ
417 626 612 698 προεστεῶτες·
635 623 680 680 καὶ
697 621 798 684 αύτούς
814 620 961 702 άναγαγών

164 711 181 770 ό
195 711 411 788 Βορυσθενεΐτης
423 710 515 786 λάθρη
532 711 578 768 ἐπὶ
591 708 698 789 πύργον
714 712 835 767 κατεῖσε·
858 711 920 768 ἐπεί
930 734 960 770 τε

165 799 194 858 δὲ
215 799 316 875 παρήϊε
337 797 390 857 σύν
411 803 449 875 τῷ
470 798 559 876 θιάσῳ
580 796 596 856 ό
619 796 730 872 Σκύλης
752 797 798 854 καὶ
820 795 893 855 εἶδόν
913 822 961 872 μιν

166 887 341 965 βακχεύοντα
361 889 388 944 οἱ
408 884 521 953 Σκύθαι,
546 884 634 960 κάρτα
657 884 810 960 συμφορήν
832 883 961 964 μεγάλην

167 974 342 1049 ἐποιήσαντο,
355 973 512 1042 ἐξελθόντες
525 973 554 1031 δέ
568 972 720 1048 ἐσήμαινον
733 970 813 1049 πόση
827 976 864 1049 τῇ
877 998 960 1047 στρα-

124 1062 156 1124 30
164 1067 209 1140 τιῇ
222 1062 257 1120 τοὶ
270 1062 362 1121 ἴδοιεν·
384 1060 419 1124 οἷς
435 1061 464 1118 δὲ
480 1061 551 1138 μετά
568 1064 656 1118 ταῦτα
672 1058 805 1134 ἐξήλαυνε
821 1059 838 1118 ό
853 1060 961 1135 Σκύλης

165 1155 193 1212 ἐς
212 1149 282 1225 ἥθεα
301 1149 337 1207 τοὶ
358 1152 464 1220 ἑωυτοῦ,
487 1150 514 1206 οἶ
535 1146 640 1211 Σκύθαι
663 1145 895 1224 προστησάμενοι
914 1148 961 1206 τόν

165 1237 303 1314 ἀδελφεόν
330 1236 413 1295 αὐτοῦ
441 1234 659 1310 Ὀκταμασάδην
687 1233 825 1315 γεγονότα
855 1239 886 1293 ἐκ
913 1239 962 1308 τῆς

165 1324 258 1400 Τήρεω
272 1323 414 1404 θυγατρός,
424 1323 605 1382 ἐπανιστέατο
618 1326 656 1400 τῷ
669 1321 774 1399 Σκύλῃ·
789 1321 804 1380 ό
819 1321 857 1394 δὲ,
867 1322 962 1398 μἀθιδν

164 1413 197 1470 τι)
210 1410 354 1492 γινόμενον
367 1409 409 1469 ἐπ’
418 1413 505 1488 ἑωυτῷ
519 1411 563 1468 καὶ
576 1411 628 1485 τήν
641 1411 731 1484 αἰτίην
741 1407 774 1467 δι’
782 1408 819 1483 ἣν
830 1411 961 1480 ἐποιέετο,

166 1498 333 1579 καταφεύγει
351 1503 378 1560 ἐς
393 1497 445 1573 τήν
465 1499 596 1573 Θρηίκην·
616 1496 772 1573 πυθόμενος
785 1496 845 1556 δὲό
863 1496 962 1557 Ὀκτα-

165 1587 293 1662 μασάδης
302 1590 396 1658 ταῦτα,
408 1583 587 1660 ἐστρατεύετο
599 1585 643 1642 ἐπὶ
653 1583 705 1658 τήν
715 1583 847 1659 Θρηΐκην·
863 1588 962 1644 ἐπείτε

167 1675 195 1732 δὲ
210 1675 255 1732 ἐπὶ
267 1678 305 1752 τῷ
319 1674 421 1752 Ἴστρῳ
438 1673 554 1752 ἐγένετο,
568 1671 703 1746 ἠντίασάν
724 1696 773 1747 μιν
786 1675 813 1729 αἱ
834 1671 960 1747 Θρήϊκες·

165 1761 326 1837 μελλόντων
334 1761 363 1819 δὲ
372 1760 460 1820 αὐτῶν
468 1759 610 1836 συνάψειν,
621 1760 727 1836 ἔπεμψε
739 1759 880 1834 Σιτάλκης
889 1760 963 1837 παρά

165 1849 215 1908 τόν
228 1847 446 1924 Ὀκταμασάδην
459 1848 549 1928 λέγων
561 1846 663 1906 τοιάδε·
676 1847 706 1906 τί
718 1847 760 1905 δεῖ
771 1845 860 1922 ἡμέας
873 1845 961 1924 άλλή-

164 1940 221 1995 λων
234 1938 410 2012 πειρηθῆναι,
426 1936 463 1998 εἶς
472 1936 524 2010 μέν
533 1961 585 2011 μευ
594 1939 644 2009 τῆς
657 1933 797 2009 ἀδελφεῆς
809 1938 885 2005 παῖς,
894 1937 963 2014 ἔχεις

166 2023 197 2081 δέ
208 2050 260 2099 μευ
274 2023 422 2099 ἀδελφεόν·
443 2023 481 2081 σύ
494 2022 518 2082 τ’
532 2023 594 2098 ἐμοὶ
610 2021 714 2084 α’πόδος
725 2026 834 2092 τοῦτον,
849 2024 897 2081 καὶ
911 2024 963 2104 ἐγιδ

165 2113 213 2170 σοὶ
223 2111 271 2170 τόν
281 2111 334 2170 σόν
348 2110 459 2185 Σκύλην
469 2110 650 2186 παραδίδωμι·
665 2113 783 2187 στρατιῇ
798 2110 828 2169 δὲ
840 2110 914 2186 μήτε
927 2111 964 2171 σύ

167 2198 347 2277 κινδυνεύσῃς,
361 2197 424 2275 μήτ’
439 2197 501 2278 ἐγώ·
521 2197 608 2256 ταῦτά
622 2201 649 2257 οἱ
661 2198 774 2275 πέμψας
790 2197 806 2257 ό
824 2199 963 2276 Σιτάλκης

166 2286 386 2362 ἐπεκηρυκεύετο·
403 2285 438 2360 ἦν
452 2285 507 2366 γάρ
524 2285 600 2362 παραὶ
613 2290 651 2363 τῷ
662 2284 868 2366 Ὀκταμασάδη
885 2287 962 2346 ἀδελ·

166 2374 233 2450 φεδς
247 2374 396 2442 Σιτάλκεω,
410 2373 556 2454 πεφευγὼς
571 2376 678 2432 τοῦτον·
699 2372 715 2432 ό
732 2373 762 2432 δέ
781 2371 964 2451 Ὀκταμασά·

166 2464 214 2537 δης
232 2462 367 2521 καταινέει
383 2465 478 2531 ταῦτα,
493 2460 613 2522 ἐκδιδούς
626 2460 655 2518 δὲ
672 2460 722 2519 τόν
735 2464 835 2519 ἑωυτοῦ
849 2461 964 2539 μήτρωα

165 2549 288 2626 Σιτάλκη
302 2551 390 2624 ἔλαβε
403 2549 452 2607 τόν
465 2548 603 2623 οἷδελφεὸν
630 2547 749 2623 Σκύλην·
765 2549 812 2606 καὶ
824 2549 965 2626 Σιτάλκης

163 2641 215 2714 μὲν
235 2637 410 2713 παραλαβών
425 2636 474 2695 τόν
492 2635 631 2712 ἀδελφεόν
648 2635 782 2716 αἰπήγετο·
804 2636 921 2700 Σκύλεω
937 2640 966 2698 δέ

165 2723 381 2800 Ὀκταμασάδης
402 2723 486 2782 αὐτοῦ
506 2723 592 2800 ταύτῃ
612 2723 737 2799 α’πέταμε
756 2722 808 2799 τήν
826 2726 966 2802 κεφαλήν.

165 2813 234 2872 οὕτω
247 2816 298 2888 μὲν
311 2812 530 2888 περιστέλλουσι
543 2811 578 2870 τά
593 2812 718 2887 σφέτερα
730 2810 834 2888 νόμαια
851 2813 966 2885 Σκύθαι,

167 2904 243 2960 τοῖσι
263 2900 292 2957 δὲ
312 2900 553 2976 παρακτωμένοισι
566 2899 705 2970 1ξεινικούς
726 2897 829 2975 νόμους
850 2906 967 2961 τοιαῦτα

166 2988 288 3062 ἐπιτίμια
302 2987 420 3047 διδοῦσι.

115 3077 150 3134 81
203 3076 323 3150 Πλῆθος
348 3075 378 3133 δὲ
403 3074 436 3134 τό
464 3074 591 3137 Σκυθέων
615 3072 664 3132 ούκ
688 3071 746 3136 οἶός
768 3098 800 3133 τε
830 3072 967 3155 ἐγενόμην

80 3194 103 3259 χ
151 3161 294 3243 α’τρεκέως
306 3163 461 3236 πυθέσθαι,
469 3160 549 3223 ἀλλὰ
561 3160 711 3238 διοῴόρους
724 3160 825 3240 λόγους
838 3162 905 3237 περὶ
916 3186 967 3221 τοο

144 3251 276 3325 α’ριθμοῦ
288 3255 410 3335 ἤκουον·
428 3253 548 3337 καὶγὰρ
564 3251 655 3328 κάρτα
663 3246 792 3307 πολλαὶς
801 3247 979 3317 ἓιυεέισὲηειις,
