2040 3464
117 116 164 163 ιιι
412 110 596 160 Ἧυοιοτοιι
862 111 913 176 [τι

113 189 265 265 μελαινέων
279 194 334 250 τῶν
347 191 513 268 μαχομένων
528 189 598 267 πρός
616 189 681 253 τούς
699 188 765 265 όφις
780 188 829 265 ἥδε
845 191 914 268 ἰδέη·

87 284 91 291 ’
112 281 168 337 τῶν
181 277 204 336 δ’
218 283 247 337 ἐν
259 278 330 337 ποσὶ
344 283 459 354 μᾶλλον
473 279 637 354 εἱλευμένων
649 281 726 337 τοῖσι
741 277 915 356 ἀνθρώποισι

115 364 197 441 (διξαὶ
212 366 267 445 γάρ
283 365 316 440 δή
333 370 389 424 εἰσι
408 368 436 424 αἱ
453 364 536 443 ἴβιες)
551 365 609 440 ἥδε·
631 365 702 441 ψιλη
715 364 767 440 τὴν
786 366 915 441 κεφαλὴν

114 452 159 510 καὶ
172 451 223 527 την
234 452 326 529 δειρὴν
336 457 442 512 πᾶσαν·
457 451 542 528 λευκὴ
552 457 690 530 πτεροῖσι,
700 452 777 528 πλην
787 458 915 530 κεφαλῆς

115 540 160 597 καὶ
174 539 288 618 αὐχένος
302 541 347 599 καὶ
361 539 450 617 ἄκρων
459 544 515 599 τῶν
524 539 668 621 πτερύγων
679 542 724 598 καὶ
734 545 784 600 τοῦ
794 543 915 621 πυγαίου

114 627 209 705 όκρου·
222 634 310 688 ταῦτα
323 629 352 687 δὲ
366 628 401 688 τό
413 628 490 687 εἶπον
499 627 591 687 πάντα
603 628 724 704 μέλαινά
738 633 800 687 ε’στι
813 628 914 693 δεινός·

114 717 220 774 σκέλεα
235 716 264 774 δὲ
283 717 328 775 καὶ
347 715 500 791 πρόσωπον
517 715 640 792 ἐμφερης
654 720 691 792 τῇ
709 717 796 792 ἑτέρη·
816 721 866 775 τοῦ
886 718 915 777 δὲ

115 801 196 877 όφιος
209 803 227 879 ἦ
241 803 339 880 μορφὴ
353 804 397 878 οἵη
410 829 463 880 περ
476 808 531 862 τῶν
544 802 640 879 ὕδρων·
659 803 748 862 πτίλα
762 804 792 861 δὲ
805 801 837 862 ού
850 829 915 864 πτε-

115 891 189 966 ρωτοὶ
214 892 318 967 φορέει,
341 889 418 949 οἷλλοὶ
439 894 516 949 τοῖσι
536 895 586 965 τῆς
608 891 762 967 νυκτερίδος
785 895 915 968 πτεροῖσι

114 977 243 1053 μόλιστό
259 1004 293 1053 κη
307 979 513 1054 ἐμφερέστατα·
533 980 658 1037 τοσαῦτα
672 980 723 1053 μὲν
737 978 838 1053 θηρίων
850 980 915 1055 πέρι

116 1067 181 1141 ἱρῶν
195 1065 323 1142 εἰρήσθω.

69 1153 105 1212 77
156 1152 254 1212 Αὐτῶν
272 1154 301 1212 δὲ
320 1153 353 1228 δη
368 1152 527 1233 Αἰγυπτίων
544 1152 570 1211 οἳ
587 1154 639 1228 μὲν
654 1152 718 1228 περὶ
733 1152 785 1227 τήν
800 1178 914 1230 σπειρο-

114 1241 200 1316 μένην
213 1242 355 1320 Αἴγυπτον
368 1242 497 1309 οἰκέουσι,
511 1239 625 1315 μνήμην
639 1238 789 1315 ἀνθρώπων
804 1240 915 1301 πάντων

115 1330 297 1390 ἐπασκέοντες
316 1327 452 1405 μόλιστα,
473 1326 644 1407 λογιώτατοί
666 1331 721 1385 εἶσι
744 1332 840 1406 μακρῷ
860 1333 915 1388 τῶν

116 1414 169 1496 ἐγώ
188 1422 215 1480 ἐς
235 1416 378 1494 διάπειραν
396 1415 545 1493 ἀπικόμην.
579 1414 674 1493 τρόπῳ
690 1415 720 1473 δὲ
738 1414 802 1490 ζόης
819 1417 915 1496 τοιῷδε

116 1504 303 1583 διαχρέωνται·
321 1504 507 1581 συρμαΐζουσι
516 1506 589 1578 τρεῖς
602 1502 706 1578 ἡμέρας
718 1503 816 1577 ἐπεξῆς
828 1504 916 1580 μηνός
959 1518 965 1527 “

116 1592 235 1652 έκόστου
256 1592 380 1669 ἐμέτοισι
397 1590 551 1667 θηρώμενοι
570 1589 623 1664 την
638 1589 744 1670 ύγιείην
763 1590 808 1648 καὶ
828 1591 915 1651 κλύσ-

113 1705 195 1756 μασι,
209 1681 365 1755 νομίζοντες
383 1678 439 1737 ἀπό
456 1682 511 1737 τῶν
528 1676 687 1754 τρεφόντων
705 1678 801 1737 σιτίων
820 1677 915 1743 πόσας

97 1767 164 1830 τός
184 1767 301 1829 νούσους
320 1771 397 1826 τοῖσι
418 1765 591 1843 ἀνθρώποισι
610 1767 748 1844 γίνεσθαι.
787 1767 843 1824 εἶσὶ
862 1770 915 1842 μὲν

114 1855 169 1935 γάρ
184 1855 229 1913 καὶ
243 1855 336 1916 ἄλλως
350 1853 498 1934 Αἰγύπτιοι
511 1854 582 1930 μετὰ
596 1855 706 1929 Λίβυας
719 1853 913 1933 ὑγιηρέστατοι

114 1943 224 2002 πάντων
237 1941 394 2017 ἀνθρώπων,
408 1946 463 2001 τῶν
480 1941 569 2018 ιόρέων
583 1941 699 2019 (δοκέειν
716 1943 789 2022 ἐμοὶ)
804 1943 913 2012 εἵνεκεν,

114 2030 158 2090 ότι
171 2029 203 2089 οό
215 2028 452 2104 μεταλλάσσουσι
465 2033 494 2088 αἱ
508 2026 584 2106 ὧραι·
602 2034 631 2087 ἐν
643 2029 698 2110 γὰρ
709 2033 778 2106 τῇσι
790 2032 913 2106 μεταβο-

115 2121 186 2197 λῇσι
199 2121 275 2176 τοῖσι
291 2116 462 2193 ἀνθρώποισι
479 2120 508 2175 αἱ
524 2121 620 2176 νοῦσοι
638 2117 767 2191 μάλιστα
780 2118 913 2196 γίνονται,

113 2210 168 2265 τῶν
180 2231 211 2265 τε
223 2203 318 2264 ἄλλων
327 2205 436 2265 πάντων
447 2207 493 2263 καὶ
506 2205 539 2280 δή
552 2205 597 2262 καὶ
610 2209 665 2263 τῶν
676 2203 766 2280 ώρέων
775 2205 912 2282 μάλιστα.

114 2293 324 2374 ἀρτοφαγέουσι
342 2293 371 2351 δὲ
390 2298 419 2352 ἐκ
437 2297 492 2353 τῶν
510 2292 631 2369 ὀλυρέων
648 2297 790 2355 ποιεῦντες
806 2291 912 2369 ἄρτους,

113 2381 178 2445 τούς
196 2385 294 2441 ε’κεῖνυι
312 2381 466 2455 κυλλήστις
483 2379 661 2457 ὀνομάζουσι.
696 2380 759 2459 οἴνῳ
774 2380 795 2438 δ’
811 2386 841 2438 ἐκ
857 2408 912 2458 κρι-

115 2469 184 2529 θέων
196 2471 370 2548 πεποιημένῳ
384 2469 572 2547 διαχρέωνται·
590 2467 621 2526 οὗ
634 2466 690 2549 γάρ
701 2469 759 2542 σφί
771 2471 825 2526 εἰσι
840 2473 868 2527 έν
877 2475 913 2549 τῇ

113 2558 191 2637 χώρη
218 2556 348 2634 ἄμπελοι.
392 2557 493 2635 ἰχθύων
520 2556 550 2614 δὲ
575 2554 639 2618 τούς
661 2558 714 2631 μὲν
738 2555 809 2632 πρός
831 2554 913 2631 ἥλιον

114 2645 262 2724 αόῄναντες
276 2644 366 2722 ώμοός
379 2645 527 2712 σιτέονται,
538 2641 603 2705 τούς
616 2642 646 2701 δὲ
660 2643 691 2712 ἐξ
702 2642 795 2719 ἅλμης
808 2669 913 2720 τεταρι·

113 2734 271 2812 χευμένους.
303 2732 418 2810 ὀρνίθων
432 2732 461 2790 δὲ
474 2730 538 2794 τούς
551 2756 581 2789 τε
595 2729 714 2811 ὄρτυγας
725 2731 771 2788 καὶ
783 2730 833 2794 τοὶς
847 2733 912 2808 νήσ-

114 2847 168 2884 σας
181 2822 227 2880 καὶ
240 2819 276 2880 τό
290 2820 396 2896 σμικραὶ
409 2823 463 2878 τῶν
477 2817 604 2894 όρνιθίων
615 2818 676 2894 ὠμοὶ
686 2819 834 2890 σιτέονται,
845 2845 913 2896 προ-

113 2907 336 2987 ταριχεύσαντες·
357 2908 392 2967 τᾶ
409 2908 437 2966 δὲ
454 2906 531 2965 ἅλλα
547 2905 635 2981 όσαῆ
652 2905 797 2983 όρνίθωνῆ
813 2907 914 2986 ἰχθύων

114 2999 177 3056 ε’στί
194 3003 251 3071 σφι
272 2995 399 3074 ε’χόμενα,
415 2995 499 3073 χωρὶς
514 2992 533 3068 ἢ
550 2992 648 3053 ὁκόσοι
669 2999 724 3070 σφι
746 2996 800 3072 ἱροὶ
815 2995 912 3055 α’ποδε·

106 3085 231 3160 ὃεχαται,
247 3084 313 3146 τούς
328 3084 446 3145 λοιπούς
463 3081 566 3145 όπτοός
582 3083 628 3140 καὶ
642 3081 745 3159 ἑφθούς
761 3085 911 3143 σιτέονται.

42 3163 85 3222 78
95 3167 143 3226 Ἐν
151 3170 185 3228 δι’
197 3175 269 3248 τῇσι
282 3173 469 3254 συνουσίῃσι,
479 3174 560 3234 τοῖσι
573 3169 721 3249 εὐδαίμοσι
735 3169 822 3229 αιίτιῖιυ
834 3170 913 3231 ἔπιόν

69 3251 137 3310 α’πό
148 3256 274 3322 ὃειπνου
282 3262 431 3344 γένωνται
445 3262 602 3345 περιφέρει
617 3260 692 3340 ἀνὴρ
701 3257 802 3336 νεκρὸν
813 3261 841 3317 ἐν
856 3261 933 3333 σαρκὶ
