2040 3464
141 117 173 161 ιο
446 109 628 157 «Ηνοιουου
907 106 940 170 [ι

141 190 211 251 κατοὶ
224 190 257 250 τὸ
271 189 345 248 ἄλλο
363 195 455 268 τεῖχος
471 190 637 265 περιενείκας
654 193 690 267 τῇ
709 187 743 264 ἦν
757 189 896 266 ἐπίμαχον
909 188 941 247 τό

140 279 242 358 χωρίον
257 282 307 352 τῆς
323 277 500 353 ἀκροπόλιος,
517 275 695 354 κατηλόγησε
714 276 821 344 τούτου,
839 274 875 338 οἷς
897 274 942 334 ἐάν

142 365 253 444 ἄμαχόν
265 391 296 424 τε
312 367 358 424 καὶ
375 364 526 440 οἷπότομον·
547 365 608 422 ἐστι
624 364 654 421 δὲ
666 361 737 440 πρός
752 369 802 423 τοῦ
823 361 943 439 Τμώλου

141 453 328 529 τετραμμένον
341 457 390 527 τῆς
403 451 512 514 πόλιος.
553 451 570 510 ὁ
591 450 627 510 ὧν
646 450 679 526 δὴ
697 450 843 526 Ὑροιάδης
862 449 944 512 αὐτὸς

141 540 170 624 [ὁ
184 539 318 620 Μάρδος]
335 540 398 598 ἰδών
410 543 445 617 τῇ
458 539 608 616 προτεραίῃ
622 542 677 597 τῶν
689 540 751 597 τινά
764 540 861 598 λυδῶν
874 538 944 596 κατοὶ

142 633 225 687 τοῦτο
238 632 287 702 τῆς
301 627 469 704 ἀκροπόλιος
482 626 644 702 καταβάντα
664 626 709 684 ἐπὶ
728 627 823 702 κυνέην
841 625 944 686 ἄνωθεν

143 717 404 785 κατακυλισθεῖσαν,
425 716 470 773 καὶ
494 713 669 790 ἀνελόμενον,
692 714 823 790 ἐφράσθη
846 714 892 772 καὶ
916 719 943 776 ἐς

144 803 232 878 θυμόν
245 802 376 878 ἐβάλετο.
397 803 459 862 τότε
476 803 505 860 δὲ
522 802 555 877 δή
576 803 591 861 ὁ
611 801 692 864 αὐτάς
708 828 739 860 τε
755 801 941 878 ἀναβεβήκεε,

145 893 191 949 καὶ
206 891 263 949 κατ’
277 890 360 950 αὐτόν
373 889 459 949 ἄλλοι
473 890 607 966 Περσέων
620 889 777 965 άνέβαινον·
798 889 944 966 προσβάν-

144 1004 198 1037 των
218 979 247 1036 δὲ
263 983 382 1058 συχνῶν,
402 977 471 1037 οὕτω
490 977 524 1053 δή
547 977 661 1054 Σάρδιές
681 1002 712 1037 τε
732 977 880 1054 ἦλιίκεσαν
899 978 946 1037 καὶ

145 1071 201 1126 πᾶν
214 1065 246 1125 τδ
261 1065 333 1125 άστυ
347 1067 504 1143 ἐπορθέετο.

98 1157 135 1214 85
187 1153 256 1213 Κατ’
270 1154 353 1213 αὐτόν
367 1154 396 1212 δὲ
407 1158 533 1230 Κροῖσον
545 1153 611 1212 τάδε
625 1153 742 1232 ἐγένετο.
782 1151 818 1228 ἦν
831 1157 857 1212 οἶ
870 1156 945 1222 παῖς,

144 1245 194 1300 τοῦ
208 1243 253 1300 καὶ
266 1241 400 1318 πρότερον
414 1241 600 1318 ἐπεμνήσθην,
613 1242 649 1300 τά
664 1244 716 1318 μὲν
734 1239 811 1299 άλλα
825 1240 946 1316 ἐπιεικής

144 1328 254 1405 ἄφωνος
265 1330 303 1388 δέ.
339 1335 368 1389 ἐν
377 1333 413 1408 τῇ
427 1328 464 1388 ὧν
476 1328 658 1407 παρελθούσῃ
673 1327 808 1387 εὐεστοῖό
821 1332 946 1404 Κροῖσος

145 1417 177 1477 τό
191 1423 247 1476 πᾶν
262 1423 288 1481 ἐς
301 1417 385 1477 αάτόν
398 1416 567 1492 ἐπεποιήκεε,
582 1416 660 1475 ἅλλα
679 1442 711 1475 τε
728 1416 946 1493 ἐπιφραζόμενος

146 1507 192 1564 καὶ
206 1506 239 1581 δή
254 1507 299 1564 καὶ
313 1511 340 1567 ἐς
351 1505 482 1580 Δελφοδς
495 1505 559 1581 περὶ
572 1504 655 1563 αὐτοῦ
668 1504 828 1581 ἐπεπόμφεε
840 1530 945 1583 χρησο-

145 1595 253 1670 μένους
274 1593 293 1669 ἦ
306 1594 336 1652 δὲ
349 1594 442 1668 Πυθίη
456 1596 482 1650 οἱ
497 1593 555 1650 εἶπε
568 1591 643 1651 τάδε·

193 1718 257 1764 λυδὲ
272 1717 347 1776 γένος,
367 1716 466 1763 πολλῶν
481 1717 592 1777 βασιλεῦ,
610 1716 676 1776 μέγα
692 1717 762 1774 νήπιε
779 1716 876 1776 Κροῖσε,

193 1790 228 1847 μὴ
244 1791 332 1850 βούλευ
349 1791 495 1835 πολύευκτον
512 1790 549 1846 ἰὴν
567 1789 611 1835 ἀνὰ
628 1788 717 1846 δώματ’
735 1789 828 1834 ἀκούειν

196 1863 280 1909 παιδὸς
297 1861 471 1920 φθεγγομένου.
506 1862 534 1907 τὸ
552 1861 578 1907 δέ
594 1877 632 1908 σοι
649 1862 713 1906 πολὺ
729 1862 801 1906 λώϊον
818 1860 892 1921 ἀμφὶς

195 1935 302 1990 ἔμμεναι·
322 1933 420 1990 αὐδήσει
435 1933 484 1993 γὰρ
501 1933 526 1978 ἐν
542 1932 618 1990 ἤματι
635 1934 729 1992 πρῶτον
747 1933 848 1994 ἀνόλβῳ.

147 2033 335 2109 ἁλισκομένου
347 2032 439 2108 δήτοῦ
452 2033 565 2111 τείχεος,
576 2031 620 2107 ἤϊε
629 2032 684 2112 γάρ
695 2036 749 2092 τῶν
761 2058 803 2094 τις
813 2033 947 2108 Περσέων

146 2120 331 2202 άλλογνιόσας
352 2124 479 2197 Κροῖσον
500 2119 536 2183 οἷς
554 2119 732 2190 άποκτενέων,
752 2123 878 2196 Κροῖσος
895 2122 948 2197 μέν

146 2234 196 2285 μιν
218 2208 302 2285 ὁρέων
326 2208 438 2267 ἐπιόντα
459 2208 514 2267 ὑπό
537 2212 588 2284 τῆς
613 2207 771 2284 παρεούσης
797 2213 947 2284 συμφορῆς

147 2296 349 2372 παρημελήκεε,
361 2296 424 2354 οὐδέ
433 2322 461 2355 τι
471 2300 499 2355 οἱ
508 2296 617 2372 διέφερε
627 2296 764 2376 πληγέντι
774 2294 947 2356 άποθανέειν·

146 2384 163 2444 ὁ
177 2385 206 2443 δὲ
219 2389 283 2447 παῖς
297 2383 376 2448 οὗτος
389 2383 404 2443 ό
418 2383 528 2459 ἄφωνος
544 2384 580 2446 ὥς
600 2384 654 2442 εἶδε
674 2383 786 2442 ἐπιόντα
802 2381 853 2442 τδν
874 2384 947 2460 Πέρ·

147 2499 210 2548 σην,
224 2471 278 2531 υπὸ
292 2473 369 2536 δέους
380 2498 411 2531 τε
425 2473 470 2530 καὶ
489 2475 574 2530 κακοῦ
594 2471 689 2548 ἔρρηξε
711 2469 814 2546 φωνην,
829 2470 890 2530 εἶπε
907 2472 947 2530 δέ·

148 2559 303 2637 “ὤνθρωπε,
315 2561 355 2636 μή
370 2562 456 2619 κτεῖνε
467 2559 618 2637 Κροῖσον.”
661 2557 740 2621 οὗτος
752 2562 803 2634 μὲν
817 2558 948 2634 δήτοῦτο

148 2652 259 2726 πρῶτον
279 2649 445 2729 ἐφθέγξατο·
465 2648 537 2724 μετά
554 2648 582 2706 δὲ
602 2652 685 2707 τοῦτο
703 2646 756 2721 ἤδη
777 2646 879 2722 ἐφώνεε
899 2648 949 2707 τόν

101 2735 140 2792 86
149 2737 239 2797 πάντα
259 2736 360 2816 χρόνον
379 2741 430 2811 τῆς
450 2735 522 2810 ζόης.
566 2739 602 2793 Οἱ
621 2736 650 2794 δὲ
670 2737 782 2810 Πέρσαι
800 2734 850 2797 τάς
865 2761 896 2793 τε
914 2735 948 2812 δὴ

150 2825 250 2902 Σάρδις
263 2828 357 2903 ἔσχον,
369 2825 415 2882 καὶ
424 2823 507 2882 αὐτόν
517 2827 643 2899 Κροῖσον
654 2822 814 2902 ἐζώγρησαν
827 2820 949 2899 ἄρξαντα

149 2915 210 2971 ἔτεα
235 2911 487 2988 τεσσερεσκαίδεκα
508 2911 554 2968 καὶ
573 2911 824 2985 τεσσερεσκαίδεκα
844 2910 949 2987 ἡμέρας

148 3000 378 3076 πολιορκηθέντα,
387 2997 457 3056 κατά
466 2998 499 3057 τό
508 2997 680 3075 χρηστηριόν
689 3023 720 3056 τε
731 2997 950 3058 καταπαύσαντα

143 3088 198 3160 τήν
217 3091 320 3146 ἑωυτοῦ
337 3084 468 3168 μεγάλην
488 3084 587 3162 ἀρχήν·
609 3083 748 3160 λαβόντες
768 3085 798 3144 δὲ
818 3085 902 3146 αὐτόν
923 3089 949 3146 οἱ

127 3170 249 3246 Πέρσαι
262 3171 376 3258 ἤγαγον
395 3173 476 3253 παρὰ
498 3177 602 3253 Κῦρον·
625 3172 642 3234 ὃ
657 3173 689 3232 δε
704 3172 845 3248 συννήσας
860 3174 949 3249 πυρήν

108 3256 262 3335 μεγαληνι
285 3262 464 3342 (ἐνεβίβασε
487 3263 529 3327 ἐπ’
554 3261 645 3342 αὐτὴν
666 3261 717 3324 τὸν
736 3259 868 3337 Κροῖσόν
888 3283 923 3318 τε
938 3263 967 3320 b
