2040 3464
171 112 218 160 332
461 113 643 161 Ἠυοκουου
909 111 969 176 [IV.

169 216 249 265 μενοι
269 191 314 249 καὶ
336 195 364 250 ἐν
380 191 487 268 θώματι
509 193 592 251 ἔσκον
610 190 681 268 ὀρθά
699 189 827 254 ἱστάντες
847 191 883 250 τά
905 192 967 252 ὄντα·

170 277 219 336 ἅτε
233 277 295 337 οὔτε
309 278 478 342 ἀκούσαντες
497 280 634 357 πρότερον
656 283 749 354 φωνῆς
765 279 895 356 τοιαύτης
909 281 970 342 οὔτε

170 366 271 429 ἰδόντες
283 367 316 426 τό
330 368 410 429 εἶδος.
444 372 532 426 ταῦτα
544 368 596 444 μέν
609 393 656 425 νυν
670 368 715 426 ἐπὶ
729 371 850 444 σμικρόν
863 395 892 427 τι
906 370 969 445 ἐφέ-

168 480 250 528 ροντο
263 458 312 513 τοῦ
327 456 463 531 πολέμου.

122 544 178 599 130
223 546 259 601 Οῑ
273 543 302 601 δὲ
313 543 418 605 Σκύθαι
431 544 500 605 ὅκως
512 542 577 604 τούς
590 543 706 618 Πέρσας
719 543 803 601 ἴδοιεν
816 545 969 621 τεθορυβη-

167 633 273 706 μένους,
289 631 334 689 ἵνα
351 633 537 709 παραμένοιεν
557 657 588 690 τε
606 632 652 689 ἐπὶ
671 631 748 689 πλέω
765 631 869 708 χρόνον
885 638 914 692 ἐν
934 638 969 712 τῇ

168 720 291 798 Σκυθικῇ
319 721 364 778 καὶ
391 721 595 796 παραμένοντες
625 718 749 797 ἀνιῴατο,
777 724 833 778 τῶν
860 721 969 783 πάντων

170 808 304 870 ἐπιδευέες
325 807 422 876 ἐόντες,
443 808 552 866 ἐποίευν
571 806 674 865 τοιάδε·
696 805 765 869 ὅκως
785 812 839 867 τῶν
860 811 968 886 προβά-

166 921 220 954 των
242 899 296 955 τῶν
324 897 468 971 σφετέρων
496 895 585 954 αὐτῶν
612 895 792 953 καταλίποιεν
815 898 888 972 μετά
914 903 968 958 τῶν

167 985 280 1058 νομέων,
301 983 379 1042 αὐτοὶ
395 981 429 1042 ἂν
447 983 638 1058 ΰπεξηλαυνον
659 988 685 1044 ἐς
704 981 795 1042 ἄλλον
814 990 917 1062 χῶρον·
943 991 968 1046 οἷ

166 1071 196 1129 δὲ
216 1069 250 1130 ἂν
271 1074 382 1148 Πέρσαι
403 1071 567 1133 ἐπελθόντες
591 1071 750 1146 ἐλάβεσκον
769 1071 805 1131 τά
825 1074 967 1150 πρόβατα,

120 1161 174 1217 131
187 1161 231 1217 καὶ
245 1160 384 1235 λαβόντες
402 1160 537 1238 ἐπῄροντο
556 1157 591 1218 άν
606 1163 644 1237 τῷ
660 1160 847 1239 πεποιημένῳ.
889 1168 968 1222 Πολ-

165 1248 246 1310 λάκις
267 1249 296 1308 δὲ
316 1249 443 1308 τοιούτου
467 1248 621 1328 γινομένου,
646 1248 727 1309 τέλος
748 1250 867 1324 Δαρεῖός
887 1276 919 1310 τε
940 1258 968 1312 ἐν

164 1335 300 1415 α’πορίῃσι
314 1340 412 1415 εἴχετο,
428 1338 472 1395 καὶ
487 1340 513 1395 οἱ
531 1337 658 1401 Σκυθέων
675 1338 817 1412 βασιλῆες
831 1338 967 1412 μαθόντες

164 1429 255 1495 τοῦτο,
291 1427 415 1502 ἔπεμπον
449 1425 555 1501 κη’ρυκα
588 1425 662 1502 δῶρα
690 1426 798 1504 Δαρείῳ
834 1428 965 1502 φέροντα,

165 1510 261 1587 ὄρνιθά
280 1514 373 1572 τεκαὶ
392 1518 446 1590 μῦν
465 1514 510 1571 καὶ
528 1512 675 1591 βάτραχον
689 1513 734 1570 καὶ
748 1512 860 1576 ὀϊστούς
874 1517 965 1575 πέντε·

164 1601 276 1678 Πέρσαι
304 1602 333 1660 δὲ
355 1602 403 1661 τόν
428 1602 551 1678 φέροντα
573 1599 608 1660 τά
632 1601 705 1677 δῶρα
733 1601 896 1676 ἐπειρώτεον
918 1603 966 1664 τᾶν

164 1688 228 1748 νόον
246 1695 301 1748 τῶν
319 1691 475 1765 διδομένων·
497 1688 513 1748 ό
535 1690 564 1748 δὲ
584 1688 661 1748 οὐδὲν
676 1691 730 1764 ἔφη
749 1692 775 1747 οἱ
792 1690 965 1750 ἐπεστάλθαι

166 1774 240 1835 ἄλλο
261 1776 279 1853 ἢ
301 1779 384 1837 δόντα
403 1778 613 1856 τήνλταχίστην
633 1776 889 1836 ἀπαλλάσσεσθαι·
919 1779 966 1838 αὖ·

163 1863 227 1927 τοδς
241 1865 270 1923 δέ
288 1867 353 1927 τούς
372 1868 485 1940 Πέρσας
500 1866 616 1934 ἐκέλευε,
632 1869 655 1923 εἰ
674 1865 765 1939 σοφοί
784 1869 848 1934 εἰσι,
862 1871 965 1946 γνῶναι

119 1953 215 2011 132τό
238 1954 327 2013 ἐθέλει
347 1953 382 2012 τοὶ
404 1955 478 2030 δῶρα
497 1954 600 2035 λέγειν.
641 1958 728 2012 ταῦτα
747 1953 918 2018 ἀκούσαντες
938 1959 964 2015 οἱ

166 2041 277 2117 Πέρσαι
302 2042 496 2115 ἐβουλεύοντο.
540 2044 660 2118 Δαρείου
681 2042 733 2117 μέν
755 2068 803 2100 νυν
823 2041 841 2117 ἦ
867 2044 964 2122 γνώμη

161 2127 204 2203 ἦν,
220 2129 328 2192 Σκύθας
347 2134 434 2208 ἑωυτηΑ
454 2130 557 2190 διδόναι
571 2131 663 2206 σφέας
678 2156 709 2189 τε
727 2128 827 2193 αὐτους
845 2133 892 2190 καὶ
910 2138 964 2213 γῆν

163 2243 194 2275 τε
208 2218 253 2275 καὶ
267 2217 346 2295 ὕδωρ·
369 2219 480 2288 εἰκάζων
493 2219 568 2296 τῇδε,
584 2245 618 2281 ως
633 2244 686 2294 μυς
698 2244 750 2294 μεν
764 2243 792 2276 εν
805 2245 843 2298 γη
857 2221 963 2300 γίνεται

162 2307 269 2383 καρπόν
281 2307 331 2366 τόν
344 2306 427 2367 αὐτόν
441 2306 574 2385 ἀνθρώπῳ
591 2306 759 2382 σιτεόμενος,
773 2306 921 2386 βάτραχος
934 2310 963 2368 δὲ

163 2399 191 2453 ἐν
211 2393 298 2465 ὕδατι,
320 2394 393 2471 ὄρνις
420 2395 449 2453 δὲ
476 2396 604 2471 μάλιστα
632 2395 701 2452 ἔοικε
727 2394 811 2473 ἵππῳ·
846 2395 913 2460 τοδς
934 2397 962 2456 δὲ

161 2481 282 2553 όῖστοδς,
297 2483 333 2545 ώς
348 2486 399 2559 την
420 2486 525 2541 ἑωυτῶν
542 2482 632 2556 άλκήν
653 2482 849 2558 παραδιδοῦσι.
891 2484 961 2561 αὕτη

159 2572 211 2646 μὲν
236 2572 343 2649 Δαρείῳ
364 2571 383 2646 ἦ
407 2571 503 2652 γνώμη
525 2571 698 2629 ἀπεδέδεκτο·
733 2570 905 2647 συνεστήκεε
933 2574 962 2632 δὲ

160 2657 247 2737 ταύτῃ
265 2663 301 2737 τῇ
320 2660 415 2739 γνώμη
433 2659 451 2734 ἡ
469 2661 615 2736 Γωβρύεω,
629 2663 684 2719 τῶν
698 2659 805 2735 ἀνδρῶν
820 2664 877 2720 τῶν
891 2661 961 2722 ἕπτᾶ

161 2746 219 2808 ἑνός
232 2752 286 2806 τῶν
299 2747 348 2806 τόν
362 2748 464 2826 Μάγον
478 2748 655 2816 κατελόντων,
671 2747 824 2818 εἰκάζοντος
837 2747 874 2806 τά
887 2749 961 2826 δῶρα

162 2834 264 2914 λέγειν·
287 2834 344 2910 “ἢν
356 2835 395 2911 μη
413 2835 519 2912 ὄρνιθες
534 2837 678 2915 γενόμενοι
691 2835 856 2910 ἀναπτῆσθε
871 2842 899 2900 ἐς
912 2838 961 2898 τόν

163 2921 287 2998 οὐρανὸν,
305 2922 325 2981 ὦ
344 2925 464 3000 Πέρσαι,
478 2922 496 2999 ἢ
512 2925 578 2999 μύες
594 2925 737 3005 γενόμενοι
756 2923 827 2982 κατὰ
843 2929 894 3000 τῆς
910 2930 961 3007 γῆς

161 3011 320 3085 καταδύητε,
348 3010 366 3086 ἢ
392 3011 533 3090 βάτραχοι
559 3013 702 3093 γενόμενοι
728 3019 755 3075 ἐς
782 3012 832 3074 τὰς
859 3015 961 3091 λίμνας

154 3097 349 3178 ἐσπηδήσητε,
371 3099 420 3160 οὐκ
441 3099 650 3175 ἀπονοστήσετε
677 3100 768 3160 ὀπίσω
795 3100 851 3160 ὑπό
875 3103 961 3162 τῶνδε

80 3250 82 3263 ,
143 3193 205 3250 τῶν
240 3190 427 3272 τοξευμάτων
464 3187 661 3270 βαλλόμενοιῖ’
702 3189 818 3263 Πέρσαι
849 3192 899 3262 μὲν
928 3191 961 3267 δὴ

118 3279 215 3344 ὀὕτω
231 3285 273 3348 τά
286 3285 372 3367 δῶρα
385 3284 512 3358 εἴκαζον.
