2040 3464
123 107 169 152 160
427 107 609 155 ἨΡΟΔΟΤΟΤ
871 103 920 170 [IL

122 187 231 267 ἐγένετο
252 192 281 245 ἐν
301 191 338 265 τῷ
356 188 470 267 Αἰγαίῳ,
490 188 609 256 ἐξῶσται
626 184 723 262 ἀνεμοι
743 185 922 260 ἐκβάλλουσι

121 278 149 336 ἐς
161 274 194 332 τό
209 274 363 354 Αἰγύπτιον
379 276 512 354 πέλαγος·
534 275 659 334 ἐνθεῦτεν
678 274 706 332 δὲ
722 274 766 352 (οὐ
785 274 839 352 γάρ
854 273 922 332 ἀνίει

121 360 158 421 τῦ,
171 361 325 440 πνεύματα)
340 361 497 421 ἀπικνέεται
514 368 541 424 ἐς
555 363 705 442 Αἴγυπτον,
720 362 765 418 καὶ
779 361 922 442 Αἰγύπτου

123 454 150 512 ἐς
163 449 196 508 τό
210 454 258 509 νῦν
269 450 436 526 Κανωβικόν
451 448 620 526 καλεύμενον
634 449 729 524 στόμα
741 453 791 508 τοῦ
806 449 921 518 Νείλου,

123 537 169 595 καὶ
185 543 213 600 ἐς
233 539 389 616 Ταριχείας·
409 537 446 612 ἦν
466 538 495 596 δὲ
517 537 562 595 ἐπὶ
582 541 633 611 τῆς
652 536 746 612 ἠϊόνος
759 535 788 616 (ὃ
808 536 854 595 καὶ
875 540 922 596 νῦν

123 626 195 703 ἐστι)
208 624 364 701 Ἡρακλέος
385 624 453 701 ἱρόν,
473 629 500 688 ἐς
519 624 552 684 τό
572 621 606 699 ἢν
627 623 795 704 καταφυγών
816 625 923 699 οἰκέτης

122 711 189 793 ὅτεῳ
216 711 367 788 ἀνθρώπων
390 711 561 788 ἐπιβάληται
585 713 728 792 στίγματα
752 710 798 788 ἱρά
823 712 923 772 ἐωυτῦν

123 801 212 863 διδοῦς
224 805 261 878 τῷ
276 801 336 878 θεῷ,
350 798 400 859 οῦκ
414 801 428 857 ἔ
444 824 505 859 εστι
517 799 617 859 τούτου
630 800 768 877 ἅψασθαι.
800 799 828 879 (ὁ
838 798 923 876 νόμος

124 886 204 952 οὗτος
232 889 366 947 διατελέει
392 885 443 946 ἐάν
471 887 567 964 ὁμοῖος
596 888 681 965 μέχρι
711 892 777 964 ἐμεῦ
806 892 845 966 τῷ
873 886 922 946 ἀπ’

123 975 237 1056 ἀρχῆς.)
270 979 320 1035 τοῦ
339 975 375 1033 ὧν
394 974 428 1049 δὴ
445 973 632 1051 Ἀλεξάνδρου
653 975 820 1034 ἀπιστέαται
843 975 921 1051 θερά·

122 1089 220 1126 ποντες
242 1062 394 1138 πυθόμενοι
411 1061 462 1122 τόν
484 1064 547 1139 περὶ
568 1063 601 1122 τό
625 1063 684 1139 ἱρόν
706 1064 806 1141 ἔχοντα
827 1063 921 1139 νόμον,

122 1152 208 1211 ἱκέται
229 1151 258 1209 δὲ
279 1150 399 1227 ιζόμενοι
418 1154 467 1209 τοῦ
485 1152 559 1220 θεοῦ,
577 1149 746 1231 κατηγόρεον
763 1155 812 1209 τοῦ
824 1150 922 1220 Ἀλεξ-

121 1240 221 1317 άνδρου
241 1238 419 1315 βουλόμενοι
442 1237 583 1314 βλάπτειν
611 1239 701 1308 αὐτόν,
723 1237 813 1298 πάντα
833 1238 922 1319 λόγον

121 1326 298 1409 ἐξηγεύμενοι
312 1326 346 1389 αἷς
361 1327 418 1406 εἶχε
436 1327 500 1403 περὶ
515 1327 567 1402 τήν
582 1326 700 1402 Ἑλένην
718 1353 749 1386 τε
766 1328 811 1385 καὶ
829 1327 881 1402 την
894 1333 922 1391 ἐς

121 1415 268 1474 Μενέλεων
288 1413 406 1490 ἀδικίην·
442 1414 610 1494 κατηγόρεον
631 1415 660 1472 δὲ
686 1419 775 1474 ταῦτα
798 1415 868 1490 πρός
890 1441 922 1474 τε

119 1502 184 1566 τοῦς
205 1503 278 1578 ἱρέας
300 1504 345 1561 καὶ
362 1503 412 1562 τόν
433 1506 484 1561 τοῦ
505 1501 647 1578 στόματος
664 1502 764 1561 τούτου
783 1504 920 1578 φύλακον,

78 1592 131 1648 114
140 1596 178 1670 τῷ
192 1591 298 1667 οῦνομα
311 1589 345 1665 ἦν
359 1595 455 1653 Θῶνις.
490 1590 630 1652 Ἀκούσας
644 1591 673 1649 δὲ
686 1589 790 1651 τούτων
804 1591 820 1650 ό
834 1596 922 1655 Θῶνις

120 1680 223 1755 πέμπει
249 1679 301 1754 την
329 1680 467 1758 ταχίστην
495 1685 521 1741 ἐς
549 1680 668 1754 Μέμφιν
696 1678 773 1755 παραὶ
802 1681 920 1755 Πρωτέα

472 1767 480 1786 Ι

121 1767 263 1848 ἀγγελίην,
284 1768 425 1847 λέγουσαν
444 1767 519 1834 τοδε·
552 1766 634 1842 “ἥκει
655 1767 750 1837 ξεῖνος,
770 1768 849 1847 γένος
869 1770 920 1844 μὲν

121 1855 247 1931 Τευκρός,
262 1854 342 1934 ἔργον
362 1855 391 1913 δὲ
411 1854 525 1913 ἀνόσιον
546 1859 575 1912 ἐν
594 1859 629 1932 τῇ
650 1854 768 1914 Ἑλλάδι
788 1855 920 1936 ἐξεργασ·

120 1941 211 2018 μένος·
254 1942 343 2010 ξείνου
371 1942 426 2022 γάρ
458 1946 507 2001 τοῦ
536 1946 635 2001 ἑωυτοῦ
665 1943 843 2018 ἐξαπατήσας
868 1946 920 2020 την

120 2033 245 2109 γυναῖκα,
274 2028 360 2104 αῦτήν
385 2055 416 2088 τε
438 2028 541 2104 ταύτην
564 2028 638 2110 άγων
664 2028 724 2103 ἥκει
751 2031 796 2087 καὶ
822 2031 920 2091 πολλὰ

120 2116 208 2193 κάρτα
228 2115 367 2194 χρήματα,
384 2116 438 2175 ῦπῦ
460 2116 567 2193 ἀνέμων
587 2122 614 2178 ἐς
634 2121 688 2196 γῆν
707 2117 758 2192 τήν
778 2118 834 2192 σὴν
854 2118 919 2178 ἀπε·

121 2205 245 2283 νειχθείς.
288 2205 387 2280 κότερα
413 2206 483 2280 δῆτα
511 2208 611 2263 τοῦτον
638 2210 724 2280 εἰῦμεν
751 2205 850 2266 ἀσινέα
877 2213 919 2266 ἐκ·

121 2294 224 2363 πλέειν,
245 2290 263 2366 ἢ
285 2293 456 2369 ἀφελώμεθα
475 2291 510 2351 τά
535 2295 604 2371 ἔχων
624 2293 726 2367 ἧλθε;”
754 2294 918 2371 ἀντιπέμπει

119 2381 189 2458 πρός
201 2385 289 2441 ταῦτα
303 2381 318 2440 ό
329 2381 458 2458 Πρωτεύς
470 2383 590 2462 λέγοντα
602 2382 677 2440 τάδε·
692 2380 798 2458 ((ἅνδρα
810 2387 918 2454 τοῦτον,

120 2469 199 2533 ὅστις
215 2471 280 2529 κοτέ
296 2475 358 2529 ἐστι
376 2470 477 2528 ἀνόσια
497 2470 669 2550 ἐργασμένος
689 2470 778 2538 ξεῖνον
790 2470 840 2530 τόν
857 2475 919 2531 ἑωυ-

119 2562 177 2627 τοῦ,
199 2557 395 2634 συλλαβόντες
414 2557 536 2638 ἀπάγετε
555 2556 620 2634 παρ’
642 2560 698 2634 ἐμὲ,
721 2558 764 2617 ἵνα
781 2559 841 2617 είδιῦ
857 2559 874 2619 ὅ
891 2587 919 2620 τι

77 2647 204 2707 115κοτέ
236 2646 281 2704 καὶ
308 2645 408 2714 Aiga?
448 2645 587 2708 Ἀκούσας
615 2645 644 2704 δὲ
673 2649 761 2705 ταῦτα
787 2646 803 2706 ὁ
831 2651 918 2712 Θῶνις

120 2733 320 2811 συλλαμβάνει
339 2733 388 2793 τόν
401 2732 594 2810 Ἀλέξανδρον,
616 2735 662 2792 καὶ
682 2735 732 2797 τάς
751 2735 813 2797 νέας
833 2734 918 2794 αῦτοῦ

120 2822 255 2900 κατίσχει·
289 2819 360 2897 μετά
387 2822 425 2891 δὲ,
449 2821 532 2881 αὐτόν
558 2847 589 2880 τε
614 2826 714 2881 τοῦτον
741 2821 864 2903 ἀνήγαγε
891 2829 917 2887 ἐς

121 2910 239 2985 Μέμφιν
258 2910 304 2967 καὶ
319 2908 371 2982 την
386 2908 503 2984 Ἑλένην
518 2934 550 2968 τε
570 2910 616 2968 καὶ
633 2908 669 2968 τά
688 2909 830 2989 χρήματα,
848 2911 917 2988 πρός

121 2997 150 3055 δὲ
177 2997 223 3055 καὶ
249 2997 313 3060 τοῦς
341 2996 439 3058 ἱκέτας·
477 2997 718 3073 ἀνακομισθέντων
744 2999 774 3057 δὲ
799 2997 915 3069 πάντων,

117 3084 216 3160 εξοιύτα
229 3084 279 3144 τόν
287 3084 473 3160 Ἀλέξανδρον
484 3084 499 3142 ὁ
511 3084 641 3160 Πραντεῦς
654 3086 695 3147 τίς
709 3085 806 3161 εἴηκαὶ
819 3085 918 3145 ὁκόθεν

385 3173 392 3193 ἱ
434 3173 441 3193 λ
482 3173 489 3194 Ι

102 3173 202 3242 milon
225 3174 245 3234 ἀ
258 3173 293 3234 δέ
303 3177 332 3235 οἱ
348 3200 394 3234 και
408 3199 443 3234 το
455 3199 537 3256 γενος
552 3172 683 3242 κατέλεξε
696 3173 742 3230 καλΙ
752 3177 803 3245 τῆς
813 3173 919 3246 πάτρης

53 3252 57 3263 “
97 3255 156 3318 ’ἴτε
171 3260 207 3322 τά
227 3263 355 3344 οὔνομα·
377 3264 431 3325 καὶ
452 3263 487 3343 δὴ
514 3265 560 3325 καὶ
581 3263 632 3324 τὸν
653 3260 746 3320 πλόον
769 3257 938 3329 ἀπηγήσατο
