2040 3464
115 113 146 156 ιι
420 112 604 159 Ἧοοιουου
880 107 916 172 [L

114 215 146 248 τε
169 191 215 248 καὶ
239 190 413 264 ἐβασίλευσε
435 189 451 249 ὁ
473 193 540 250 παῖς
562 188 602 264 μη
626 193 657 247 ἔκ
681 187 814 264 προνοίης
834 186 917 257 πινός,

116 275 216 352 θάρσει
234 301 266 335 τε
285 274 385 334 τούτου
407 277 496 335 εἵνεκα
516 276 563 334 καὶ
580 274 668 352 θυμόν
680 275 733 352 έχε
748 273 863 355 ἀγαθόν·
885 273 918 333 οῦ

114 362 170 444 γάρ
192 365 231 421 ἔτι
250 362 283 422 τό
304 363 430 440 δεύτερον
451 363 536 440 ἄρξει.
578 361 655 439 παρὰ
675 362 781 439 σμικρά
796 360 851 441 γάρ
871 368 918 421 καὶ

114 456 170 512 τῶν
182 451 285 532 λογίων
296 451 365 528 ἡμῖν
378 453 436 511 ἔνια
449 451 596 529 κεχώρηκε·
618 451 664 509 καὶ
679 449 715 510 τά
730 476 764 532 γε
779 455 834 509 τῶν
849 449 917 510 ὀνει-

115 537 206 616 ράτων
226 537 346 616 ἐχόμενοι
365 540 465 602 τέλεος
485 545 511 601 ἐς
530 539 646 601 άσθενὲς
666 536 802 615 ἔρχεται.”
841 537 916 614 ἀμεί-

116 628 200 702 βεται
211 624 370 707 Ἀστυάγης
382 627 487 685 τοῖσδε·
502 636 520 660 “
529 626 574 684 καὶ
589 624 679 696 αῦτός,
693 625 714 683 ὦ
726 624 821 706 μάγοι,
830 625 916 706 ταότη

116 718 251 776 πλεῖστος
269 713 382 794 γνώμην
402 716 465 790 εἰμὶ,
484 714 623 790 βασιλέος
643 711 849 790 ὀνομασθέντος
867 721 917 774 τοῦ

115 800 214 864 παιδός
237 800 343 876 έξηκειν
365 826 396 860 τε
418 801 468 860 τόν
490 799 596 878 ὄνειρον
619 801 667 860 καί
687 827 738 876 μοι
759 800 808 860 τόν
831 803 919 861 παῖδα

115 893 214 947 τοῦτον
231 889 300 946 εἶναι
317 888 405 948 δεινόν
423 888 502 948 οὐδὲν
518 889 567 947 ἔτι·
584 888 657 965 ὅμως
672 890 724 965 μέν
738 915 772 969 γε
787 914 832 948 τοι
847 915 918 966 συμ·

116 975 295 1052 βουλείσατέ
309 1002 358 1052 μοι
372 976 401 1035 εὖ
415 975 651 1053 περισκεψάμενοι
663 976 699 1036 τά
710 978 812 1052 μέλλει
824 975 920 1054 α’σφαι

116 1064 243 1123 λέστατα
266 1064 335 1122 εἶναι
358 1064 422 1143 οἴκῳ
446 1090 477 1123 τε
501 1067 538 1140 τῷ
559 1068 614 1143 ε’μῷ
640 1065 686 1122 καὶ
708 1063 803 1140 ῦμῖν.”·
839 1065 920 1126 εἶπαν

116 1150 185 1229 πρὸς
197 1156 285 1210 ταῦτα
298 1155 325 1210 οἷ
337 1151 433 1232 μάγοι·
455 1151 502 1210 ’ίῶ
518 1154 651 1228 βασιλεῦ,
666 1153 712 1210 καὶ
728 1152 839 1212 αῦτοῖσι
850 1153 920 1229 ήμῖν

117 1241 180 1316 περὶ
205 1244 317 1298 πολλοῦ
344 1241 406 1299 ε’στὶ
432 1241 638 1317 κατορθοῦσθαι
665 1239 757 1318 οἷρχην
778 1240 830 1316 τὴν
853 1242 918 1317 σήν·

117 1328 208 1390 κείνως
228 1330 280 1403 μὲν
300 1327 355 1408 γάρ
377 1326 576 1405 ἀλλοτριοῦται
598 1333 625 1390 ἔς
645 1327 695 1387 τόν
715 1328 801 1386 παῖδα
820 1333 920 1390 τοῦτον

117 1420 265 1492 περιῖοῦσα
285 1415 366 1476 ε’όντα
386 1417 511 1493 Πέρσην,
533 1416 579 1474 καὶ
598 1417 687 1493 ἡμεῖς,
706 1415 795 1479 ἐόντες
815 1418 919 1492 Μῆδοι,

70 1575 74 1585 .
118 1503 292 1581 δουλούμεθά
318 1530 350 1564 τε
376 1505 422 1562 καὶ
443 1503 532 1584 λόγου
559 1503 668 1567 οῦδενός
689 1504 825 1584 γινόμεθα
848 1504 920 1582 πρός

118 1593 259 1668 Περσέων,
278 1592 367 1655 ἐόντες
384 1593 476 1662 ξεῖνοι·
493 1592 545 1650 σέο
562 1591 585 1650 δ’
602 1597 765 1655 ἐνεστεῶτος
780 1595 920 1668 βασιλέος

117 1679 210 1742 ε’όντος
230 1680 378 1755 πολιήτεω,
400 1681 446 1738 καὶ
468 1678 591 1758 ἄρχομεν
611 1680 644 1739 τδ
665 1682 750 1757 μέρος
771 1682 817 1739 καὶ
837 1683 920 1758 τιμάς

116 1767 187 1843 πρός
208 1768 259 1826 σέο
278 1767 406 1848 μεγάλας
427 1768 536 1845 ἔχομεν.
578 1766 648 1826 οὕτω
669 1767 706 1826 ὦν
725 1767 833 1830 πάντως
852 1769 919 1844 ἡμῖν

117 1856 168 1913 σέο
181 1881 213 1914 τε
225 1855 272 1913 καὶ
284 1860 334 1929 τῆς
347 1859 402 1930 σῆς
414 1854 504 1933 οἷρχῆς
516 1857 673 1931 προοπτέον
687 1857 757 1923 ἔστί·
776 1857 822 1914 καὶ
834 1860 883 1916 νῦν
896 1862 920 1917 εἰ

118 1942 245 2019 φοβερόν
257 1968 285 2002 τι
299 1936 431 2020 ἑωρῶμεν,
445 1947 501 2002 πᾶν
515 1940 548 2001 άν
561 1969 610 2002 σοι
627 1942 851 2020 προεφράζομεν·
871 1949 919 2004 νῦν

117 2031 152 2088 δὲ·
164 2029 382 2108 ἀποσκήψαντος
398 2035 448 2090 τοῦ
467 2031 592 2089 ἐνυπνίου
605 2036 633 2093 ε’ς
646 2036 783 2107 φλαῦρον,
798 2029 879 2090 οὗτοί
888 2059 920 2092 τε

330 2120 338 2139 ε

117 2119 274 2195 θαρσέομεν
294 2145 340 2177 και
361 2119 409 2178 σοὶ
430 2119 509 2196 ἕτερα
529 2124 644 2177 τοιαῦτα
662 2117 919 2196 παρακελευόμεθα·

115 2206 165 2266 τόν
188 2207 219 2266 δὲ
241 2207 327 2265 παῖδα
349 2212 448 2266 τοῦτον
472 2207 502 2276 ἐξ
524 2205 682 2283 ὀφθαλμῶν
705 2206 871 2284 ἀπόπεμψαι
892 2213 920 2273 ές

628 2292 687 2314 „2

72 2297 125 2354 121
137 2296 252 2371 Πέρσας
264 2321 295 2355 τε
309 2297 354 2353 καὶ
366 2295 430 2357 τοῦς
442 2296 628 2375 γειναμένους.
688 2294 818 2357 Ακοόσος
831 2299 920 2354 ταῦτα

116 2382 133 2442 ὀ
145 2382 310 2464 Ἀστυάγης,
326 2382 413 2461 ε’χάρη
428 2409 460 2442 τε
473 2384 519 2441 καὶ
533 2383 656 2445 καλέσας
668 2381 718 2441 τόν
732 2387 827 2460 Κῦρον
841 2383 921 2464 ἔλεγέ

117 2474 144 2530 οἱ
164 2471 238 2530 τάδε·
260 2471 308 2529 “ὦ
328 2475 389 2541 παῖ,
412 2473 447 2530 σέ
466 2470 521 2551 γάρ
544 2469 598 2551 ε’γιδ
619 2469 653 2529 δι’
674 2468 740 2547 ὀψιν
760 2469 867 2547 ὀνείρου
887 2471 919 2530 οῦ
955 2493 958 2498 ’

117 2560 216 2635 τελέην
231 2558 341 2635 ἠδίκεον
356 2563 392 2637 τῇ
409 2562 531 2617 σεωυτοῦ
549 2557 578 2616 δὲ
594 2559 679 2636 μοίρῃ
696 2558 807 2636 περίεις,
820 2562 870 2618 νῦν
882 2557 920 2619 ὧν

117 2647 157 2705 ἴθι
173 2649 277 2724 χαίρων
296 2653 324 2710 ἔς
340 2648 464 2724 Πέρσας,
481 2645 611 2722 πομποῦς
628 2645 651 2703 δ’
665 2645 719 2725 ε’γιό
735 2644 795 2722 ἅμα
806 2646 918 2724 πέμψω·

119 2735 208 2795 ε’λθιόν
229 2737 259 2794 δὲ
281 2739 346 2806 ε’κεῖ,
367 2735 475 2812 πατέρα
495 2760 526 2793 τε
547 2735 593 2792 καὶ
613 2735 719 2810 μητέρα
740 2731 867 2810 εῦρήσεις
886 2759 914 2794 οι

116 2823 187 2882 κατὰ
202 2823 385 2902 Μιτραδάτην
401 2849 433 2882 τε
448 2822 498 2882 τόν
513 2821 657 2898 βουκόλον
673 2822 719 2879 καὶ
735 2820 786 2896 τὴν
800 2825 919 2903 γυναῖκα

117 2910 227 2970 αῦτοῦ.”

72 2998 127 3057 122
168 3003 263 3058 Ταῦτα
282 3001 360 3060 εἴπας
375 2997 392 3057 ὀ
404 2996 564 3078 Ἀστυάγης
577 2996 738 3073 α’ποπέμπει
750 2996 799 3058 τόν
813 3001 916 3073 Κῦρον·

110 3085 294 3160 νοστήσαντα
307 3087 339 3146 δέ
353 3112 404 3164 μιν
421 3091 448 3149 ές
463 3090 513 3145 τοῦ
529 3084 694 3161 Καμβύσεω
706 3085 742 3144 τὰ
758 3086 831 3144 οἰκία
847 3086 919 3155 ἐδέξ·

92 3190 167 3227 αντα
192 3177 224 3232 οἱ
248 3175 423 3256 γεινάμενοι,
451 3175 501 3235 καὶ
527 3173 676 3252 δεξάμενοι
695 3171 749 3254 δὼς
777 3171 929 3250 ἐπίιθαντολ

75 3254 223 3328 “‘702015
235 3262 425 3340 α’σπάζοντο,
438 3265 492 3327 οἶα
505 3265 540 3345 δὴ
556 3261 750 3341 ἐπιστάμενοι
764 3258 866 3319 αῦτίκα
874 3256 942 3314 τότε
