2040 3464
123 109 155 154 ιο
432 109 615 158 Ἦνοιοτου
887 105 921 169 [Ι.

125 186 220 261 Μῆδοι
241 185 357 264 όρῶντες
377 187 462 247 αὐτοῦ
480 188 545 250 τούς
564 185 693 264 τρόπους,
718 184 852 260 δικαστήν
875 210 923 261 μιν

125 276 230 332 ἑωυτῶν
244 274 377 349 αἱρέοντο·
397 274 415 334 ὁ
429 275 458 333 δὲ
470 274 513 350 δή,
528 274 574 333 οἶα
586 272 741 349 μνεῶμενος
755 271 853 351 ἀρχήν,
865 272 924 336 ἰθύς

122 386 153 419 τε
167 360 212 418 καί
226 360 329 424 δίκαιος
341 361 386 437 ἦν.
420 363 519 421 ποιέων
532 387 563 422 τε
576 364 664 420 ταῦτα
678 362 788 419 ἔπαινον
802 360 860 438 εἶχε
873 359 923 420 οὐκ

88 466 91 470 ’
126 435 224 528 ὀλίγον
237 447 307 525 πρός
320 454 374 509 τῶν
387 450 531 519 πολιτέων,
546 448 616 508 οὕτω
635 447 711 508 ὥστε·
721 447 923 524 πυνθανόμενοι

124 539 151 594 οἰ
165 540 194 595 ἐν
207 540 275 614 τῇσι
288 534 396 615 ἄλλῃσι
412 537 522 615 κώμῃσι
535 536 570 598 οἷς
584 535 705 611 Δηῖόκης
719 535 760 610 εἰη
774 534 844 611 α’νήρ
856 539 923 611 μοῦ·
975 528 981 537 ’

123 649 170 686 νος
186 622 256 683 κατοὶ
273 623 306 683 τό
326 623 410 700 ὀρθόν
424 625 545 695 δικάζων,
559 623 694 700 πρότερον
712 623 923 700 περιπίπτοντες

125 709 246 770 ἀδίκοισι
268 711 405 791 γνώμῃσι,
425 711 488 770 τότε
514 712 576 770 ἐπεί
595 736 627 770 τε
650 709 783 786 ἥκουσαν,
805 708 923 785 ἅσμενοι

612 799 620 820 Ν
669 797 676 816 2

124 799 250 874 ἐφοίτεον
269 799 345 877 παραὶ
365 798 415 858 τόν
435 798 556 875 Δηῖόκεα
577 824 622 857 και
643 798 721 857 αυτοὶ
734 797 920 873 δικασόμενοι·

75 887 112 946 97
122 888 203 950 τέλος
225 887 263 955 δέ,
285 886 373 947 οὐδενὶ
396 886 476 967 ἄλλῳ
500 885 697 964 ἐπετράποντο.
739 888 868 948 Πλεῦνος
893 885 923 945 δὲ

123 975 176 1032 αἰεὶ
194 976 340 1054 γινομένου
355 979 406 1035 τοῦ
424 976 638 1051 ἐπιφοιτέοντος,
653 973 699 1033 οἶα
711 973 923 1049 πυνθανομένων

122 1061 173 1125 τοίς
190 1062 267 1124 δίκας
282 1061 446 1139 ἀποβαίνειν
462 1061 532 1122 κατιί
550 1062 583 1122 τό
603 1061 656 1135 ἐόν,
670 1060 753 1143 γνοιίς
772 1058 924 1136 όΔηῖόκης

123 1153 152 1212 ἐς
170 1148 269 1209 ἑωυτόν
287 1154 343 1209 πᾶν
361 1149 545 1226 ἀνακείμενον,
563 1148 626 1209 οὔτε
646 1150 763 1220 κατίζειν
782 1148 821 1207 ἔτι
838 1147 924 1223 ἤθελε

123 1237 188 1297 ἔνθα
211 1263 263 1313 περ
290 1236 427 1316 πρότερον
453 1238 624 1315 προκατίζων
650 1237 762 1307 ἐδίκαζε,
786 1233 842 1294 οὔτ’
868 1237 923 1312 ἔφη

124 1324 202 1385 δικᾶν
213 1326 261 1384 ἔτι·
276 1324 309 1384 οὗ
321 1325 376 1405 γάρ
387 1329 414 1385 οἱ
424 1326 604 1394 λυσιτελέειν,
613 1329 668 1384 τῶν
679 1326 778 1383 ἑωυτοῦ
790 1323 922 1399 ἐξημελη·

124 1412 191 1472 κότα
210 1414 288 1472 τοῖσι
306 1413 396 1476 τέλος
416 1411 449 1471 δι’
468 1412 573 1490 ἡμέρης
594 1411 722 1482 δικάζειν.
764 1410 864 1485 ἐούσης
886 1411 922 1471 ὧν

123 1499 251 1580 ἁρπαγῆς
263 1500 309 1559 καί
323 1499 438 1576 οἰνομίης
452 1502 491 1560 ἔτι
507 1504 606 1578 πολλῷ
618 1503 732 1577 μᾶλλον
744 1497 797 1558 οἷνιί
809 1498 859 1561 τοίς
873 1498 921 1557 καί·

122 1612 178 1662 μας
190 1586 209 1662 ἢ
222 1586 356 1665 πρότερον
366 1588 409 1662 ἣν,
420 1588 631 1667 συνελέχθησαν
641 1590 668 1646 οἰ
681 1587 777 1663 Μῆδοι
788 1591 815 1649 ἐς
824 1585 921 1657 τοίῢτὸ,

125 1675 171 1732 καί
188 1675 315 1734 ἐδίδοσαν
333 1677 421 1751 σφίσι
437 1675 526 1756 λόγον
541 1675 671 1756 λέγοντες
688 1675 752 1750 περὶ
769 1678 824 1734 τῶν
840 1699 921 1750 κατη-

123 1762 234 1822 κόντων·
262 1761 298 1825 ὦς
322 1761 345 1820 δ’
366 1761 419 1844 ἐγώ
442 1763 535 1833 δοκέω,
556 1763 684 1838 μάλιστα
707 1764 804 1843 ἔλεγον
825 1765 851 1820 οἰ
870 1767 921 1822 τοῦ

123 1850 246 1924 Δηίόκεω
272 1851 364 1926 φίλοι·
394 1848 448 1910 “οό
471 1850 526 1930 γιίρ
554 1850 588 1924 δή
612 1850 706 1928 τρόπῳ
729 1854 768 1927 τῷ
790 1849 921 1927 παρεόντι

121 1936 273 2015 χρεόμενοι
296 1938 408 1997 δυνατοί
431 1942 505 2014 εἰμεν
527 1938 623 1997 οἰκέειν
649 1936 701 2013 τήν
726 1937 828 2016 χώρην,
852 1938 921 2016 φέρε

122 2025 272 2102 στήσωμεν
292 2025 384 2102 ἡμέων
407 2025 496 2085 αὐτῶν
519 2025 655 2100 βασιλέα·
684 2025 730 2083 καί
753 2024 822 2084 οὕτω
845 2025 865 2100 ἥ
890 2052 921 2086 τε

122 2111 199 2190 χοίρη
220 2112 402 2190 εὐνομήσεται
423 2114 469 2172 καί
488 2112 567 2172 αὐτοὶ
585 2112 656 2190 πρός
673 2113 740 2193 ἔργα
751 2112 921 2189 τρεψόμεθα,

123 2198 185 2258 οὐδὲ
210 2198 256 2258 ὕπ’
284 2199 399 2277 α’νομίης
421 2199 573 2261 α’νοίστατοι
596 2199 745 2277 ἐσόμεθα·”
772 2199 860 2258 ταῦτά
886 2227 921 2277 κη

75 2289 113 2345 98
122 2288 250 2368 λέγοντες
263 2288 393 2347 πείθουσι
407 2288 522 2352 ἔωυτοιίς
534 2287 750 2365 βασιλεύεσθαι·
771 2286 877 2346 Αὐτίκα
908 2291 921 2347 ὲ

122 2376 364 2453 προβαλλομένων
393 2376 443 2436 τόν
472 2402 534 2435 τινα
560 2375 715 2451 στήσονται
740 2376 876 2450 βασιλέα,
903 2375 921 2436 ό

123 2463 244 2538 Δηῖόκης
268 2462 304 2538 ἦν
325 2463 435 2526 πολλός
458 2462 512 2523 ὑπὸ
536 2463 639 2526 παντός
662 2462 760 2539 αἶνδρὸς
784 2464 830 2521 καί
852 2489 921 2540 προ-

121 2551 301 2627 βαλλόμενος
318 2551 364 2610 καὶ
379 2551 544 2628 αἰνεόμενος·
560 2556 587 2614 ἐς
600 2549 616 2610 ὃ
629 2554 729 2610 τοῦτον
743 2552 921 2611 καταινέουσι

121 2639 248 2714 βαοιλέα
261 2639 350 2715 σφίσι
367 2639 445 2699 εἰναι.
487 2638 503 2698 ὁ
519 2637 542 2698 δ’
559 2638 667 2698 ἐκέλευε
684 2637 784 2702 αὐτοῦς
801 2638 875 2698 οἰκία
888 2665 921 2700 τε

121 2729 209 2806 ἑωυτῷ
221 2725 285 2796 α’ίξια
296 2731 347 2802 τῆς
358 2727 514 2802 βασιληίης
528 2727 718 2802 οἰκοδομῆσαι,
730 2726 775 2784 καὶ
789 2729 921 2803 κρατῦναι

123 2813 208 2874 αὐτόν
230 2813 422 2892 δορυφόροισι.
462 2818 574 2873 ποιεῦσι
597 2813 630 2890 δή
653 2816 742 2873 ταῦτα
765 2815 793 2872 οἱ
815 2813 921 2889 Μῆδοι·

121 2902 317 2979 οἰκοδομέουσί
329 2927 360 2961 τε
378 2902 434 2983 γοίρ
453 2901 527 2980 αὐτῷ
545 2903 618 2961 οἰκία
634 2900 746 2982 μεγάλα
763 2926 795 2960 τε
813 2902 860 2960 καί
877 2904 920 2962 ἰσ-

121 2988 200 3068 χυρὰ,
219 2989 263 3048 ἵνα
281 2988 363 3052 αὐτός
383 2991 491 3067 ἔφρασε
506 2993 557 3065 τῆς
573 2989 673 3067 χώρης,
688 2989 734 3047 καὶ
749 2987 922 3066 δορυφόρους

116 3077 193 3153 ον’τῷ
209 3078 392 3154 ἐπιτρέπουσι
407 3081 437 3135 ἐκ
454 3073 564 3136 πόντων
580 3076 685 3152 Μήδων
702 3077 920 3146 καταλέξασθαι.

100 3159 125 3215 0'
155 3165 172 3218 ε’
189 3161 228 3224 ὤς
240 3165 314 3244 ε”οχε
330 3163 385 3243 τήν
399 3163 503 3247 α’ρχήν,
520 3162 586 3229 τούς
602 3164 718 3241 Μήδους
733 3162 875 3244 ἠνάγκασε
892 3165 921 3226 ἐν

85 3240 229 3320 ”alm
242 3251 446 3331 ποιήσασθαι,
459 3255 614 3318 καὶτοῦτο
626 3253 870 3332 περιστέλλοντας
878 3254 934 3310 τιῖω
