2040 3464
82 114 190 172 61--b4j
419 110 552 177 οΑΛΕιΑ.
829 106 877 154 ιιι

79 189 226 250 τεθνεῶτες
247 186 406 255 α’νεστέασι,
420 185 575 262 προσδέκεό
593 211 638 245 τοι
658 185 703 243 καὶ
720 182 880 264 Ἀστυάγεα

80 275 131 334 τόν
147 275 247 350 Μῆδον
264 275 522 349 ἐπαναστήσεσθαι·
544 277 568 331 εἰ
586 273 609 332 δ’
628 273 688 331 ἔστι
709 270 804 347 ὥσπερ
824 271 879 348 πρό

85 367 140 431 τοῦ,
156 362 187 421 οὐ
206 362 248 438 μή
268 388 296 421 τι
315 388 360 421 τοι
380 363 409 419 ἐκ
429 387 463 441 γε
483 361 586 420 ἐκείνου
606 359 738 436 νεώτερον
754 359 879 435 ἀναβλα-

82 450 194 525 στήσει.
236 454 283 510 νῦν
313 448 350 508 ὧν
379 475 428 526 μοι
460 449 556 518 δοκέει,
583 447 803 524 μεταδιώξαντας
830 446 881 506 τόν

82 538 188 613 κη’ρυκα
205 537 340 607 ἐξετάζειν
358 540 533 612 εἰρωτεῦντας
547 533 612 612 παρ’
625 533 687 594 ὅτευ
706 533 780 608 ἥκων
795 561 880 611 προα-

81 625 191 705 γορεύει
210 625 278 701 ἡμῖν
298 625 433 702 Σμέρδιος
453 624 592 700 βασιλέος
615 621 724 681 ἀκούειν
733 621 756 689 ;”
786 627 881 681 Ταῦτα
890 623 927 682 63

83 714 210 775 εἴπαντος
227 712 422 789 Πρηξάσπεος,
436 710 522 787 ἤρεσε
538 710 594 792 γάρ
614 709 770 788 Καμβύσῃ,
785 709 882 768 αὐτίκα

81 801 266 877 μεταδίωκτος
285 799 432 882 γενόμενος
452 799 468 859 ὅ
490 799 577 875 κῆρυξ
594 797 654 873 ἧκε·
678 798 831 878 ἀπιγμένον
852 797 883 857 δέ

83 913 131 963 μιν
150 890 237 964 εἴρετο
256 887 272 947 ὁ
286 888 462 964 Πρηξάσπης
478 886 553 945 τάδε·
575 885 737 962 ’(ὤνθρωπε,
753 885 810 964 φῂς
826 887 881 967 γάρ

82 974 159 1049 ἥκειν
182 975 259 1052 παραὶ
279 975 414 1051 Σμέρδιος
436 978 486 1033 τοῦ
510 973 605 1050 Κύρου
626 972 754 1053 ἄγγελος,
775 978 824 1032 νῦν
845 972 882 1032 ὧν

84 1063 163 1125 εἴπας
175 1063 228 1138 τὴν
245 1062 383 1138 άληθηίην
398 1060 478 1121 ἄπιθι
495 1062 608 1139 χαίρων·
630 1061 729 1137 κότερα
743 1059 826 1123 αύτός
838 1087 882 1119 τοι

85 1151 203 1226 Σμέρδις
216 1151 383 1228 φαινόμενος
397 1154 424 1212 ἐς
438 1148 503 1225 ὄψιν
516 1150 675 1208 ἐνετέλλετο
688 1152 783 1216 ταῦτα,
797 1146 816 1223 ἢ
829 1153 884 1207 τῶν

84 1262 126 1300 τις
147 1240 251 1297 ἐκείνου
272 1235 461 1313 ύπηρετέων;”
489 1235 504 1294 ὁ
525 1236 555 1294 δέ
576 1235 644 1294 εἶπε·
670 1234 744 1315 “ἐγώ
765 1235 884 1312 Σμέρδιν

83 1329 136 1401 μὲν
148 1325 198 1385 τόν
215 1325 319 1402 Κύρου,
334 1325 365 1393 ἐξ
377 1323 442 1383 ὅπου
455 1323 595 1399 βασιλεύς
616 1321 779 1399 Καμβύσης
791 1321 883 1396 ἤλασε

85 1417 113 1475 ἐς
133 1414 284 1494 Αἴγυπτον,
306 1412 338 1472 οὔ
359 1439 397 1471 κω
417 1411 526 1471 ὄπωπα·
550 1410 566 1470 ό
587 1412 619 1470 δέ
635 1437 686 1486 μοι
705 1411 813 1491 Μάγος,
833 1410 883 1470 τόν

86 1501 249 1576 Καμβύσης
275 1502 425 1575 ἐπίτροπον
451 1503 507 1558 τῶν
535 1500 626 1558 οἰκίων
654 1498 775 1566 ἀπέδεξε,
804 1495 883 1562 οὗτος

84 1592 172 1646 ταῦτα
187 1589 351 1658 ἐνετείλατο,
366 1588 423 1662 φάς
442 1587 561 1662 Σμέρδιν
577 1586 627 1645 τὸν
644 1585 739 1663 Κύρου
753 1585 822 1645 εἶναι
834 1587 883 1647 τόν

84 1679 173 1733 ταῦτα
187 1677 349 1751 ἐπιθέμενον
363 1675 438 1733 εἶπαι
451 1674 521 1751 πρός
534 1671 646 1750 ύμέας.”
686 1672 702 1732 ὅ
715 1676 767 1749 μὲν
780 1673 814 1749 δή
827 1681 884 1751 σφι

85 1764 165 1841 ἔλεγε
182 1763 261 1823 οὐδὲν
282 1761 558 1840 ἐπικατεψευσμένος·
580 1761 743 1838 Καμβύσης
763 1761 792 1820 δὲ
812 1762 880 1821 εἷπε·

86 1851 292 1926 *(Πρήξασπες,
312 1850 349 1910 σι)
367 1854 419 1926 μὲν
437 1850 483 1909 οἶα
501 1848 572 1926 α’νὴρ
590 1847 695 1929 ἀγαθός
710 1849 831 1925 ποιήσας
850 1850 884 1911 τό

86 1938 268 2014 κελευόμενον
289 1939 378 2014 αἰτίην
399 1938 580 2018 ἐκπέφευγας·
603 1939 664 2013 ἐμοὶ
682 1938 712 1996 δὲ
729 1939 771 2001 τίς
790 1936 883 2014 ἂνεῖη

86 2025 222 2101 Περσέων
242 2025 258 2086 ά
280 2026 458 2096 ἐπανεστεώς,
479 2025 651 2101 ἐπιβατεύων
677 2030 727 2085 τοῦ
751 2027 884 2104 Σμέρδιος

86 2111 238 2188 οὐνόματος
247 2112 271 2183 ;”
292 2113 308 2173 ὁ
322 2113 351 2171 δέ
365 2113 434 2171 εἶπε·
456 2124 473 2149 “
483 2115 536 2194 ἐγώ
551 2140 601 2190 μοι
617 2113 702 2173 δοκέω
716 2114 838 2174 συνιέναι
851 2114 883 2174 τό

86 2200 201 2280 γεγονός
226 2205 319 2271 τοῦτο,
341 2200 362 2259 ὦ
381 2202 515 2277 βασιλεῦ·
549 2204 576 2260 οἱ
597 2202 693 2281 Μάγοι
717 2204 774 2261 εἶσί
794 2229 838 2262 τοι
858 2206 885 2263 οἱ

86 2293 296 2358 ἐπανεστεῶτες,
309 2288 359 2348 τόν
374 2314 406 2347 τε
424 2291 516 2352 ἔλιπες
535 2290 691 2366 μελεδωνόν
710 2295 765 2349 τῶν
785 2290 884 2360 οἰκίων,

89 2377 263 2453 Πατιζείθης,
278 2378 324 2436 καὶ
338 2377 354 2437 ὁ
366 2377 466 2435 τούτου
484 2377 622 2452 α’δελφεός
641 2376 785 2453 Σμέρδις.”
824 2376 884 2437 Ἐν·
894 2380 932 2438 64

87 2463 176 2521 θαῦτα
202 2463 363 2524 ἀκούσαντα
389 2465 552 2540 Καμβύσεα
574 2464 607 2523 τό
628 2464 762 2540 Σμέρδιος
781 2463 886 2542 οὕνομα

87 2551 170 2627 ἔτυψε
182 2549 201 2626 ἦ
214 2551 336 2627 α’ληθηίη
349 2555 405 2611 τῶν
417 2577 448 2610 τε
464 2551 556 2632 λόγων
575 2552 620 2610 καὶ
633 2555 682 2611 τοῦ
700 2553 835 2611 ἐνυπνίου·
855 2552 886 2616 ὃς

87 2637 178 2697 ἐδόκεε
192 2643 221 2698 ἐν
240 2642 279 2717 τῷ
297 2638 372 2718 ὕπνῳ
393 2639 566 2719 ἀπαγγεῖλαί
581 2637 643 2698 τινά
664 2641 699 2707 οί,
716 2638 751 2701 οἷς
770 2639 887 2716 Σμέρδις

88 2725 213 2801 ἱζόμενος
226 2731 254 2788 ἐς
266 2726 316 2786 τᾶν
325 2727 480 2801 βασιλήϊον
493 2726 591 2803 θρόνον
602 2725 719 2804 ψαύσειε
728 2730 764 2804 τῇ
774 2731 887 2806 κεφαλῇ

89 2816 140 2871 τοῦ
161 2811 287 2889 ούρανοῦ·
308 2813 404 2890 μαθών
424 2814 454 2872 δὲ
475 2813 510 2877 ὦς
529 2812 621 2890 μάτην
641 2812 825 2877 α’πολωλεκοδς
845 2816 887 2890 εἴη

87 2900 137 2960 τόν
150 2901 298 2976 α’δελφεόν,
313 2901 448 2961 ἀπέκλαιε
462 2901 590 2978 Σμέρδιν,
601 2900 784 2965 ἀποκλαύσας
798 2903 828 2961 δὲ
842 2904 887 2962 καὶ

87 2988 311 3065 περιημεκτήσας
328 2995 363 3067 τῇ
381 2989 479 3068 ἁπάσῃ
498 2993 634 3068 συμφορῇ
653 2988 826 3066 α’ναθριύσκει
842 2991 888 3049 ἐπὶ

88 3075 138 3136 τόν
165 3077 259 3146 ἵππον,
284 3083 313 3135 ἐν
337 3077 390 3155 νόῳ
414 3079 483 3156 ἔχων
506 3077 558 3152 τήν
584 3079 723 3157 ταχίστην
743 3083 773 3139 ἐς
791 3080 900 3140 Σοῖιαα

88 3165 292 3241 στρατεύεσθαι
308 3166 355 3225 ἐπὶ
366 3165 418 3228 τόν
435 3164 552 3251 Μάγον·
576 3166 626 3227 καί
646 3169 677 3226 ολ
697 3163 928 3239 αναδρίισκαυτι

80 3252 128 3310 ε’πὶ
153 3252 202 3311 τόν
229 3253 327 3325 ἵππον,
352 3261 408 3318 τοῦ
433 3261 568 3320 κουλεοῢ·
588 3259 646 3319 τοῦ
672 3255 784 3330 ξίφεος
809 3247 827 3306 ἶ)
853 3241 956 3318 Vm*
