2040 3464
85 109 224 172 158-161]
376 112 601 160 ΜΕΛΠΟΜΕΝΗ.
836 111 883 155 3ίό

82 189 221 256 συλλέξας
244 191 366 265 στρατόν
390 192 546 270 Αἰγυπτίων
570 189 682 248 πολλόν
708 191 813 262 ἔπεμπε
838 188 882 246 ἐπὶ

79 273 132 348 τήν
146 277 284 350 Κυρήνην·
307 280 332 334 οἷ
351 278 379 334 δὲ
397 283 549 352 Κυρηναῖοι
571 275 840 351 ἐκστρατευσάμενοι
857 281 883 337 ἐς

76 360 179 437 Ιρασα
200 391 291 441 χωρον
316 366 361 422 καὶ
383 366 428 423 ἐπὶ
453 365 561 475 κρήνην
579 366 697 439 Θεστην,
721 363 883 439 συνέβαλόν

80 475 110 508 τε
136 454 212 508 τοῖσι
239 454 418 531 Αἰγυπτίοισι
446 453 491 509 καὶ
519 453 650 526 ἐνίκησαν
673 456 708 528 τῇ
734 453 881 529 συμβολῇ

81 536 129 595 άτε
155 537 209 617 γάρ
237 565 268 596 ου
296 540 493 614 πεπειρημένοι
519 538 655 614 πρότερον
682 543 708 597 οἱ
735 538 882 618 Λίγύπτιοι

80 623 233 698 Ελλήνων,
261 627 307 684 καὶ
333 626 567 704 παραχρεώμενοι,
596 626 843 702 διεφθάρησαν
812 653 881 684 ουτω

82 712 153 770 ὥστε
171 712 263 793 ὀλίγοι
281 716 352 775 τινὲς
366 713 455 771 αὐτῶν
469 713 668 788 ἀπενόστησαν
685 719 711 775 ἐς
728 715 880 793 Αἴγυπτον.

80 798 140 858 άντὶ
160 800 264 860 τούτων
285 800 432 880 Αἰγύπτιοι
455 801 524 858 κατά
548 805 635 858 ταῦτα
659 801 882 876 ἐπιμεμφόμενοι

80 885 190 965 Ἀπρίῃ,
206 888 372 963 ἀπέστησαν
386 888 432 946 ἀπ’
448 887 542 946 αύτοῦ.

120 976 225 1034 Τούτου
240 976 268 1035 δέ
282 979 332 1034 τοῦ
346 974 457 1033 Βάττεω
470 977 575 1055 γίνεται
588 974 653 1036 πάϊς
665 975 858 1050 Ἀρκεσίλεως·
870 977 926 1032 160

80 1061 110 1125 ὃς
143 1063 323 1138 βασιλεύσας
356 1067 452 1138 πρῶτα
485 1067 560 1121 τοῖσι
588 1065 687 1119 ἑωυτοῦ
715 1062 879 1136 ἀδελφεοῖσι

81 1152 244 1219 ἐστασίασε,
259 1155 285 1212 ἐς
306 1150 321 1209 ὅ
342 1176 390 1226 μιν
411 1147 487 1207 οὗτοι
508 1148 693 1210 α’πολιπόντες
718 1150 828 1226 οἴχοντο
853 1154 880 1211 ές

80 1236 171 1295 ἄλλον
192 1244 283 1316 χωρον
305 1243 354 1313 τῆς
376 1237 493 1311 Λιβύης,
514 1236 559 1293 καὶ
581 1234 622 1293 ἐπ’
646 1240 750 1294 ἑωυτῶν
769 1235 878 1311 βαλλό-

79 1350 166 1399 μενοι,
182 1327 293 1384 ἔκτισαν
313 1326 397 1383 πόλιν
417 1323 519 1398 ταύτην
539 1321 558 1396 ἢ
578 1321 642 1382 τότε
660 1324 704 1380 καὶ
718 1328 766 1381 νῦν
783 1323 878 1398 Βάρκη

81 1416 218 1470 καλέεται·
248 1414 383 1482 κτίζοντες
410 1410 432 1468 δ’
457 1410 516 1485 ἅμα
543 1409 628 1484 αύτήν
656 1410 795 1469 ἀπιστᾶσι
822 1409 878 1468 α’πδ

79 1501 135 1557 τῶν
148 1501 311 1574 Κυρηναίων
327 1499 390 1560 τούς
408 1498 524 1572 Λίβυας.
554 1498 623 1573 μετά
643 1499 679 1567 δὲ,
694 1498 879 1570 Ἀρκεσίλεως

81 1589 107 1645 ἐς
132 1586 196 1646 τούς
221 1584 440 1660 ὑποδεξαμένους
466 1611 496 1643 τε
521 1589 576 1644 τῶν
602 1585 716 1659 Λιβύων
743 1585 787 1642 καὶ
811 1584 877 1641 α’πο-

30 1725 32 1730 .
80 1673 200 1734 στάντας
227 1674 291 1733 τούς
314 1671 413 1734 αὐτούς
435 1672 556 1740 τούτους,
582 1673 770 1747 ἐστρατεύετο·
800 1675 826 1730 οἱ
850 1671 879 1730 δέ

80 1759 185 1833 Λίβυες
211 1759 352 1820 δείσαντες
379 1759 470 1828 αὐτόν,
496 1760 606 1835 οἴχοντο
635 1763 783 1839 φεύγοντες
810 1759 879 1835 πρός

80 1845 143 1907 τούς
163 1845 256 1919 ηὀίους
276 1849 331 1904 τῶν
349 1845 473 1921 Λιβύων·
497 1845 512 1903 ὁ
534 1846 563 1903 δὲ
583 1845 766 1922 ’Λρκεσίλεως
787 1847 878 1904 εἵπετο

81 1933 228 2009 φεύγουσι,
244 1938 271 1995 ἐς
287 1930 318 1992 οὗ
339 1938 368 1992 ἐν
386 1933 511 1991 Λεύκωνί
527 1959 557 1992 τε
577 1938 627 2007 τῆς
646 1935 755 2008 Λιβύης
772 1936 876 2014 ἐγίνετο

81 2019 237 2089 ἐπιδιώκων,
261 2021 306 2078 καὶ
335 2021 409 2088 ἔδοξε
436 2024 512 2078 τοῖσι
539 2021 648 2095 Λίβυσι
673 2022 819 2081 ἐπιθέσθαι
843 2025 878 2080 οἱ·

81 2106 277 2180 συμβαλόντες
297 2108 326 2165 δὲ
343 2109 473 2182 ἐνίκησαν
486 2109 550 2170 τούς
565 2109 736 2183 Κυρηναίους
749 2114 877 2180 τοσοῦτο,

82 2192 153 2250 ὥστε
182 2197 408 2271 ἑπτακισχιλίους
435 2193 552 2257 ὁπλίτας
578 2197 739 2298 Κυρηναίων
764 2198 879 2254 ἐνθαῦτα

81 2281 201 2339 πεσέειν.
242 2281 371 2357 μετάε
342 2281 371 2338 δὲ
397 2282 429 2341 τό
456 2285 551 2357 τρῶμα
580 2286 662 2340 τοῦτο
694 2283 879 2357 Αρκεσίλεων

81 2368 131 2441 μέν
152 2368 291 2444 κάμνοντά
310 2395 340 2427 τε
363 2372 408 2427 καὶ
430 2369 578 2444 φάρμακον
598 2369 745 2427 πεπωκότα
764 2397 779 2427 ο
773 2369 880 2427 α’δελ-

82 2455 150 2526 φεᾶς
171 2459 299 2533 Λέαρχος
321 2456 477 2535 ἀποπνίγει·
508 2459 636 2531 Λέαρχον
665 2456 693 2513 δὲ
720 2455 738 2530 ή
765 2457 833 2536 γυνή
860 2458 879 2532 ή

81 2538 250 2616 ’Λρκεσίλεω
278 2543 351 2621 δόλῳ
379 2545 483 2612 κτείνει,
511 2546 546 2619 τῇ
574 2541 678 2618 ούνομα
704 2543 738 2618 ἦν
765 2544 878 2619 Ἐρυξώ,

82 2629 231 2696 Διεδέξατο
246 2630 275 2688 δὲ
288 2633 339 2703 τήν
352 2630 508 2705 βασιληίην
521 2634 571 2688 τοῦ
584 2628 753 2705 ’Λρκεσίλεω
768 2631 783 2690 6
797 2632 860 2694 πάϊς
870 2635 923 2691 161

82 2715 197 2784 Βάττος,
212 2717 303 2794 χωλός
320 2717 370 2776 εἰδν
388 2717 433 2774 καὶ
451 2717 499 2775 ούκ
516 2716 653 2792 α’ρτίπους.
698 2712 725 2776 οἱ
744 2719 772 2776 δὲ
790 2726 880 2794 Κυρη-

82 2805 154 2862 ναῖοι
175 2805 243 2879 πρὸς
264 2805 314 2878 τήν
336 2805 557 2879 καταλαβοῦσαν
581 2805 734 2882 συμφορήν
758 2807 881 2880 ἔπεμπον

82 2895 110 2952 ἐς
131 2892 263 2964 Δελφούς
284 2892 522 2968 ἐπειρησομένους,
542 2892 653 2951 ὅντινα
674 2893 778 2967 τρόπον
799 2920 881 2952 κατα·

82 2977 256 3053 στησάμενοι
285 2978 426 3037 κάλλιστα
453 2977 486 3037 άν
515 2980 646 3048 οίκέοιεν;
681 2980 699 3054 ή
727 2982 756 3038 δὲ
787 2983 879 3058 Πυθίη

82 3065 190 3123 ἐκέλευε
212 3071 241 3124 ἐκ
264 3068 420 3140 Μαντινέης
441 3070 496 3144 ’τῆςΙ
512 3065 652 3142 ’Λρκάδων
674 3073 881 3145 καταρτιστῆρα

81 3150 248 3231 οἷγαγέσθαι.
291 3153 381 3210 αἴτεον
402 3152 438 3211 ὦν
459 3156 485 3211 οἱ
507 3159 672 3230 Κυρηναῖοι,
693 3157 742 3213 καλ
762 3160 893 3212 0&qu-

77 3238 163 3300 τινέες
189 3238 291 3299 ἔδοσαν
314 3238 404 3320 ἄνδρα
429 3247 485 3303 τῶν
511 3241 608 3302 άστῶν
639 3242 858 3317 δοκιμωτατου,
878 3239 927 3305 ‘³32-
