<?xml version="1.0" encoding="UTF-8"?>
<!DOCTYPE html PUBLIC "-//W3C//DTD XHTML 1.0 Transitional//EN"
    "http://www.w3.org/TR/xhtml1/DTD/xhtml1-transitional.dtd">
<html xmlns="http://www.w3.org/1999/xhtml" xml:lang="en" lang="en">
 <head>
  <title>
</title>
<meta http-equiv="Content-Type" content="text/html;charset=utf-8" />
  <meta name='ocr-system' content='tesseract 3.04.00' />
  <meta name='ocr-capabilities' content='ocr_page ocr_carea ocr_par ocr_line ocrx_word'/>
</head>
<body>
  <div class='ocr_page' id='page_1' title='image "./recensuitjoseph00herogoog_0168.png"; bbox 0 0 2040 3464; ppageno 0'>
   <div class='ocr_carea' id='block_1_1' title="bbox 73 107 956 3341">
    <p class='ocr_par' dir='ltr' id='par_1_1' title="bbox 87 107 893 1228">
     <span class='ocr_line' id='line_1_1' title="bbox 87 107 890 171; baseline -0.002 -12"><span class='ocrx_word' id='word_1_1' title='bbox 87 107 198 171; x_wconf 61' lang='grc' dir='ltr'>’τυ-το]</span> <span class='ocrx_word' id='word_1_2' title='bbox 427 108 590 156; x_wconf 68' lang='lat' dir='ltr'><strong>mmmm.</strong></span> <span class='ocrx_word' id='word_1_3' title='bbox 843 110 890 157; x_wconf 82' lang='grc' dir='ltr'>ιιι</span> 
     </span>
     <span class='ocr_line' id='line_1_2' title="bbox 88 182 893 265; baseline 0.006 -24"><span class='ocrx_word' id='word_1_4' title='bbox 88 184 228 265; x_wconf 91' lang='grc' dir='ltr'>λέγοντες·</span> <span class='ocrx_word' id='word_1_5' title='bbox 250 184 282 254; x_wconf 81' lang='grc' dir='ltr'>ἐξ</span> <span class='ocrx_word' id='word_1_6' title='bbox 299 183 436 262; x_wconf 84' lang='grc' dir='ltr'>Ἀραβίης</span> <span class='ocrx_word' id='word_1_7' title='bbox 457 185 641 262; x_wconf 79' lang='grc' dir='ltr'>ὀρμειύμενον,</span> <span class='ocrx_word' id='word_1_8' title='bbox 661 189 688 250; x_wconf 83' lang='grc' dir='ltr'>ἐς</span> <span class='ocrx_word' id='word_1_9' title='bbox 707 183 742 246; x_wconf 77' lang='grc' dir='ltr'>τά</span> <span class='ocrx_word' id='word_1_10' title='bbox 764 182 824 262; x_wconf 81' lang='grc' dir='ltr'>ίρόν</span> <span class='ocrx_word' id='word_1_11' title='bbox 842 190 893 246; x_wconf 76' lang='grc' dir='ltr'>τοῦ</span> 
     </span>
     <span class='ocr_line' id='line_1_3' title="bbox 88 271 891 351; baseline 0.004 -22"><span class='ocrx_word' id='word_1_12' title='bbox 88 271 190 330; x_wconf 85' lang='grc' dir='ltr'>Ἡλίου</span> <span class='ocrx_word' id='word_1_13' title='bbox 205 273 326 349; x_wconf 82' lang='grc' dir='ltr'>κομίζειν</span> <span class='ocrx_word' id='word_1_14' title='bbox 335 272 384 332; x_wconf 86' lang='grc' dir='ltr'>τόν</span> <span class='ocrx_word' id='word_1_15' title='bbox 393 273 501 348; x_wconf 79' lang='grc' dir='ltr'>πατέρα</span> <span class='ocrx_word' id='word_1_16' title='bbox 515 277 544 332; x_wconf 88' lang='grc' dir='ltr'>ἐν</span> <span class='ocrx_word' id='word_1_17' title='bbox 555 272 665 351; x_wconf 78' lang='grc' dir='ltr'>σμύρνῃ</span> <span class='ocrx_word' id='word_1_18' title='bbox 677 271 891 348; x_wconf 87' lang='grc' dir='ltr'>ἐμπλάσσοντα,</span> 
     </span>
     <span class='ocr_line' id='line_1_4' title="bbox 89 358 889 438; baseline 0.003 -20"><span class='ocrx_word' id='word_1_19' title='bbox 89 361 136 418; x_wconf 87' lang='grc' dir='ltr'>καὶ</span> <span class='ocrx_word' id='word_1_20' title='bbox 149 358 265 419; x_wconf 76' lang='grc' dir='ltr'>θάπτειν</span> <span class='ocrx_word' id='word_1_21' title='bbox 278 365 307 418; x_wconf 86' lang='grc' dir='ltr'>ἐν</span> <span class='ocrx_word' id='word_1_22' title='bbox 320 364 370 419; x_wconf 82' lang='grc' dir='ltr'>τοῦ</span> <span class='ocrx_word' id='word_1_23' title='bbox 382 359 484 419; x_wconf 83' lang='grc' dir='ltr'>Ἡλίου</span> <span class='ocrx_word' id='word_1_24' title='bbox 497 364 535 438; x_wconf 77' lang='grc' dir='ltr'>τῷ</span> <span class='ocrx_word' id='word_1_25' title='bbox 549 363 606 438; x_wconf 78' lang='grc' dir='ltr'>ἱρῷ·</span> <span class='ocrx_word' id='word_1_26' title='bbox 628 360 750 434; x_wconf 84' lang='grc' dir='ltr'>κομίζειν</span> <span class='ocrx_word' id='word_1_27' title='bbox 781 363 793 418; x_wconf 86' lang='grc' dir='ltr'>ὲ</span> <span class='ocrx_word' id='word_1_28' title='bbox 807 360 889 420; x_wconf 81' lang='grc' dir='ltr'>οὕτω·</span> 
     </span>
     <span class='ocr_line' id='line_1_5' title="bbox 88 447 891 525; baseline 0.004 -20"><span class='ocrx_word' id='word_1_29' title='bbox 88 451 207 525; x_wconf 77' lang='grc' dir='ltr'>πρῶτον,</span> <span class='ocrx_word' id='word_1_30' title='bbox 220 452 271 523; x_wconf 79' lang='grc' dir='ltr'>τῆς</span> <span class='ocrx_word' id='word_1_31' title='bbox 287 447 412 525; x_wconf 82' lang='grc' dir='ltr'>σμύρνης</span> <span class='ocrx_word' id='word_1_32' title='bbox 426 447 480 508; x_wconf 61' lang='lat' dir='ltr'>&amp;dv</span> <span class='ocrx_word' id='word_1_33' title='bbox 492 447 636 508; x_wconf 82' lang='grc' dir='ltr'>πλάσσειν</span> <span class='ocrx_word' id='word_1_34' title='bbox 649 447 719 508; x_wconf 83' lang='grc' dir='ltr'>ὅσον</span> <span class='ocrx_word' id='word_1_35' title='bbox 731 475 762 508; x_wconf 91' lang='grc' dir='ltr'>τε</span> <span class='ocrx_word' id='word_1_36' title='bbox 776 449 891 515; x_wconf 75' lang='grc' dir='ltr'>δυνατάς</span> 
     </span>
     <span class='ocr_line' id='line_1_6' title="bbox 89 535 888 612; baseline 0.004 -18"><span class='ocrx_word' id='word_1_37' title='bbox 89 540 152 595; x_wconf 87' lang='grc' dir='ltr'>ἐστι</span> <span class='ocrx_word' id='word_1_38' title='bbox 175 536 281 611; x_wconf 90' lang='grc' dir='ltr'>φέρειν·</span> <span class='ocrx_word' id='word_1_39' title='bbox 311 535 383 612; x_wconf 81' lang='grc' dir='ltr'>μετά</span> <span class='ocrx_word' id='word_1_40' title='bbox 404 537 442 605; x_wconf 81' lang='grc' dir='ltr'>δὲ,</span> <span class='ocrx_word' id='word_1_41' title='bbox 466 537 619 612; x_wconf 83' lang='grc' dir='ltr'>πειρᾶσθαι</span> <span class='ocrx_word' id='word_1_42' title='bbox 646 535 714 594; x_wconf 83' lang='grc' dir='ltr'>αὗτό</span> <span class='ocrx_word' id='word_1_43' title='bbox 739 538 888 612; x_wconf 88' lang='grc' dir='ltr'>φορέοντα·</span> 
     </span>
     <span class='ocr_line' id='line_1_7' title="bbox 89 621 892 702; baseline 0.004 -20"><span class='ocrx_word' id='word_1_44' title='bbox 89 621 174 683; x_wconf 79' lang='grc' dir='ltr'>ἐπεάν</span> <span class='ocrx_word' id='word_1_45' title='bbox 194 623 224 682; x_wconf 82' lang='grc' dir='ltr'>δὲ</span> <span class='ocrx_word' id='word_1_46' title='bbox 244 622 428 702; x_wconf 70' lang='grc' dir='ltr'>ἀποπειρηθῇ,</span> <span class='ocrx_word' id='word_1_47' title='bbox 451 623 521 683; x_wconf 77' lang='grc' dir='ltr'>οὕτω</span> <span class='ocrx_word' id='word_1_48' title='bbox 542 624 576 699; x_wconf 76' lang='grc' dir='ltr'><em>δὴ</em></span> <span class='ocrx_word' id='word_1_49' title='bbox 598 623 767 702; x_wconf 72' lang='grc' dir='ltr'>κοιλήναντα</span> <span class='ocrx_word' id='word_1_50' title='bbox 784 626 816 684; x_wconf 85' lang='grc' dir='ltr'>τό</span> <span class='ocrx_word' id='word_1_51' title='bbox 838 625 892 685; x_wconf 60' lang='lat' dir='ltr'>&amp;dv</span> 
     </span>
     <span class='ocr_line' id='line_1_8' title="bbox 88 710 891 791; baseline 0.002 -22"><span class='ocrx_word' id='word_1_52' title='bbox 88 711 138 770; x_wconf 87' lang='grc' dir='ltr'>τόν</span> <span class='ocrx_word' id='word_1_53' title='bbox 152 712 260 787; x_wconf 89' lang='grc' dir='ltr'>πατέρα</span> <span class='ocrx_word' id='word_1_54' title='bbox 280 716 307 774; x_wconf 90' lang='grc' dir='ltr'>ἐς</span> <span class='ocrx_word' id='word_1_55' title='bbox 325 710 392 770; x_wconf 82' lang='grc' dir='ltr'>αύτό</span> <span class='ocrx_word' id='word_1_56' title='bbox 410 711 552 771; x_wconf 78' lang='grc' dir='ltr'>ἐντιθέναι·</span> <span class='ocrx_word' id='word_1_57' title='bbox 574 711 685 789; x_wconf 84' lang='grc' dir='ltr'>σμύρνῃ</span> <span class='ocrx_word' id='word_1_58' title='bbox 702 712 731 769; x_wconf 81' lang='grc' dir='ltr'>δὲ</span> <span class='ocrx_word' id='word_1_59' title='bbox 748 710 824 791; x_wconf 77' lang='grc' dir='ltr'>ἄλλῃ</span> <span class='ocrx_word' id='word_1_60' title='bbox 844 717 891 789; x_wconf 89' lang='grc' dir='ltr'>ἐμ·</span> 
     </span>
     <span class='ocr_line' id='line_1_9' title="bbox 88 797 890 879; baseline 0.005 -23"><span class='ocrx_word' id='word_1_61' title='bbox 88 797 232 858; x_wconf 79' lang='grc' dir='ltr'>πλάσσειν</span> <span class='ocrx_word' id='word_1_62' title='bbox 241 803 324 858; x_wconf 85' lang='grc' dir='ltr'>τοῦτο</span> <span class='ocrx_word' id='word_1_63' title='bbox 339 798 397 857; x_wconf 89' lang='grc' dir='ltr'>κατ’</span> <span class='ocrx_word' id='word_1_64' title='bbox 408 798 424 858; x_wconf 85' lang='grc' dir='ltr'>ὅ</span> <span class='ocrx_word' id='word_1_65' title='bbox 434 825 462 857; x_wconf 86' lang='grc' dir='ltr'>τι</span> <span class='ocrx_word' id='word_1_66' title='bbox 473 803 524 858; x_wconf 86' lang='grc' dir='ltr'>τοῦ</span> <span class='ocrx_word' id='word_1_67' title='bbox 536 797 590 857; x_wconf 78' lang='grc' dir='ltr'>ὤοῦ</span> <span class='ocrx_word' id='word_1_68' title='bbox 601 797 765 879; x_wconf 78' lang='grc' dir='ltr'>ἐγκοιλῄνας</span> <span class='ocrx_word' id='word_1_69' title='bbox 779 801 890 875; x_wconf 88' lang='grc' dir='ltr'>ἐνέθηκε</span> 
     </span>
     <span class='ocr_line' id='line_1_10' title="bbox 87 885 890 966; baseline 0.002 -21"><span class='ocrx_word' id='word_1_70' title='bbox 87 885 138 946; x_wconf 87' lang='grc' dir='ltr'>τόν</span> <span class='ocrx_word' id='word_1_71' title='bbox 163 887 280 963; x_wconf 87' lang='grc' dir='ltr'>πατέρα·</span> <span class='ocrx_word' id='word_1_72' title='bbox 309 886 470 961; x_wconf 80' lang='grc' dir='ltr'>ἐσκειμένου</span> <span class='ocrx_word' id='word_1_73' title='bbox 494 886 524 944; x_wconf 77' lang='grc' dir='ltr'>δὲ</span> <span class='ocrx_word' id='word_1_74' title='bbox 550 889 600 945; x_wconf 78' lang='grc' dir='ltr'>τοῦ</span> <span class='ocrx_word' id='word_1_75' title='bbox 622 886 736 963; x_wconf 86' lang='grc' dir='ltr'>πατρός,</span> <span class='ocrx_word' id='word_1_76' title='bbox 760 887 890 966; x_wconf 90' lang='grc' dir='ltr'>γίνεσθαι</span> 
     </span>
     <span class='ocr_line' id='line_1_11' title="bbox 87 972 889 1051; baseline 0.001 -18"><span class='ocrx_word' id='word_1_77' title='bbox 87 973 176 1034; x_wconf 75' lang='grc' dir='ltr'>τοίυτό</span> <span class='ocrx_word' id='word_1_78' title='bbox 196 974 296 1051; x_wconf 87' lang='grc' dir='ltr'>βάρος·</span> <span class='ocrx_word' id='word_1_79' title='bbox 318 972 504 1048; x_wconf 78' lang='grc' dir='ltr'>ἐμπλάσαντα</span> <span class='ocrx_word' id='word_1_80' title='bbox 523 973 553 1032; x_wconf 82' lang='grc' dir='ltr'>δὲ</span> <span class='ocrx_word' id='word_1_81' title='bbox 574 974 695 1050; x_wconf 84' lang='grc' dir='ltr'>κομίζειν</span> <span class='ocrx_word' id='word_1_82' title='bbox 714 1000 763 1050; x_wconf 91' lang='grc' dir='ltr'>μιν</span> <span class='ocrx_word' id='word_1_83' title='bbox 783 975 825 1032; x_wconf 87' lang='grc' dir='ltr'>ἐπ’</span> <span class='ocrx_word' id='word_1_84' title='bbox 840 980 889 1034; x_wconf 82' lang='grc' dir='ltr'>Αἱ·</span> 
     </span>
     <span class='ocr_line' id='line_1_12' title="bbox 88 1059 889 1140; baseline 0.005 -21"><span class='ocrx_word' id='word_1_85' title='bbox 88 1059 195 1140; x_wconf 85' lang='grc' dir='ltr'>γίπτου</span> <span class='ocrx_word' id='word_1_86' title='bbox 214 1067 242 1124; x_wconf 90' lang='grc' dir='ltr'>ἐς</span> <span class='ocrx_word' id='word_1_87' title='bbox 258 1066 309 1121; x_wconf 78' lang='grc' dir='ltr'>τοῦ</span> <span class='ocrx_word' id='word_1_88' title='bbox 329 1060 431 1120; x_wconf 91' lang='grc' dir='ltr'>Ἡλίου</span> <span class='ocrx_word' id='word_1_89' title='bbox 449 1062 482 1120; x_wconf 84' lang='grc' dir='ltr'>τό</span> <span class='ocrx_word' id='word_1_90' title='bbox 502 1060 570 1139; x_wconf 86' lang='grc' dir='ltr'>ίρόν.</span> <span class='ocrx_word' id='word_1_91' title='bbox 612 1065 700 1120; x_wconf 86' lang='grc' dir='ltr'>ταῦτα</span> <span class='ocrx_word' id='word_1_92' title='bbox 721 1064 773 1137; x_wconf 86' lang='grc' dir='ltr'>μὲν</span> <span class='ocrx_word' id='word_1_93' title='bbox 789 1067 889 1123; x_wconf 83' lang='grc' dir='ltr'>τοῦτον</span> 
     </span>
     <span class='ocr_line' id='line_1_13' title="bbox 87 1147 485 1228; baseline 0.005 -22"><span class='ocrx_word' id='word_1_94' title='bbox 87 1147 139 1207; x_wconf 86' lang='grc' dir='ltr'>τόν</span> <span class='ocrx_word' id='word_1_95' title='bbox 152 1147 227 1225; x_wconf 80' lang='grc' dir='ltr'>ὄρνιν</span> <span class='ocrx_word' id='word_1_96' title='bbox 240 1149 359 1228; x_wconf 90' lang='grc' dir='ltr'>λέγουσι</span> <span class='ocrx_word' id='word_1_97' title='bbox 372 1150 485 1208; x_wconf 90' lang='grc' dir='ltr'>ποιέειν.</span> 
     </span>
    </p>

    <p class='ocr_par' dir='ltr' id='par_1_2' title="bbox 73 1234 956 3341">
     <span class='ocr_line' id='line_1_14' title="bbox 128 1234 933 1313; baseline 0.001 -19"><span class='ocrx_word' id='word_1_98' title='bbox 128 1237 195 1295; x_wconf 81' lang='grc' dir='ltr'>Εἰσὶ</span> <span class='ocrx_word' id='word_1_99' title='bbox 209 1236 240 1294; x_wconf 82' lang='grc' dir='ltr'>δέ</span> <span class='ocrx_word' id='word_1_100' title='bbox 251 1237 316 1311; x_wconf 83' lang='grc' dir='ltr'>περὶ</span> <span class='ocrx_word' id='word_1_101' title='bbox 326 1235 426 1311; x_wconf 81' lang='grc' dir='ltr'>Θήβας</span> <span class='ocrx_word' id='word_1_102' title='bbox 441 1236 494 1312; x_wconf 81' lang='grc' dir='ltr'>ἶροὶ</span> <span class='ocrx_word' id='word_1_103' title='bbox 509 1235 588 1312; x_wconf 84' lang='grc' dir='ltr'>ὀφιες</span> <span class='ocrx_word' id='word_1_104' title='bbox 602 1234 752 1312; x_wconf 71' lang='grc' dir='ltr'>ἀνθρώπων</span> <span class='ocrx_word' id='word_1_105' title='bbox 763 1235 888 1313; x_wconf 72' lang='grc' dir='ltr'>οὐδαμῶς</span> <span class='ocrx_word' id='word_1_106' title='bbox 897 1241 933 1298; x_wconf 71' lang='grc'>74</span> 
     </span>
     <span class='ocr_line' id='line_1_15' title="bbox 88 1321 888 1403; baseline 0.003 -22"><span class='ocrx_word' id='word_1_107' title='bbox 88 1321 252 1400; x_wconf 81' lang='grc' dir='ltr'>δηλήμονες·</span> <span class='ocrx_word' id='word_1_108' title='bbox 270 1323 296 1383; x_wconf 77' lang='grc' dir='ltr'>οἳ</span> <span class='ocrx_word' id='word_1_109' title='bbox 308 1323 426 1403; x_wconf 82' lang='grc' dir='ltr'>μεγάθεϊ</span> <span class='ocrx_word' id='word_1_110' title='bbox 440 1323 530 1386; x_wconf 85' lang='grc' dir='ltr'>ἐόντες</span> <span class='ocrx_word' id='word_1_111' title='bbox 542 1324 638 1399; x_wconf 80' lang='grc' dir='ltr'>μικροὶ</span> <span class='ocrx_word' id='word_1_112' title='bbox 652 1324 701 1382; x_wconf 85' lang='grc' dir='ltr'>δύο</span> <span class='ocrx_word' id='word_1_113' title='bbox 715 1324 795 1400; x_wconf 92' lang='grc' dir='ltr'>κέρεα</span> <span class='ocrx_word' id='word_1_114' title='bbox 806 1325 888 1401; x_wconf 94' lang='grc' dir='ltr'>φορέ-</span> 
     </span>
     <span class='ocr_line' id='line_1_16' title="bbox 88 1410 888 1488; baseline 0.004 -19"><span class='ocrx_word' id='word_1_115' title='bbox 88 1436 153 1469; x_wconf 93' lang='grc' dir='ltr'>ουσι</span> <span class='ocrx_word' id='word_1_116' title='bbox 162 1411 309 1487; x_wconf 82' lang='grc' dir='ltr'>πεφυκότα</span> <span class='ocrx_word' id='word_1_117' title='bbox 319 1412 350 1481; x_wconf 82' lang='grc' dir='ltr'>ἐξ</span> <span class='ocrx_word' id='word_1_118' title='bbox 362 1410 447 1488; x_wconf 83' lang='grc' dir='ltr'>άκρης</span> <span class='ocrx_word' id='word_1_119' title='bbox 460 1416 509 1486; x_wconf 81' lang='grc' dir='ltr'>τῆς</span> <span class='ocrx_word' id='word_1_120' title='bbox 520 1417 656 1487; x_wconf 82' lang='grc' dir='ltr'>κεφαλῆς·</span> <span class='ocrx_word' id='word_1_121' title='bbox 673 1411 736 1474; x_wconf 78' lang='grc' dir='ltr'>τούς</span> <span class='ocrx_word' id='word_1_122' title='bbox 748 1412 888 1472; x_wconf 89' lang='grc' dir='ltr'>θάπτουσι</span> 
     </span>
     <span class='ocr_line' id='line_1_17' title="bbox 88 1497 888 1580; baseline 0.003 -24"><span class='ocrx_word' id='word_1_123' title='bbox 88 1497 278 1562; x_wconf 78' lang='grc' dir='ltr'>ἀποθανόντας</span> <span class='ocrx_word' id='word_1_124' title='bbox 296 1505 324 1559; x_wconf 87' lang='grc' dir='ltr'>ἐν</span> <span class='ocrx_word' id='word_1_125' title='bbox 340 1503 378 1576; x_wconf 80' lang='grc' dir='ltr'>τῷ</span> <span class='ocrx_word' id='word_1_126' title='bbox 393 1503 440 1577; x_wconf 76' lang='grc' dir='ltr'>ἱρῷ</span> <span class='ocrx_word' id='word_1_127' title='bbox 452 1504 502 1558; x_wconf 81' lang='grc' dir='ltr'>τοῦ</span> <span class='ocrx_word' id='word_1_128' title='bbox 516 1499 594 1560; x_wconf 90' lang='grc' dir='ltr'>Διός·</span> <span class='ocrx_word' id='word_1_129' title='bbox 615 1498 714 1559; x_wconf 87' lang='grc' dir='ltr'>τούτου</span> <span class='ocrx_word' id='word_1_130' title='bbox 727 1499 782 1580; x_wconf 89' lang='grc' dir='ltr'>γάρ</span> <span class='ocrx_word' id='word_1_131' title='bbox 797 1506 888 1575; x_wconf 91' lang='grc' dir='ltr'>σφεας</span> 
     </span>
     <span class='ocr_line' id='line_1_18' title="bbox 86 1586 934 1666; baseline 0.006 -21"><span class='ocrx_word' id='word_1_132' title='bbox 86 1591 136 1645; x_wconf 78' lang='grc' dir='ltr'>τοῦ</span> <span class='ocrx_word' id='word_1_133' title='bbox 160 1588 223 1647; x_wconf 88' lang='grc' dir='ltr'>θεοῦ</span> <span class='ocrx_word' id='word_1_134' title='bbox 248 1588 322 1662; x_wconf 87' lang='grc' dir='ltr'>φασὶ</span> <span class='ocrx_word' id='word_1_135' title='bbox 346 1588 416 1647; x_wconf 83' lang='grc' dir='ltr'>εἶναι</span> <span class='ocrx_word' id='word_1_136' title='bbox 438 1586 521 1663; x_wconf 80' lang='grc' dir='ltr'>ἱρούς.</span> <span class='ocrx_word' id='word_1_137' title='bbox 561 1586 648 1646; x_wconf 82' lang='grc' dir='ltr'>Ἔστι</span> <span class='ocrx_word' id='word_1_138' title='bbox 672 1587 701 1645; x_wconf 81' lang='grc' dir='ltr'>δὲ</span> <span class='ocrx_word' id='word_1_139' title='bbox 723 1592 814 1666; x_wconf 82' lang='grc' dir='ltr'>χῶρος</span> <span class='ocrx_word' id='word_1_140' title='bbox 837 1589 934 1663; x_wconf 63' lang='lat'>¹17&#39;1375</span> 
     </span>
     <span class='ocr_line' id='line_1_19' title="bbox 86 1674 885 1753; baseline 0.005 -21"><span class='ocrx_word' id='word_1_141' title='bbox 86 1675 231 1751; x_wconf 78' lang='grc' dir='ltr'>Ἀραβίης,</span> <span class='ocrx_word' id='word_1_142' title='bbox 247 1675 317 1733; x_wconf 85' lang='grc' dir='ltr'>κατά</span> <span class='ocrx_word' id='word_1_143' title='bbox 330 1679 454 1735; x_wconf 80' lang='grc' dir='ltr'>Βουτοῦν</span> <span class='ocrx_word' id='word_1_144' title='bbox 467 1674 552 1734; x_wconf 85' lang='grc' dir='ltr'>πόλιν</span> <span class='ocrx_word' id='word_1_145' title='bbox 564 1674 692 1751; x_wconf 89' lang='grc' dir='ltr'>μάλιστά</span> <span class='ocrx_word' id='word_1_146' title='bbox 705 1702 739 1751; x_wconf 89' lang='grc' dir='ltr'>κη</span> <span class='ocrx_word' id='word_1_147' title='bbox 754 1678 885 1753; x_wconf 89' lang='grc' dir='ltr'>κείμενος·</span> 
     </span>
     <span class='ocr_line' id='line_1_20' title="bbox 87 1761 887 1840; baseline 0.004 -21"><span class='ocrx_word' id='word_1_148' title='bbox 87 1763 133 1820; x_wconf 90' lang='grc' dir='ltr'>καὶ</span> <span class='ocrx_word' id='word_1_149' title='bbox 154 1768 182 1826; x_wconf 88' lang='grc' dir='ltr'>ἐς</span> <span class='ocrx_word' id='word_1_150' title='bbox 201 1767 285 1822; x_wconf 81' lang='grc' dir='ltr'>τοῦτο</span> <span class='ocrx_word' id='word_1_151' title='bbox 305 1763 338 1822; x_wconf 86' lang='grc' dir='ltr'>τό</span> <span class='ocrx_word' id='word_1_152' title='bbox 360 1764 462 1840; x_wconf 85' lang='grc' dir='ltr'>χωρίον</span> <span class='ocrx_word' id='word_1_153' title='bbox 482 1761 579 1838; x_wconf 81' lang='grc' dir='ltr'>ἦλθον,</span> <span class='ocrx_word' id='word_1_154' title='bbox 598 1763 803 1839; x_wconf 85' lang='grc' dir='ltr'>πυνθανόμενος</span> <span class='ocrx_word' id='word_1_155' title='bbox 823 1764 887 1840; x_wconf 84' lang='grc' dir='ltr'>περὶ</span> 
     </span>
     <span class='ocr_line' id='line_1_21' title="bbox 85 1847 885 1925; baseline 0.004 -17"><span class='ocrx_word' id='word_1_156' title='bbox 85 1853 140 1908; x_wconf 84' lang='grc' dir='ltr'>τῶν</span> <span class='ocrx_word' id='word_1_157' title='bbox 161 1853 307 1925; x_wconf 80' lang='grc' dir='ltr'>πτερωτῶν</span> <span class='ocrx_word' id='word_1_158' title='bbox 330 1847 427 1924; x_wconf 83' lang='grc' dir='ltr'>ὀφίων·</span> <span class='ocrx_word' id='word_1_159' title='bbox 457 1848 623 1925; x_wconf 83' lang='grc' dir='ltr'>άπικόμενος</span> <span class='ocrx_word' id='word_1_160' title='bbox 649 1850 678 1909; x_wconf 88' lang='grc' dir='ltr'>δὲ</span> <span class='ocrx_word' id='word_1_161' title='bbox 705 1851 777 1911; x_wconf 83' lang='grc' dir='ltr'>εἶδον</span> <span class='ocrx_word' id='word_1_162' title='bbox 798 1850 885 1911; x_wconf 81' lang='grc' dir='ltr'>ὀστέα</span> 
     </span>
     <span class='ocr_line' id='line_1_22' title="bbox 86 1936 956 2020; baseline -0.002 -24"><span class='ocrx_word' id='word_1_163' title='bbox 86 1936 175 2012; x_wconf 90' lang='grc' dir='ltr'>ὀφίων</span> <span class='ocrx_word' id='word_1_164' title='bbox 190 1939 235 1995; x_wconf 86' lang='grc' dir='ltr'>καὶ</span> <span class='ocrx_word' id='word_1_165' title='bbox 251 1936 381 2006; x_wconf 81' lang='grc' dir='ltr'>άκάνθας,</span> <span class='ocrx_word' id='word_1_166' title='bbox 395 1937 499 2012; x_wconf 78' lang='grc' dir='ltr'>πλήθεϊ</span> <span class='ocrx_word' id='word_1_167' title='bbox 514 1941 565 2014; x_wconf 84' lang='grc' dir='ltr'>μὲν</span> <span class='ocrx_word' id='word_1_168' title='bbox 579 1937 700 1998; x_wconf 86' lang='grc' dir='ltr'>οἷδύνατα</span> <span class='ocrx_word' id='word_1_169' title='bbox 716 1938 885 2020; x_wconf 78' lang='grc' dir='ltr'>α’πηγῆσασ·</span> <span class='ocrx_word' id='word_1_170' title='bbox 949 1987 956 1994; x_wconf 92' lang='grc'><em>.</em></span> 
     </span>
     <span class='ocr_line' id='line_1_23' title="bbox 86 2024 885 2106; baseline 0.003 -22"><span class='ocrx_word' id='word_1_171' title='bbox 86 2026 143 2084; x_wconf 92' lang='grc' dir='ltr'>θαι·</span> <span class='ocrx_word' id='word_1_172' title='bbox 164 2025 251 2101; x_wconf 88' lang='grc' dir='ltr'>σωροὶ</span> <span class='ocrx_word' id='word_1_173' title='bbox 269 2025 298 2083; x_wconf 85' lang='grc' dir='ltr'>δὲ</span> <span class='ocrx_word' id='word_1_174' title='bbox 314 2024 389 2099; x_wconf 83' lang='grc' dir='ltr'>ἦσαν</span> <span class='ocrx_word' id='word_1_175' title='bbox 405 2024 544 2085; x_wconf 90' lang='grc' dir='ltr'>α’κανθέων</span> <span class='ocrx_word' id='word_1_176' title='bbox 558 2027 603 2084; x_wconf 85' lang='grc' dir='ltr'>καὶ</span> <span class='ocrx_word' id='word_1_177' title='bbox 618 2027 739 2106; x_wconf 88' lang='grc' dir='ltr'>μεγάλοι</span> <span class='ocrx_word' id='word_1_178' title='bbox 756 2028 801 2086; x_wconf 85' lang='grc' dir='ltr'>καὶ</span> <span class='ocrx_word' id='word_1_179' title='bbox 818 2027 885 2086; x_wconf 83' lang='grc' dir='ltr'>ύπο-</span> 
     </span>
     <span class='ocr_line' id='line_1_24' title="bbox 86 2112 885 2190; baseline 0.006 -20"><span class='ocrx_word' id='word_1_180' title='bbox 86 2113 233 2188; x_wconf 87' lang='grc' dir='ltr'>δεέστεροι,</span> <span class='ocrx_word' id='word_1_181' title='bbox 246 2114 291 2171; x_wconf 88' lang='grc' dir='ltr'>καὶ</span> <span class='ocrx_word' id='word_1_182' title='bbox 305 2112 459 2175; x_wconf 85' lang='grc' dir='ltr'>ἐλάσσονες</span> <span class='ocrx_word' id='word_1_183' title='bbox 473 2115 512 2172; x_wconf 84' lang='grc' dir='ltr'>ἐτι</span> <span class='ocrx_word' id='word_1_184' title='bbox 522 2114 635 2173; x_wconf 88' lang='grc' dir='ltr'>τούτων·</span> <span class='ocrx_word' id='word_1_185' title='bbox 652 2116 758 2174; x_wconf 84' lang='grc' dir='ltr'>πολλοὶ</span> <span class='ocrx_word' id='word_1_186' title='bbox 772 2115 800 2173; x_wconf 81' lang='grc' dir='ltr'>δὲ</span> <span class='ocrx_word' id='word_1_187' title='bbox 810 2114 885 2190; x_wconf 80' lang='grc' dir='ltr'>ἦσαν</span> 
     </span>
     <span class='ocr_line' id='line_1_25' title="bbox 86 2198 885 2279; baseline 0.003 -20"><span class='ocrx_word' id='word_1_188' title='bbox 86 2198 172 2260; x_wconf 80' lang='grc' dir='ltr'>οὗτοι.</span> <span class='ocrx_word' id='word_1_189' title='bbox 214 2202 275 2259; x_wconf 81' lang='grc' dir='ltr'>ἐστι</span> <span class='ocrx_word' id='word_1_190' title='bbox 299 2201 329 2260; x_wconf 86' lang='grc' dir='ltr'>δὲ</span> <span class='ocrx_word' id='word_1_191' title='bbox 352 2200 368 2258; x_wconf 84' lang='grc' dir='ltr'>ὁ</span> <span class='ocrx_word' id='word_1_192' title='bbox 391 2204 482 2278; x_wconf 78' lang='grc' dir='ltr'>χῶρος</span> <span class='ocrx_word' id='word_1_193' title='bbox 506 2199 585 2264; x_wconf 73' lang='grc' dir='ltr'>οἶτος</span> <span class='ocrx_word' id='word_1_194' title='bbox 609 2207 638 2261; x_wconf 88' lang='grc' dir='ltr'>ἐν</span> <span class='ocrx_word' id='word_1_195' title='bbox 660 2207 698 2279; x_wconf 80' lang='grc' dir='ltr'>τῷ</span> <span class='ocrx_word' id='word_1_196' title='bbox 718 2205 747 2261; x_wconf 84' lang='grc' dir='ltr'>αἱ</span> <span class='ocrx_word' id='word_1_197' title='bbox 767 2200 837 2261; x_wconf 83' lang='grc' dir='ltr'>άκαν</span> <span class='ocrx_word' id='word_1_198' title='bbox 856 2228 885 2261; x_wconf 91' lang='grc' dir='ltr'>αι</span> 
     </span>
     <span class='ocr_line' id='line_1_26' title="bbox 86 2287 885 2366; baseline 0.004 -20"><span class='ocrx_word' id='word_1_199' title='bbox 86 2288 288 2366; x_wconf 79' lang='grc' dir='ltr'>κατακεχύαται</span> <span class='ocrx_word' id='word_1_200' title='bbox 300 2287 412 2347; x_wconf 82' lang='grc' dir='ltr'>τοιόσδε</span> <span class='ocrx_word' id='word_1_201' title='bbox 424 2314 474 2350; x_wconf 89' lang='grc' dir='ltr'>τις·</span> <span class='ocrx_word' id='word_1_202' title='bbox 490 2289 601 2364; x_wconf 75' lang='grc' dir='ltr'>ἐσβολὴ</span> <span class='ocrx_word' id='word_1_203' title='bbox 616 2290 647 2358; x_wconf 82' lang='grc' dir='ltr'>ἐξ</span> <span class='ocrx_word' id='word_1_204' title='bbox 660 2289 761 2365; x_wconf 73' lang='grc' dir='ltr'>οὐρέων</span> <span class='ocrx_word' id='word_1_205' title='bbox 770 2294 885 2350; x_wconf 83' lang='grc' dir='ltr'>στεινῶν</span> 
     </span>
     <span class='ocr_line' id='line_1_27' title="bbox 86 2376 884 2456; baseline 0.003 -21"><span class='ocrx_word' id='word_1_206' title='bbox 86 2383 114 2440; x_wconf 90' lang='grc' dir='ltr'>ἐς</span> <span class='ocrx_word' id='word_1_207' title='bbox 137 2377 231 2435; x_wconf 81' lang='grc' dir='ltr'>πεδίον</span> <span class='ocrx_word' id='word_1_208' title='bbox 254 2377 337 2455; x_wconf 83' lang='grc' dir='ltr'>μέγα·</span> <span class='ocrx_word' id='word_1_209' title='bbox 360 2376 394 2435; x_wconf 85' lang='grc' dir='ltr'>τό</span> <span class='ocrx_word' id='word_1_210' title='bbox 418 2377 448 2434; x_wconf 86' lang='grc' dir='ltr'>δὲ</span> <span class='ocrx_word' id='word_1_211' title='bbox 467 2377 563 2436; x_wconf 89' lang='grc' dir='ltr'>πεδίον</span> <span class='ocrx_word' id='word_1_212' title='bbox 586 2381 668 2436; x_wconf 79' lang='grc' dir='ltr'>τοῦτο</span> <span class='ocrx_word' id='word_1_213' title='bbox 691 2378 827 2436; x_wconf 88' lang='grc' dir='ltr'>συνάπτει</span> <span class='ocrx_word' id='word_1_214' title='bbox 845 2381 884 2456; x_wconf 76' lang='grc' dir='ltr'>τῷ</span> 
     </span>
     <span class='ocr_line' id='line_1_28' title="bbox 86 2463 884 2544; baseline 0 -21"><span class='ocrx_word' id='word_1_215' title='bbox 86 2465 228 2544; x_wconf 78' lang='grc' dir='ltr'>Αἰγυπτίῳ</span> <span class='ocrx_word' id='word_1_216' title='bbox 241 2465 334 2543; x_wconf 83' lang='grc' dir='ltr'>πεδίῳ·</span> <span class='ocrx_word' id='word_1_217' title='bbox 355 2463 441 2543; x_wconf 84' lang='grc' dir='ltr'>λόγος</span> <span class='ocrx_word' id='word_1_218' title='bbox 457 2463 487 2522; x_wconf 81' lang='grc' dir='ltr'>δέ</span> <span class='ocrx_word' id='word_1_219' title='bbox 500 2469 570 2533; x_wconf 84' lang='grc' dir='ltr'>ἐστι,</span> <span class='ocrx_word' id='word_1_220' title='bbox 584 2463 643 2538; x_wconf 80' lang='grc' dir='ltr'>ἅμα</span> <span class='ocrx_word' id='word_1_221' title='bbox 658 2468 695 2542; x_wconf 74' lang='grc' dir='ltr'>τῷ</span> <span class='ocrx_word' id='word_1_222' title='bbox 710 2466 768 2540; x_wconf 82' lang='grc' dir='ltr'>ἔαρι</span> <span class='ocrx_word' id='word_1_223' title='bbox 781 2491 884 2541; x_wconf 88' lang='grc' dir='ltr'>πτερω·</span> 
     </span>
     <span class='ocr_line' id='line_1_29' title="bbox 85 2549 883 2631; baseline 0 -20"><span class='ocrx_word' id='word_1_224' title='bbox 85 2552 150 2614; x_wconf 77' lang='grc' dir='ltr'>τοῦς</span> <span class='ocrx_word' id='word_1_225' title='bbox 170 2550 235 2626; x_wconf 80' lang='grc' dir='ltr'>ὄφις</span> <span class='ocrx_word' id='word_1_226' title='bbox 250 2557 280 2610; x_wconf 84' lang='grc' dir='ltr'>ἐκ</span> <span class='ocrx_word' id='word_1_227' title='bbox 296 2555 347 2627; x_wconf 81' lang='grc' dir='ltr'>τῆς</span> <span class='ocrx_word' id='word_1_228' title='bbox 361 2549 498 2626; x_wconf 82' lang='grc' dir='ltr'>Ἀραβίης</span> <span class='ocrx_word' id='word_1_229' title='bbox 518 2552 654 2610; x_wconf 87' lang='grc' dir='ltr'>πέτεσθαι</span> <span class='ocrx_word' id='word_1_230' title='bbox 675 2549 715 2609; x_wconf 84' lang='grc' dir='ltr'>ἐπ’</span> <span class='ocrx_word' id='word_1_231' title='bbox 730 2551 883 2631; x_wconf 79' lang='grc' dir='ltr'>Αἰγύπτου·</span> 
     </span>
     <span class='ocr_line' id='line_1_30' title="bbox 86 2637 883 2714; baseline -0.004 -15"><span class='ocrx_word' id='word_1_232' title='bbox 86 2638 136 2703; x_wconf 78' lang='grc' dir='ltr'>τάς</span> <span class='ocrx_word' id='word_1_233' title='bbox 152 2639 181 2698; x_wconf 86' lang='grc' dir='ltr'>δὲ</span> <span class='ocrx_word' id='word_1_234' title='bbox 197 2640 255 2714; x_wconf 85' lang='grc' dir='ltr'>ίβις</span> <span class='ocrx_word' id='word_1_235' title='bbox 272 2638 322 2702; x_wconf 82' lang='grc' dir='ltr'>τάς</span> <span class='ocrx_word' id='word_1_236' title='bbox 337 2637 447 2714; x_wconf 83' lang='grc' dir='ltr'>ὄρνιθας</span> <span class='ocrx_word' id='word_1_237' title='bbox 463 2637 630 2700; x_wconf 75' lang='grc' dir='ltr'>ἀπαντώσας</span> <span class='ocrx_word' id='word_1_238' title='bbox 645 2643 671 2700; x_wconf 86' lang='grc' dir='ltr'>ἐς</span> <span class='ocrx_word' id='word_1_239' title='bbox 687 2638 738 2713; x_wconf 71' lang='grc' dir='ltr'>τήν</span> <span class='ocrx_word' id='word_1_240' title='bbox 753 2639 883 2714; x_wconf 77' lang='grc' dir='ltr'>ἐσβολήν</span> 
     </span>
     <span class='ocr_line' id='line_1_31' title="bbox 84 2725 883 2805; baseline -0.001 -18"><span class='ocrx_word' id='word_1_241' title='bbox 84 2727 187 2804; x_wconf 82' lang='grc' dir='ltr'>ταύτης</span> <span class='ocrx_word' id='word_1_242' title='bbox 199 2731 248 2802; x_wconf 80' lang='grc' dir='ltr'>τῆς</span> <span class='ocrx_word' id='word_1_243' title='bbox 260 2726 353 2805; x_wconf 80' lang='grc' dir='ltr'>χώρης</span> <span class='ocrx_word' id='word_1_244' title='bbox 366 2726 398 2785; x_wconf 85' lang='grc' dir='ltr'>ού</span> <span class='ocrx_word' id='word_1_245' title='bbox 411 2728 540 2803; x_wconf 91' lang='grc' dir='ltr'>παριέναι</span> <span class='ocrx_word' id='word_1_246' title='bbox 552 2726 616 2788; x_wconf 74' lang='grc' dir='ltr'>τούς</span> <span class='ocrx_word' id='word_1_247' title='bbox 629 2725 702 2802; x_wconf 81' lang='grc' dir='ltr'>ὄφις,</span> <span class='ocrx_word' id='word_1_248' title='bbox 714 2726 791 2784; x_wconf 84' lang='grc' dir='ltr'>α’λλά</span> <span class='ocrx_word' id='word_1_249' title='bbox 802 2753 883 2786; x_wconf 88' lang='grc' dir='ltr'>κατα·</span> 
     </span>
     <span class='ocr_line' id='line_1_32' title="bbox 86 2812 884 2893; baseline -0.001 -18"><span class='ocrx_word' id='word_1_250' title='bbox 86 2816 209 2875; x_wconf 91' lang='grc' dir='ltr'>κτείνειν·</span> <span class='ocrx_word' id='word_1_251' title='bbox 231 2816 276 2873; x_wconf 88' lang='grc' dir='ltr'>καὶ</span> <span class='ocrx_word' id='word_1_252' title='bbox 288 2814 340 2889; x_wconf 75' lang='grc' dir='ltr'>τὴν</span> <span class='ocrx_word' id='word_1_253' title='bbox 353 2816 413 2890; x_wconf 86' lang='grc' dir='ltr'>ἵβιν</span> <span class='ocrx_word' id='word_1_254' title='bbox 421 2814 467 2873; x_wconf 80' lang='grc' dir='ltr'>διὰ</span> <span class='ocrx_word' id='word_1_255' title='bbox 479 2818 562 2873; x_wconf 83' lang='grc' dir='ltr'>τοῦτο</span> <span class='ocrx_word' id='word_1_256' title='bbox 575 2812 608 2872; x_wconf 86' lang='grc' dir='ltr'>τό</span> <span class='ocrx_word' id='word_1_257' title='bbox 623 2815 704 2893; x_wconf 81' lang='grc' dir='ltr'>ἔργον</span> <span class='ocrx_word' id='word_1_258' title='bbox 716 2815 884 2889; x_wconf 84' lang='grc' dir='ltr'>τετιμῆσθαι</span> 
     </span>
     <span class='ocr_line' id='line_1_33' title="bbox 85 2901 884 2982; baseline -0.001 -21"><span class='ocrx_word' id='word_1_259' title='bbox 85 2904 205 2982; x_wconf 86' lang='grc' dir='ltr'>λέγουσι</span> <span class='ocrx_word' id='word_1_260' title='bbox 217 2902 349 2979; x_wconf 88' lang='grc' dir='ltr'>Ἀράβιοι</span> <span class='ocrx_word' id='word_1_261' title='bbox 365 2901 493 2982; x_wconf 86' lang='grc' dir='ltr'>μεγάλως</span> <span class='ocrx_word' id='word_1_262' title='bbox 508 2901 578 2978; x_wconf 80' lang='grc' dir='ltr'>πρὸς</span> <span class='ocrx_word' id='word_1_263' title='bbox 592 2903 759 2980; x_wconf 84' lang='grc' dir='ltr'>Αἰγυπτίων·</span> <span class='ocrx_word' id='word_1_264' title='bbox 781 2902 884 2978; x_wconf 85' lang='grc' dir='ltr'>ὁμολο-</span> 
     </span>
     <span class='ocr_line' id='line_1_34' title="bbox 85 2987 885 3071; baseline 0 -23"><span class='ocrx_word' id='word_1_265' title='bbox 85 2992 184 3071; x_wconf 87' lang='grc' dir='ltr'>γέουσι</span> <span class='ocrx_word' id='word_1_266' title='bbox 197 2991 227 3049; x_wconf 83' lang='grc' dir='ltr'>δὲ</span> <span class='ocrx_word' id='word_1_267' title='bbox 240 2992 286 3049; x_wconf 90' lang='grc' dir='ltr'>καὶ</span> <span class='ocrx_word' id='word_1_268' title='bbox 296 2989 445 3069; x_wconf 85' lang='grc' dir='ltr'>Αἰγύπτιοι</span> <span class='ocrx_word' id='word_1_269' title='bbox 459 2989 504 3048; x_wconf 82' lang='grc' dir='ltr'>διά</span> <span class='ocrx_word' id='word_1_270' title='bbox 516 2992 604 3047; x_wconf 80' lang='grc' dir='ltr'>ταῦτα</span> <span class='ocrx_word' id='word_1_271' title='bbox 617 2993 700 3064; x_wconf 78' lang='grc' dir='ltr'>τιμιῖν</span> <span class='ocrx_word' id='word_1_272' title='bbox 710 2989 760 3052; x_wconf 81' lang='grc' dir='ltr'>τάς</span> <span class='ocrx_word' id='word_1_273' title='bbox 774 2987 885 3065; x_wconf 81' lang='grc' dir='ltr'>ὄρνιθας</span> 
     </span>
     <span class='ocr_line' id='line_1_35' title="bbox 85 3075 934 3152; baseline -0.002 -14"><span class='ocrx_word' id='word_1_274' title='bbox 85 3078 196 3142; x_wconf 89' lang='grc' dir='ltr'>ταύτας.</span> <span class='ocrx_word' id='word_1_275' title='bbox 224 3078 308 3141; x_wconf 85' lang='grc' dir='ltr'>Εἶδος</span> <span class='ocrx_word' id='word_1_276' title='bbox 321 3077 351 3135; x_wconf 83' lang='grc' dir='ltr'>δὲ</span> <span class='ocrx_word' id='word_1_277' title='bbox 363 3081 413 3152; x_wconf 78' lang='grc' dir='ltr'>τῆς</span> <span class='ocrx_word' id='word_1_278' title='bbox 425 3079 477 3152; x_wconf 84' lang='grc' dir='ltr'>μέν</span> <span class='ocrx_word' id='word_1_279' title='bbox 486 3077 561 3151; x_wconf 84' lang='grc' dir='ltr'>ἴβιος</span> <span class='ocrx_word' id='word_1_280' title='bbox 573 3075 646 3135; x_wconf 83' lang='grc' dir='ltr'>τάδε·</span> <span class='ocrx_word' id='word_1_281' title='bbox 663 3078 782 3152; x_wconf 88' lang='grc' dir='ltr'>μέλαινα</span> <span class='ocrx_word' id='word_1_282' title='bbox 793 3076 934 3139; x_wconf 66' lang='grc' dir='ltr'>δεινῶςῗίῖ</span> 
     </span>
     <span class='ocr_line' id='line_1_36' title="bbox 85 3162 913 3249; baseline -0.007 -23"><span class='ocrx_word' id='word_1_283' title='bbox 85 3171 174 3237; x_wconf 81' lang='grc' dir='ltr'>πᾶσα,</span> <span class='ocrx_word' id='word_1_284' title='bbox 188 3167 292 3225; x_wconf 87' lang='grc' dir='ltr'>σκέλεα</span> <span class='ocrx_word' id='word_1_285' title='bbox 308 3166 338 3225; x_wconf 84' lang='grc' dir='ltr'>δὲ</span> <span class='ocrx_word' id='word_1_286' title='bbox 352 3166 449 3245; x_wconf 88' lang='grc' dir='ltr'>φορέει</span> <span class='ocrx_word' id='word_1_287' title='bbox 462 3164 594 3249; x_wconf 86' lang='grc' dir='ltr'>γεράνου,</span> <span class='ocrx_word' id='word_1_288' title='bbox 607 3164 767 3244; x_wconf 80' lang='grc' dir='ltr'>πρόσωπον</span> <span class='ocrx_word' id='word_1_289' title='bbox 778 3165 816 3222; x_wconf 62' lang='grc' dir='ltr'>λῗε</span> <span class='ocrx_word' id='word_1_290' title='bbox 826 3169 861 3223; x_wconf 75' lang='grc' dir='ltr'>ἐς</span> <span class='ocrx_word' id='word_1_291' title='bbox 870 3162 913 3220; x_wconf 63' lang='grc' dir='ltr'>τὶ</span> 
     </span>
     <span class='ocr_line' id='line_1_37' title="bbox 73 3243 940 3341; baseline -0.002 -24"><span class='ocrx_word' id='word_1_292' title='bbox 73 3252 203 3317; x_wconf 62' lang='lat' dir='ltr'><em>adama</em></span> <span class='ocrx_word' id='word_1_293' title='bbox 216 3254 384 3332; x_wconf 71' lang='lat' dir='ltr'>c&#39;m‘ypvnov·</span> <span class='ocrx_word' id='word_1_294' title='bbox 407 3257 539 3341; x_wconf 84' lang='grc' dir='ltr'>μέγαθος</span> <span class='ocrx_word' id='word_1_295' title='bbox 555 3256 632 3320; x_wconf 77' lang='grc' dir='ltr'>ὅσον</span> <span class='ocrx_word' id='word_1_296' title='bbox 650 3256 728 3336; x_wconf 78' lang='grc' dir='ltr'>κρέξ·</span> <span class='ocrx_word' id='word_1_297' title='bbox 747 3257 809 3327; x_wconf 70' lang='grc' dir='ltr'>τιῖυ·</span> <span class='ocrx_word' id='word_1_298' title='bbox 826 3243 940 3328; x_wconf 60' lang='grc' dir='ltr'>ηιὶνῗδῆ</span> 
     </span>
    </p>
   </div>
   <div class='ocr_carea' id='block_1_2' title="bbox 0 0 1024 3464">
    <p class='ocr_par' dir='ltr' id='par_1_3' title="bbox 0 0 1024 3464">
     <span class='ocr_line' id='line_1_38' title="bbox 0 0 1024 3464; baseline 0 1"><span class='ocrx_word' id='word_1_299' title='bbox 0 0 1024 3464; x_wconf 95' lang='lat' dir='ltr'> </span> 
     </span>
    </p>
   </div>
  </div>
 </body>
</html>
