2040 3464
135 112 183 158 ιιι
440 111 619 158 ἩΡοΔουου
882 109 932 172 [11.
983 137 984 140 =

134 189 215 262 εὗρέα
240 188 381 267 Αἴγυπτός
407 194 478 247 ἔστι.
512 189 634 262 ’Πέφυκε
660 189 712 264 μέν
738 214 785 248 νυν
810 187 830 264 ἦ
856 188 935 268 χώρη

65 288 77 304 “
107 269 207 344 9αὕτη
228 267 304 327 οὕτω,
348 268 403 327 ῶπὸ
442 268 676 330 ὲἨλιουπόλιος
697 273 724 330 ές
742 267 850 342 Θήβας,
874 270 933 328 ἔστι

134 355 274 417 ἀνάπλοος
295 356 372 414 ἐννέα
387 355 519 431 ἡμερέων·
541 355 651 414 στάδιοι
667 355 697 413 δὲ
713 359 763 429 τῆς
778 355 852 425 ὁδοῦ,
875 356 935 431 έξφ

135 469 219 502 κοντα
243 443 288 500 καὶ
312 441 472 500 ὀκτακόσιοι
494 443 540 500 καὶ
561 443 790 520 τετρακισχίλιοι,
812 444 935 520 σχοίνων

136 530 195 592 ἑνός
216 529 261 587 καὶ
282 528 439 609 ὀγδώκοντα
462 528 566 588 ἐόντων.
603 527 679 587 οὗτοι
695 529 887 606 συντιθέμενοι
908 534 935 589 οἱ

133 617 242 676 στάδιοι
258 616 406 696 Αἰγύπτου·
435 615 468 675 τό
485 619 536 691 μὲν
554 615 631 691 παρῶ
650 615 801 676 θάλασσαν
819 615 872 692 ἤδη
885 643 935 694 μοι

137 705 180 762 καὶ
194 703 328 780 πρότερον
344 703 495 777 δεδήλωται
513 703 556 762 ὅτι
573 704 722 771 ἑξακοσίων
738 705 770 763 τέ
788 709 849 763 ἐστι
866 731 935 764 στα·

135 793 198 850 δίων
216 793 261 850 καὶ
278 792 451 868 τρισχιλίων·
486 791 555 850 ὅσον
590 792 645 850 ε’τι
665 791 720 850 οἷπδ
738 791 887 868 θαλάσσης
907 799 935 858 ές

136 879 291 960 μεσόγαιαν
311 881 394 955 μέχρι
415 879 532 953 Θηβέων
553 879 622 947 ἐστὶ,
648 880 787 955 σημανέω·
824 880 934 939 στάδιοι

135 967 190 1046 γάρ
208 972 263 1025 εἰσι
281 967 370 1025 εἴκοσι
387 966 432 1023 καὶ
451 966 548 1024 ἑκατόν
565 967 610 1023 καὶ
628 966 823 1045 ἑξακισχίλιοι·
849 967 883 1026 τό
905 969 934 1027 δὲ

135 1053 190 1112 α’πό
218 1055 335 1129 Θηβέων
363 1059 389 1116 ές
414 1053 616 1128 Ἐλεφαντίνην
644 1055 814 1130 καλεομένην
840 1054 933 1128 πάλιν,

135 1143 245 1202 στάδιοι
265 1144 353 1220 χίλιοι
374 1141 419 1199 καὶ
438 1139 601 1199 όκτακόσιοί
620 1145 684 1199 εἰσι.
778 1220 780 1224 ι

90 1233 125 1290 10
175 1229 281 1304 Ταύτης
296 1228 332 1287 ῶν
349 1233 400 1302 τῆς
412 1227 504 1305 χώρης
516 1232 567 1302 τῆς
584 1229 725 1304 εἰρημένης
738 1227 757 1302 ἦ
770 1229 875 1304 πολλὴ,
887 1258 934 1288 κα-

136 1318 225 1395 τάπερ
240 1321 266 1376 οἱ
285 1318 354 1392 ἱρέες
368 1317 472 1395 ἔλεγον,
487 1314 578 1374 ἐδόκεε
595 1316 624 1374 δὲ
646 1317 691 1373 καὶ
705 1315 777 1394 αὐτῷ
793 1341 844 1392 μοι
865 1317 934 1377 εἶναι

136 1409 281 1481 ἐπίκτητος
299 1404 487 1484 Αἰγυπτίοισι.
527 1407 582 1461 τῶν
602 1402 657 1483 γάρ
670 1402 771 1478 οὐρέων
787 1407 842 1462 τῶν
863 1409 933 1481 εἷρη-
983 1460 985 1465 .

134 1495 221 1570 μένων
233 1498 287 1552 τῶν
299 1491 367 1567 ὑπὲρ
382 1491 501 1565 Μέμφιν
521 1490 605 1548 πόλιν
627 1491 756 1565 κειμένων
775 1489 808 1549 τό
829 1493 933 1566 μεταξῦ

137 1580 266 1656 ἐφαίνετό
287 1604 337 1655 μοι
359 1579 429 1637 εἶναι’
447 1603 510 1636 κοτε
533 1577 638 1640 κόλπος
660 1577 817 1653 θαλάσσης,
839 1578 934 1656 ῶσπερ

135 1669 213 1728 τότε
225 1669 289 1743 περὶ
304 1665 393 1723 Ἴλιον
407 1665 453 1722 καὶ
466 1665 635 1741 Τευθρανίην
648 1665 694 1722 καὶ
702 1663 830 1740 Ἔφεσόν
843 1693 874 1725 τε
887 1670 933 1726 καὶ

137 1756 299 1832 Μαιάνδρου
312 1754 415 1822 πεδίον,
436 1751 470 1814 ώς
483 1779 516 1832 γε
530 1752 599 1812 εἶναι
618 1753 725 1830 σμικροὶ
741 1758 828 1812 ταῦτα
848 1755 932 1835 μεγά-

134 1849 214 1903 λοισι
224 1841 408 1919 συμβαλέειν·
429 1845 484 1899 τῶν
491 1840 546 1920 γάρ
556 1845 643 1900 ταῦτα
655 1840 691 1900 τοὶ
703 1841 792 1919 χωρία
803 1868 933 1921 προσχω-

134 1931 243 1991 σάντων
268 1933 409 2004 ποταμῶν,
434 1929 473 1986 ένὶ
494 1932 549 1986 τῶν
576 1927 724 2005 στομάτων
749 1934 799 1987 τοῦ
826 1930 933 1990 Νείλου

136 2019 227 2081 ἐόντος
253 2014 456 2091 πενταστόμου,
484 2015 572 2078 οὐδεὶς
602 2015 691 2075 αὐτῶν
718 2015 842 2090 πλήθεος
868 2020 933 2096 περὶ

135 2105 212 2175 ἄξιος
224 2104 429 2181 συμβληθῆναί
441 2108 511 2161 έοτι,
541 2103 596 2162 εἶσὶ
610 2103 639 2161 δὲ
653 2104 698 2161 καὶ
712 2102 797 2162 ἄλλοι
809 2107 933 2181 ποταμοὶ

135 2194 167 2252 οὗ
187 2194 257 2253 κατά
276 2192 326 2252 τόν
347 2195 453 2250 Νεῖλον
472 2190 561 2252 ε’όντες
576 2191 708 2271 μεγάθεα,
732 2190 761 2248 οἵ
775 2217 847 2253 τινες
865 2192 932 2273 ἔργα

132 2281 334 2359 ι’ποδεξάμενοι
355 2279 469 2359 μεγάλα
493 2279 557 2337 εἰσί·
587 2283 642 2338 τῶν
668 2278 721 2359 ε’γῶ
748 2277 858 2356 φράσαι
879 2282 932 2358 ἔχω

134 2369 284 2447 οὐνόματα,
299 2369 345 2426 καὶ
365 2366 460 2425 ἄλλων
474 2368 520 2425 καὶ
541 2365 591 2425 οὐκ
611 2365 714 2441 ἥκιστα
728 2366 881 2446 Ἀχελάου·
902 2368 932 2431 ὃς

134 2459 202 2535 ῥέων
224 2456 258 2516 δι’
277 2456 458 2532 Ἀκαρνανίης
481 2455 527 2513 καὶ
550 2454 629 2523 ἐξιεὶς
653 2459 680 2516 ές
703 2453 855 2514 θάλασσαν
876 2459 927 2517 τῶι

132 2545 283 2625 Ἐχινάδων
295 2543 388 2619 νήσων
397 2543 446 2605 τῶς
458 2541 578 2619 ἡμίσεας
590 2540 643 2617 ἤδη
657 2541 771 2619 ἤπειρον
786 2543 931 2618 πεποίηκε.

92 2631 214 2693 il'Eon
225 2633 254 2691 δὲ
266 2637 316 2708 τῆς
325 2631 463 2707 Ἀραβίης
475 2630 575 2707 χώρης,
589 2629 731 2710 Αἰγύπτου
742 2630 772 2688 δὲ
781 2628 814 2689 οὗ
823 2629 931 2707 πρόσω,

136 2721 241 2783 κόλπος
254 2717 403 2794 θαλάσσης
416 2719 520 2795 ἐσέχων
534 2723 564 2775 ἐκ
582 2721 632 2792 τῆς
651 2717 787 2794 Ἐρυθρῆς
799 2721 931 2796 καλεομέ·

133 2835 182 2884 νης
203 2807 360 2882 θαλάσσης,
374 2805 479 2882 μακρός
501 2804 571 2864 οὕτω
593 2804 627 2880 δή
647 2831 675 2863 τι
696 2806 742 2863 καὶ
763 2805 872 2869 στεινός
896 2805 931 2870 ῶς

134 2897 251 2974 ἔρχομαι
271 2893 398 2972 φράσων·
429 2897 518 2967 μῆκος
540 2895 592 2967 μὲν
615 2891 714 2962 πλόου,
737 2891 880 2972 ἀρξαμένῳ
901 2900 931 2954 ἐκ

115 2985 220 3060 μυχοῦ
238 2983 415 3042 διεκπλῶσαι
429 2985 457 3045 ές
473 2980 525 3057 τὴν
547 2979 641 3058 εῶρέην
658 2980 816 3050 θάλασσαν,
829 2982 930 3059 ἡμέραι

103 3067 337 3148 α’ναισιμοῦνται
359 3070 580 3152 τεσσεράκοντα
597 3071 705 3149 εἰρεσίῃ
725 3069 879 3148 χρεωμένη·
901 3069 942 3126 εἶι·

84 3177 146 3224 1⁰⁰⁹
166 3156 209 3229 δὲ,
223 3166 269 3241 τῇ
292 3162 458 3242 εόράτατός
480 3168 550 3225 ἔστι
571 3161 587 3223 ὁ
613 3155 837 3232 κόλποέ,ἧμισυ
855 3152 966 3225 ὴυέυης

78 3239 199 3304 πλώΨ
231 3253 335 3333 ῥηχίη
361 3255 388 3317 δ’
410 3260 446 3318 ἔν
473 3254 557 3335 αὐτῷ
580 3253 630 3313 καλ
655 3248 789 3325 ἄμπωτις
808 3238 864 3295 όνλ
883 3239 983 3290 πῗιοου
