2040 3464
113 112 187 175 2-6]
470 116 581 163 mm.
895 119 910 163 a

110 189 175 253 τοῦς
192 197 222 250 ἐκ
242 195 292 267 τῆς
306 191 413 268 Ἀσίης,
430 194 548 274 λέγουσι
568 194 681 271 Πέρσαι
699 191 911 270 ἁρπαζομενέων

110 282 166 335 τῶνι
183 283 319 357 γυναικῶν
338 279 426 360 λόγον
446 280 543 340 οὐδένα
562 281 750 356 ποιήσασθαι·
766 282 911 358 Έλληνας

111 364 140 422 δὲ
163 366 381 441 Λακεδαιμονίης
408 367 508 427 εἵνεκεν
530 367 660 447 γυναικός
687 367 793 428 στόλον
819 370 909 451 μέγαν
946 373 949 379 ’

111 457 280 531 συναγεῖραι,
298 455 344 511 καὶ
363 454 457 513 ἔπειτα
475 454 607 516 ἐλθόντας
625 459 652 517 ἔς
669 454 721 528 την
738 453 840 531 Ἀσίην
857 457 909 531 την

111 538 241 613 Πριάμου
261 539 376 616 δύναμιν
396 545 531 599 κατελεῖν.
572 540 629 600 ἅπῦ
649 540 750 600 τοῦτου
768 544 821 601 αἰεὶ
839 543 907 624 ἡγή-

110 627 219 685 σασθαι
238 626 271 686 τῦ
287 625 455 702 Ἑλληνικόν
471 629 560 704 σφίσι
581 628 650 686 εἶναι
669 629 815 705 πολέμιον.
856 631 908 707 τήν

109 713 164 792 γὰρ
177 710 278 788 Ἀσίην
294 715 340 772 καὶ
357 716 393 773 τοὶ
410 717 562 774 ἐνοικέοντα
581 716 660 774 ἔθνεα
677 714 815 791 βάρβαρα
828 722 907 777 οἰκει-

671 801 749 824 λλ(

111 803 202 859 εῦνται
215 803 242 859 οἱ
256 802 375 877 Πέρσαι,
386 802 438 878 τήν
448 802 477 861 δὲ
489 801 626 878 Εῦριίπην
635 826 681 860 και
693 827 727 862 το
748 805 908 879 Ελληνικῦν

109 886 227 967 ἥγηνται
240 889 417 966 κεχωρίσθαι.

152 973 232 1033 Οῦτω
251 977 303 1050 μὲν
322 977 439 1055 λέγουσι
458 977 597 1056 γενέσθαι,
615 976 661 1035 καὶ
681 975 726 1035 διὰ
745 976 797 1053 τήν
815 975 935 1037 Ἰλίουῦ

109 1059 217 1121 ἅλωσιν
241 1060 403 1138 εῦρίσκουσι
427 1063 515 1139 σφίσι
539 1068 642 1122 εὀῦσαν
666 1063 717 1137 την
744 1063 834 1141 ἀρχήν
857 1069 908 1139 τῆς

110 1149 210 1226 ἔχθρης
222 1152 273 1224 τῆς
286 1154 314 1211 ές
325 1148 550 1225 τοῦςἜλληνας.
591 1151 654 1226 περὶ
668 1149 697 1208 δὲ
711 1155 761 1226 τῆς
774 1150 844 1214 Ἰοῦς
858 1152 906 1210 οῦκ

109 1234 297 1316 ὁμολογέουσι
307 1236 440 1314 Πέρσῃσι
448 1237 517 1296 οῦτω
525 1238 657 1299 Φοίνικες.
686 1236 718 1295 οῦ
728 1237 783 1317 γὰρ
794 1238 910 1319 ἁρπαγῇ

110 1322 201 1397 σφέας
213 1325 407 1401 χρησαμένους
420 1325 537 1403 λέγουσι
553 1323 668 1404 α’γαγεῖν
683 1322 769 1398 αὐτην
783 1328 811 1386 ε’ς
824 1328 907 1404 Αἴγυ-

109 1434 188 1480 πτον,
204 1409 269 1469 ἀλλ’
285 1410 321 1474 (ῦς
341 1417 370 1471 έν
387 1416 426 1489 τῷ
439 1409 539 1491 Ἀργεῖ
557 1411 689 1490 ε’μίσγετο
707 1415 746 1488 τῷ
763 1412 907 1490 ναυκλήρῳ

109 1499 160 1571 τῆς
179 1496 247 1560 νεός·
268 1498 327 1556 ε’πεὶ
348 1498 377 1556 δὲ
402 1498 502 1574 ἔμαθεν
524 1499 620 1578 ἔγκυος
645 1500 739 1565 ἐοῦσα,
761 1497 905 1574 αἰδεομένη

110 1582 175 1645 τοῦς
189 1585 286 1646 τοκέας
304 1584 374 1644 οῦτω
392 1585 426 1660 δὴ
446 1585 594 1659 ἐθελοντὴν
609 1583 695 1658 αὐτὴν
711 1588 787 1643 τοῖσι
800 1585 905 1655 Φοίνιξι

110 1675 316 1742 συνεκπλῶσαι,
330 1671 366 1735 ιῦς
381 1669 416 1731 ἂν
430 1671 470 1748 μή
486 1671 641 1747 κατάδηλος
655 1670 777 1751 γένηται.
817 1677 906 1732 ταῦτα

108 1758 161 1834 μέν
170 1784 218 1818 νυν
229 1760 340 1836 Πέρσαι
352 1759 440 1819 τεκαὶ
453 1759 577 1823 Φοίνικες
590 1760 716 1839 λέγουσι·
734 1758 788 1839 ε’γιῦ
802 1759 831 1817 δὲ
841 1762 905 1837 περὶ

108 1847 161 1920 μὲν
169 1844 274 1906 τούτων
284 1846 333 1906 οῦκ
347 1849 463 1926 ἔρχομαι
478 1847 558 1922 ε’ρέων
569 1845 604 1909 (ῦς
618 1845 702 1909 οὕτως
715 1843 733 1921 ἢ
747 1845 840 1908 ἄλλως
854 1873 906 1911 κως

108 1936 197 1991 ταῦτα
209 1933 326 2013 ε’γένετο·
344 1935 393 1994 τόν
407 1935 437 1993 δὲ
451 1933 513 1992 οἶδα
526 1932 609 1996 αῦτῦς
622 1937 732 2011 πρῶτον
744 1932 905 2009 ὑπάρξαντα

109 2018 208 2080 οἶδίκων
222 2020 307 2101 ἔργων
321 2027 348 2084 ἐς
357 2020 573 2096 τοῦςἝλληνας
582 2024 681 2080 τοῦτον
694 2020 828 2098 σημῄνας,
837 2047 905 2097 προ·

107 2106 239 2184 βήσομαι
258 2113 285 2171 ἒς
303 2108 337 2168 τῦ
352 2109 451 2187 πρόσω
468 2112 517 2167 τοῦ
535 2106 623 2188 λόγου
641 2105 742 2183 ὁμοίως
758 2107 844 2183 μικρὰ
859 2109 905 2166 καὶ

107 2194 220 2275 μεγόλα
233 2192 322 2255 ἄστεα
335 2195 486 2273 ἀνθρώπων
500 2194 620 2264 ἐπεξιών.
651 2194 687 2253 τό
700 2194 754 2274 γὰρ
769 2195 801 2252 τῦ
815 2192 905 2252 πάλαι

107 2282 219 2361 μεγάλα
236 2281 280 2358 ἧν,
295 2283 332 2343 τὰ
348 2281 445 2342 πολλοὶ
465 2281 553 2341 αὐτῶν
571 2282 677 2358 σμικρὰ
694 2282 801 2361 γέγονε·
821 2281 856 2339 τοὶ
875 2281 904 2340 δὲ

109 2368 150 2427 ἐπ’
161 2373 225 2445 ε’μεῦ
239 2369 273 2446 ἦν
280 2370 400 2450 μεγόλα,
411 2369 547 2446 πρότερον
560 2368 595 2444 ἦν
608 2367 722 2445 σμικραί·
740 2368 791 2443 την
802 2367 904 2444 α’νθρω-
925 2410 928 2417 -

107 2457 192 2532 πηίην
206 2455 243 2516 ὦν
255 2457 437 2533 ἐπιστάμενος
451 2455 625 2532 εὐδαιμονίην
641 2454 747 2530 οὐδαμοὶ
767 2461 795 2515 ε’ν
812 2453 905 2534 τώυτῷ

107 2544 255 2619 μένουσαν,
271 2544 459 2619 ἐπιμνήσομαι
473 2541 637 2619 ἀμφοτέρων
651 2542 760 2618 ὁμοίως.

149 2635 274 2707 Κροῖσος
289 2629 324 2705 ἦν
339 2631 429 2692 Λυδός
446 2632 498 2706 μὲν
515 2631 594 2710 γένος
612 2634 677 2692 παῖς
694 2630 723 2687 δὲ
736 2628 932 2698 Ἀλυοίττεωθ

107 2715 237 2793 τύραννος
257 2718 287 2776 δὲ
307 2718 405 2777 ἐθνέων
424 2720 479 2776 τῶν
499 2717 575 2780 ε’ντός
589 2716 696 2778 Ἀλυος
715 2719 852 2790 ποταμοῦ·
873 2715 903 2778 ῦς

108 2806 176 2881 ῥέων
191 2804 246 2865 όπό
262 2805 442 2881 μεσαμβρίης
457 2805 561 2880 μεταξῦ
579 2804 672 2879 Σόρων
686 2805 731 2861 καὶ
745 2801 903 2881 Παφλαγό·

109 2918 169 2961 νων,
183 2892 248 2962 ε’ξίει
260 2893 329 2968 πρῦς
341 2894 434 2968 βορῆν
448 2890 548 2966 ἄνεμον
561 2896 589 2954 ἐς
601 2891 650 2949 τῦν
663 2889 792 2958 Εὔξεινον
806 2887 903 2947 καλεό·

107 3005 192 3057 μενον
210 2978 322 3038 πόντον·
344 2977 423 3041 οῦτος
441 2977 457 3037 ὁ
477 2981 601 3054 Κροῖσος
620 2977 777 3054 βαρβάρων
795 2978 903 3050 πρῶτος

106 3071 161 3127 τῶν
174 3065 254 3144 ἡμεῖς
266 3066 344 3142 ἴδμεν
356 3066 420 3128 τοῦς
434 3067 484 3142 μὲν
500 3059 877 3142 κατεστρέψατοῈλκλῦγνων
889 3064 928 3117 '25

106 3153 196 3231 φόρου
214 3152 377 3238 α’παγωγην,
397 3156 465 3221 τοῦς
487 3155 528 3226 δέ,
552 3153 664 3233 ᾤἰλους
682 3142 953 3240 προσεπαυλῦυτῖ·

94 3241 324 3324 (κατεστρέψατο
333 3247 388 3326 μὲν
397 3245 508 3314 Ἴωνός
515 3273 549 3308 τε
564 3245 614 3305 καλ
625 3231 835 3305 λὶολὲαςςώ
843 3235 986 3289 ωωὸ
