<?xml version="1.0" encoding="UTF-8"?>
<!DOCTYPE html PUBLIC "-//W3C//DTD XHTML 1.0 Transitional//EN"
    "http://www.w3.org/TR/xhtml1/DTD/xhtml1-transitional.dtd">
<html xmlns="http://www.w3.org/1999/xhtml" xml:lang="en" lang="en">
 <head>
  <title>
</title>
<meta http-equiv="Content-Type" content="text/html;charset=utf-8" />
  <meta name='ocr-system' content='tesseract 3.04.00' />
  <meta name='ocr-capabilities' content='ocr_page ocr_carea ocr_par ocr_line ocrx_word'/>
</head>
<body>
  <div class='ocr_page' id='page_1' title='image "./recensuitjoseph00herogoog_0029.png"; bbox 0 0 2040 3464; ppageno 0'>
   <div class='ocr_carea' id='block_1_1' title="bbox 59 90 917 3339">
    <p class='ocr_par' dir='ltr' id='par_1_1' title="bbox 59 90 917 3339">
     <span class='ocr_line' id='line_1_1' title="bbox 103 90 899 168; baseline 0.003 -14"><span class='ocrx_word' id='word_1_1' title='bbox 103 111 119 154; x_wconf 88' lang='grc' dir='ltr'>ι</span> <span class='ocrx_word' id='word_1_2' title='bbox 390 108 571 158; x_wconf 76' lang='grc' dir='ltr'>Ἥνοιουοο</span> <span class='ocrx_word' id='word_1_3' title='bbox 864 90 899 168; x_wconf 77' lang='grc' dir='ltr'>[ιζ</span> 
     </span>
     <span class='ocr_line' id='line_1_2' title="bbox 102 184 901 270; baseline 0.003 -24"><span class='ocrx_word' id='word_1_4' title='bbox 102 184 167 250; x_wconf 82' lang='grc' dir='ltr'>τοῦς</span> <span class='ocrx_word' id='word_1_5' title='bbox 178 191 207 246; x_wconf 76' lang='grc' dir='ltr'>ἓν</span> <span class='ocrx_word' id='word_1_6' title='bbox 216 191 252 264; x_wconf 70' lang='grc' dir='ltr'>τῇ</span> <span class='ocrx_word' id='word_1_7' title='bbox 263 185 357 266; x_wconf 83' lang='grc' dir='ltr'>Ἀσίη·</span> <span class='ocrx_word' id='word_1_8' title='bbox 375 190 478 270; x_wconf 66' lang='grc' dir='ltr'>φίλους</span> <span class='ocrx_word' id='word_1_9' title='bbox 492 189 522 248; x_wconf 87' lang='grc' dir='ltr'>δὲ</span> <span class='ocrx_word' id='word_1_10' title='bbox 531 186 760 264; x_wconf 78' lang='grc' dir='ltr'>προσεποιήσατο</span> <span class='ocrx_word' id='word_1_11' title='bbox 770 187 901 248; x_wconf 88' lang='grc' dir='ltr'>Λακεδαι-</span> 
     </span>
     <span class='ocr_line' id='line_1_3' title="bbox 103 272 902 354; baseline 0.003 -21"><span class='ocrx_word' id='word_1_12' title='bbox 103 274 238 354; x_wconf 82' lang='grc' dir='ltr'>μονίους.)</span> <span class='ocrx_word' id='word_1_13' title='bbox 265 275 321 351; x_wconf 82' lang='grc' dir='ltr'>πρδ</span> <span class='ocrx_word' id='word_1_14' title='bbox 330 277 359 335; x_wconf 74' lang='grc' dir='ltr'>δὲ</span> <span class='ocrx_word' id='word_1_15' title='bbox 366 281 417 351; x_wconf 79' lang='grc' dir='ltr'>τῆς</span> <span class='ocrx_word' id='word_1_16' title='bbox 427 276 554 354; x_wconf 85' lang='grc' dir='ltr'>Κροίσου</span> <span class='ocrx_word' id='word_1_17' title='bbox 564 273 653 353; x_wconf 77' lang='grc' dir='ltr'>ἀρχῆς</span> <span class='ocrx_word' id='word_1_18' title='bbox 660 272 902 351; x_wconf 77' lang='grc' dir='ltr'>πάντεςἘλληνες</span> 
     </span>
     <span class='ocr_line' id='line_1_4' title="bbox 103 359 902 445; baseline 0.003 -25"><span class='ocrx_word' id='word_1_19' title='bbox 103 359 179 436; x_wconf 83' lang='grc' dir='ltr'>ἦσαν</span> <span class='ocrx_word' id='word_1_20' title='bbox 188 361 337 438; x_wconf 89' lang='grc' dir='ltr'>ε’λεύθεροι·</span> <span class='ocrx_word' id='word_1_21' title='bbox 354 364 387 423; x_wconf 82' lang='grc' dir='ltr'>τῦ</span> <span class='ocrx_word' id='word_1_22' title='bbox 400 362 455 445; x_wconf 74' lang='grc' dir='ltr'>γὰρ</span> <span class='ocrx_word' id='word_1_23' title='bbox 464 362 626 439; x_wconf 85' lang='grc' dir='ltr'>Κιμμερίων</span> <span class='ocrx_word' id='word_1_24' title='bbox 636 361 796 440; x_wconf 80' lang='grc' dir='ltr'>στράτευμα</span> <span class='ocrx_word' id='word_1_25' title='bbox 808 361 842 422; x_wconf 81' lang='grc' dir='ltr'>τῦ</span> <span class='ocrx_word' id='word_1_26' title='bbox 856 366 902 422; x_wconf 81' lang='grc' dir='ltr'>ε’πλ</span> 
     </span>
     <span class='ocr_line' id='line_1_5' title="bbox 101 447 900 527; baseline 0.005 -20"><span class='ocrx_word' id='word_1_27' title='bbox 101 447 155 522; x_wconf 78' lang='grc' dir='ltr'>τήν</span> <span class='ocrx_word' id='word_1_28' title='bbox 171 447 277 526; x_wconf 88' lang='grc' dir='ltr'>Ἰωνίην</span> <span class='ocrx_word' id='word_1_29' title='bbox 295 449 470 527; x_wconf 77' lang='grc' dir='ltr'>ἀπικόμενον,</span> <span class='ocrx_word' id='word_1_30' title='bbox 488 451 616 527; x_wconf 85' lang='grc' dir='ltr'>Κροίσου</span> <span class='ocrx_word' id='word_1_31' title='bbox 635 448 682 510; x_wconf 85' lang='grc' dir='ltr'>ε’δν</span> <span class='ocrx_word' id='word_1_32' title='bbox 699 448 900 527; x_wconf 82' lang='grc' dir='ltr'>πρεσβύτερον,</span> 
     </span>
     <span class='ocr_line' id='line_1_6' title="bbox 103 534 901 620; baseline 0.006 -27"><span class='ocrx_word' id='word_1_33' title='bbox 103 534 136 594; x_wconf 84' lang='grc' dir='ltr'>ού</span> <span class='ocrx_word' id='word_1_34' title='bbox 150 537 334 614; x_wconf 81' lang='grc' dir='ltr'>καταστροφή</span> <span class='ocrx_word' id='word_1_35' title='bbox 352 539 459 620; x_wconf 90' lang='grc' dir='ltr'>ε’γένετο</span> <span class='ocrx_word' id='word_1_36' title='bbox 471 541 526 598; x_wconf 81' lang='grc' dir='ltr'>τῶν</span> <span class='ocrx_word' id='word_1_37' title='bbox 538 538 653 608; x_wconf 89' lang='grc' dir='ltr'>πολίων,</span> <span class='ocrx_word' id='word_1_38' title='bbox 668 535 733 596; x_wconf 75' lang='grc' dir='ltr'>ἀλλ’</span> <span class='ocrx_word' id='word_1_39' title='bbox 748 539 779 607; x_wconf 78' lang='grc' dir='ltr'>ἐξ</span> <span class='ocrx_word' id='word_1_40' title='bbox 794 538 901 615; x_wconf 84' lang='grc' dir='ltr'>ε’πιδρο·</span> 
     </span>
     <span class='ocr_line' id='line_1_7' title="bbox 104 624 901 708; baseline 0 -21"><span class='ocrx_word' id='word_1_41' title='bbox 104 627 160 700; x_wconf 77' lang='grc' dir='ltr'>μῆς</span> <span class='ocrx_word' id='word_1_42' title='bbox 173 624 296 706; x_wconf 74' lang='grc' dir='ltr'>ἁρπαγή.</span> <span class='ocrx_word' id='word_1_43' title='bbox 332 627 370 685; x_wconf 86' lang='lat' dir='ltr'>‘H</span> <span class='ocrx_word' id='word_1_44' title='bbox 384 627 414 686; x_wconf 82' lang='grc' dir='ltr'>δὲ</span> <span class='ocrx_word' id='word_1_45' title='bbox 426 626 560 708; x_wconf 77' lang='grc' dir='ltr'>ἡγεμονίη</span> <span class='ocrx_word' id='word_1_46' title='bbox 575 625 645 686; x_wconf 77' lang='grc' dir='ltr'>οὕτω</span> <span class='ocrx_word' id='word_1_47' title='bbox 657 626 800 702; x_wconf 80' lang='grc' dir='ltr'>περιῆλθε,</span> <span class='ocrx_word' id='word_1_48' title='bbox 814 630 901 687; x_wconf 81' lang='grc' dir='ltr'>ἐοῦσα</span> 
     </span>
     <span class='ocr_line' id='line_1_8' title="bbox 102 709 900 794; baseline 0.003 -24"><span class='ocrx_word' id='word_1_49' title='bbox 102 709 312 790; x_wconf 77' lang='grc' dir='ltr'>Ἡρακλειδέων,</span> <span class='ocrx_word' id='word_1_50' title='bbox 327 720 356 777; x_wconf 79' lang='grc' dir='ltr'>ἐς</span> <span class='ocrx_word' id='word_1_51' title='bbox 371 714 404 774; x_wconf 85' lang='grc' dir='ltr'>πδ</span> <span class='ocrx_word' id='word_1_52' title='bbox 420 716 500 794; x_wconf 83' lang='grc' dir='ltr'>γένος</span> <span class='ocrx_word' id='word_1_53' title='bbox 516 713 550 774; x_wconf 85' lang='grc' dir='ltr'>τδ</span> <span class='ocrx_word' id='word_1_54' title='bbox 567 713 704 790; x_wconf 83' lang='grc' dir='ltr'>Κροίσου,</span> <span class='ocrx_word' id='word_1_55' title='bbox 718 713 900 790; x_wconf 75' lang='grc' dir='ltr'>καλεομένους</span> 
     </span>
     <span class='ocr_line' id='line_1_9' title="bbox 103 798 901 877; baseline 0.001 -18"><span class='ocrx_word' id='word_1_56' title='bbox 103 798 134 859; x_wconf 64' lang='grc' dir='ltr'>δὲ</span> <span class='ocrx_word' id='word_1_57' title='bbox 159 801 336 877; x_wconf 78' lang='grc' dir='ltr'>Μερμνάδας.</span> <span class='ocrx_word' id='word_1_58' title='bbox 377 801 412 877; x_wconf 86' lang='grc' dir='ltr'>ἦν</span> <span class='ocrx_word' id='word_1_59' title='bbox 439 799 613 877; x_wconf 76' lang='grc' dir='ltr'>Κανδαύλης,</span> <span class='ocrx_word' id='word_1_60' title='bbox 637 799 688 860; x_wconf 83' lang='grc' dir='ltr'>τδν</span> <span class='ocrx_word' id='word_1_61' title='bbox 714 803 742 860; x_wconf 81' lang='grc' dir='ltr'>αἶ</span> <span class='ocrx_word' id='word_1_62' title='bbox 762 799 901 877; x_wconf 83' lang='grc' dir='ltr'>Ἕλληνες</span> 
     </span>
     <span class='ocr_line' id='line_1_10' title="bbox 103 886 900 968; baseline 0.003 -22"><span class='ocrx_word' id='word_1_63' title='bbox 103 889 254 964; x_wconf 88' lang='grc' dir='ltr'>Μυρσίλον</span> <span class='ocrx_word' id='word_1_64' title='bbox 272 889 449 966; x_wconf 76' lang='grc' dir='ltr'>ὀνομάζουσι,</span> <span class='ocrx_word' id='word_1_65' title='bbox 466 889 597 966; x_wconf 77' lang='grc' dir='ltr'>τύραννος</span> <span class='ocrx_word' id='word_1_66' title='bbox 614 887 745 964; x_wconf 78' lang='grc' dir='ltr'>Σαρδίων,</span> <span class='ocrx_word' id='word_1_67' title='bbox 762 886 900 968; x_wconf 73' lang='grc' dir='ltr'>ἀπόγονος</span> 
     </span>
     <span class='ocr_line' id='line_1_11' title="bbox 70 975 899 1058; baseline 0 -25"><span class='ocrx_word' id='word_1_68' title='bbox 70 1016 74 1021; x_wconf 63' lang='grc'><em>·</em></span> <span class='ocrx_word' id='word_1_69' title='bbox 103 975 134 1034; x_wconf 85' lang='grc' dir='ltr'>δὲ</span> <span class='ocrx_word' id='word_1_70' title='bbox 145 975 280 1035; x_wconf 85' lang='grc' dir='ltr'>Ἀλκαίου</span> <span class='ocrx_word' id='word_1_71' title='bbox 289 983 339 1036; x_wconf 84' lang='grc' dir='ltr'>τοῦ</span> <span class='ocrx_word' id='word_1_72' title='bbox 348 977 513 1054; x_wconf 84' lang='grc' dir='ltr'>Ἡρακλέος.</span> <span class='ocrx_word' id='word_1_73' title='bbox 538 976 710 1056; x_wconf 78' lang='grc' dir='ltr'>Ἀγρωνμέν</span> <span class='ocrx_word' id='word_1_74' title='bbox 720 975 899 1058; x_wconf 78' lang='grc' dir='ltr'>γᾶρὸΝίνου</span> 
     </span>
     <span class='ocr_line' id='line_1_12' title="bbox 101 1063 899 1142; baseline 0.001 -21"><span class='ocrx_word' id='word_1_75' title='bbox 101 1067 152 1122; x_wconf 83' lang='grc' dir='ltr'>ποῦ</span> <span class='ocrx_word' id='word_1_76' title='bbox 163 1063 259 1138; x_wconf 83' lang='grc' dir='ltr'>Βήλου</span> <span class='ocrx_word' id='word_1_77' title='bbox 270 1070 320 1124; x_wconf 86' lang='grc' dir='ltr'>τοῦ</span> <span class='ocrx_word' id='word_1_78' title='bbox 332 1065 465 1124; x_wconf 81' lang='grc' dir='ltr'>Ἀλκαίου</span> <span class='ocrx_word' id='word_1_79' title='bbox 479 1068 587 1142; x_wconf 77' lang='grc' dir='ltr'>πρῶτος</span> <span class='ocrx_word' id='word_1_80' title='bbox 600 1063 802 1140; x_wconf 79' lang='grc' dir='ltr'>Ἡρακλειδέων</span> <span class='ocrx_word' id='word_1_81' title='bbox 815 1065 899 1138; x_wconf 77' lang='grc' dir='ltr'>βασι-</span> 
     </span>
     <span class='ocr_line' id='line_1_13' title="bbox 102 1149 900 1233; baseline 0.003 -25"><span class='ocrx_word' id='word_1_82' title='bbox 102 1150 168 1214; x_wconf 86' lang='grc' dir='ltr'>λεῦς</span> <span class='ocrx_word' id='word_1_83' title='bbox 195 1152 302 1233; x_wconf 82' lang='grc' dir='ltr'>ἐγένετο</span> <span class='ocrx_word' id='word_1_84' title='bbox 330 1154 461 1229; x_wconf 71' lang='grc' dir='ltr'>Σαρδίων,</span> <span class='ocrx_word' id='word_1_85' title='bbox 487 1150 653 1226; x_wconf 81' lang='grc' dir='ltr'>Κανδαύλης</span> <span class='ocrx_word' id='word_1_86' title='bbox 680 1150 709 1208; x_wconf 84' lang='grc' dir='ltr'>δὲ</span> <span class='ocrx_word' id='word_1_87' title='bbox 735 1149 752 1210; x_wconf 78' lang='grc' dir='ltr'><em>ὅ</em></span> <span class='ocrx_word' id='word_1_88' title='bbox 779 1149 900 1228; x_wconf 77' lang='grc' dir='ltr'>Μύρσου</span> 
     </span>
     <span class='ocr_line' id='line_1_14' title="bbox 100 1235 900 1320; baseline 0 -24"><span class='ocrx_word' id='word_1_89' title='bbox 100 1236 230 1302; x_wconf 79' lang='grc' dir='ltr'>ὕστατος·</span> <span class='ocrx_word' id='word_1_90' title='bbox 256 1243 282 1298; x_wconf 84' lang='grc' dir='ltr'>οἱ</span> <span class='ocrx_word' id='word_1_91' title='bbox 306 1240 335 1299; x_wconf 76' lang='grc' dir='ltr'>δὲ</span> <span class='ocrx_word' id='word_1_92' title='bbox 358 1239 493 1317; x_wconf 87' lang='grc' dir='ltr'>πρότερον</span> <span class='ocrx_word' id='word_1_93' title='bbox 510 1237 653 1320; x_wconf 72' lang='grc' dir='ltr'>Ἄγρωνος</span> <span class='ocrx_word' id='word_1_94' title='bbox 675 1235 900 1314; x_wconf 87' lang='grc' dir='ltr'>βασιλεύσαντες</span> 
     </span>
     <span class='ocr_line' id='line_1_15' title="bbox 102 1323 898 1407; baseline 0 -22"><span class='ocrx_word' id='word_1_95' title='bbox 102 1326 204 1402; x_wconf 87' lang='grc' dir='ltr'>ταύτης</span> <span class='ocrx_word' id='word_1_96' title='bbox 217 1332 267 1403; x_wconf 80' lang='grc' dir='ltr'>τῆς</span> <span class='ocrx_word' id='word_1_97' title='bbox 280 1327 372 1407; x_wconf 78' lang='grc' dir='ltr'>χοίρης</span> <span class='ocrx_word' id='word_1_98' title='bbox 384 1327 459 1404; x_wconf 83' lang='grc' dir='ltr'>ἦσαν</span> <span class='ocrx_word' id='word_1_99' title='bbox 472 1326 606 1406; x_wconf 80' lang='grc' dir='ltr'>ἀπόγονοι</span> <span class='ocrx_word' id='word_1_100' title='bbox 617 1325 710 1385; x_wconf 80' lang='grc' dir='ltr'>Λυδοῦ</span> <span class='ocrx_word' id='word_1_101' title='bbox 723 1329 773 1385; x_wconf 84' lang='grc' dir='ltr'>τοῦ</span> <span class='ocrx_word' id='word_1_102' title='bbox 787 1323 898 1390; x_wconf 76' lang='grc' dir='ltr'>Ἀτυος·</span> 
     </span>
     <span class='ocr_line' id='line_1_16' title="bbox 101 1410 900 1494; baseline 0.003 -22"><span class='ocrx_word' id='word_1_103' title='bbox 101 1413 159 1473; x_wconf 78' lang='grc' dir='ltr'>ἀπὸ</span> <span class='ocrx_word' id='word_1_104' title='bbox 172 1419 222 1474; x_wconf 88' lang='grc' dir='ltr'>τοῦ</span> <span class='ocrx_word' id='word_1_105' title='bbox 231 1415 246 1476; x_wconf 81' lang='grc' dir='ltr'>ὁ</span> <span class='ocrx_word' id='word_1_106' title='bbox 255 1417 343 1494; x_wconf 83' lang='grc' dir='ltr'>δῆμος</span> <span class='ocrx_word' id='word_1_107' title='bbox 351 1416 452 1478; x_wconf 85' lang='grc' dir='ltr'>Λύδιος</span> <span class='ocrx_word' id='word_1_108' title='bbox 463 1414 567 1492; x_wconf 87' lang='grc' dir='ltr'>ε’κλήθη</span> <span class='ocrx_word' id='word_1_109' title='bbox 576 1413 592 1474; x_wconf 80' lang='grc' dir='ltr'>ὁ</span> <span class='ocrx_word' id='word_1_110' title='bbox 600 1417 654 1476; x_wconf 81' lang='grc' dir='ltr'>πᾶς</span> <span class='ocrx_word' id='word_1_111' title='bbox 668 1410 755 1483; x_wconf 79' lang='grc' dir='ltr'>οὗτος,</span> <span class='ocrx_word' id='word_1_112' title='bbox 765 1413 900 1493; x_wconf 88' lang='grc' dir='ltr'>πρότερον</span> 
     </span>
     <span class='ocr_line' id='line_1_17' title="bbox 102 1500 899 1582; baseline 0.001 -21"><span class='ocrx_word' id='word_1_113' title='bbox 102 1501 190 1582; x_wconf 84' lang='grc' dir='ltr'>Μήων</span> <span class='ocrx_word' id='word_1_114' title='bbox 208 1504 383 1582; x_wconf 89' lang='grc' dir='ltr'>καλεόμενος.</span> <span class='ocrx_word' id='word_1_115' title='bbox 424 1503 501 1579; x_wconf 72' lang='grc' dir='ltr'>παρὰ</span> <span class='ocrx_word' id='word_1_116' title='bbox 520 1501 625 1562; x_wconf 89' lang='grc' dir='ltr'>τούτων</span> <span class='ocrx_word' id='word_1_117' title='bbox 641 1500 823 1580; x_wconf 85' lang='grc' dir='ltr'>Ἡρακλεῖδαι</span> <span class='ocrx_word' id='word_1_118' title='bbox 843 1507 899 1562; x_wconf 83' lang='grc' dir='ltr'>ἐπι-</span> 
     </span>
     <span class='ocr_line' id='line_1_18' title="bbox 101 1590 900 1671; baseline 0.006 -22"><span class='ocrx_word' id='word_1_119' title='bbox 101 1592 272 1666; x_wconf 81' lang='grc' dir='ltr'>τραφθέντες</span> <span class='ocrx_word' id='word_1_120' title='bbox 282 1594 367 1671; x_wconf 77' lang='grc' dir='ltr'>ἔσχον</span> <span class='ocrx_word' id='word_1_121' title='bbox 373 1592 426 1667; x_wconf 78' lang='grc' dir='ltr'>τήν</span> <span class='ocrx_word' id='word_1_122' title='bbox 435 1591 525 1670; x_wconf 80' lang='grc' dir='ltr'>ἀρχήν</span> <span class='ocrx_word' id='word_1_123' title='bbox 534 1595 564 1650; x_wconf 81' lang='grc' dir='ltr'>ἐκ</span> <span class='ocrx_word' id='word_1_124' title='bbox 575 1591 750 1669; x_wconf 86' lang='grc' dir='ltr'>θεοπροπίου,</span> <span class='ocrx_word' id='word_1_125' title='bbox 761 1596 791 1650; x_wconf 73' lang='grc' dir='ltr'>εἰ(</span> <span class='ocrx_word' id='word_1_126' title='bbox 800 1590 900 1667; x_wconf 74' lang='grc' dir='ltr'>δούλης</span> 
     </span>
     <span class='ocr_line' id='line_1_19' title="bbox 101 1677 900 1760; baseline 0.008 -25"><span class='ocrx_word' id='word_1_127' title='bbox 101 1703 132 1736; x_wconf 88' lang='grc' dir='ltr'>τε</span> <span class='ocrx_word' id='word_1_128' title='bbox 147 1683 198 1752; x_wconf 77' lang='grc' dir='ltr'>τῆς</span> <span class='ocrx_word' id='word_1_129' title='bbox 214 1677 357 1754; x_wconf 74' lang='grc' dir='ltr'>Ἰαρδάνου</span> <span class='ocrx_word' id='word_1_130' title='bbox 372 1678 518 1760; x_wconf 77' lang='grc' dir='ltr'>γεγονότες</span> <span class='ocrx_word' id='word_1_131' title='bbox 533 1679 579 1736; x_wconf 84' lang='grc' dir='ltr'>καὶ</span> <span class='ocrx_word' id='word_1_132' title='bbox 592 1678 754 1755; x_wconf 88' lang='grc' dir='ltr'>Ἡρακλέος,</span> <span class='ocrx_word' id='word_1_133' title='bbox 770 1678 900 1756; x_wconf 77' lang='grc' dir='ltr'>ἄρξαντες</span> 
     </span>
     <span class='ocr_line' id='line_1_20' title="bbox 101 1764 899 1845; baseline 0.003 -23"><span class='ocrx_word' id='word_1_134' title='bbox 101 1767 154 1838; x_wconf 78' lang='grc' dir='ltr'>μὲν</span> <span class='ocrx_word' id='word_1_135' title='bbox 171 1764 216 1822; x_wconf 81' lang='grc' dir='ltr'>ἐπὶ</span> <span class='ocrx_word' id='word_1_136' title='bbox 233 1764 281 1822; x_wconf 87' lang='grc' dir='ltr'>δύο</span> <span class='ocrx_word' id='word_1_137' title='bbox 297 1790 328 1823; x_wconf 89' lang='grc' dir='ltr'>τε</span> <span class='ocrx_word' id='word_1_138' title='bbox 344 1766 390 1823; x_wconf 86' lang='grc' dir='ltr'>καὶ</span> <span class='ocrx_word' id='word_1_139' title='bbox 404 1766 493 1823; x_wconf 83' lang='grc' dir='ltr'>εἴκοσι</span> <span class='ocrx_word' id='word_1_140' title='bbox 508 1764 604 1845; x_wconf 79' lang='grc' dir='ltr'>γενεοὶς</span> <span class='ocrx_word' id='word_1_141' title='bbox 617 1765 730 1841; x_wconf 78' lang='grc' dir='ltr'>ἀνδρῶν,</span> <span class='ocrx_word' id='word_1_142' title='bbox 746 1766 806 1824; x_wconf 86' lang='grc' dir='ltr'>ἔτεα</span> <span class='ocrx_word' id='word_1_143' title='bbox 818 1765 899 1824; x_wconf 78' lang='grc' dir='ltr'>πέντε</span> 
     </span>
     <span class='ocr_line' id='line_1_21' title="bbox 101 1850 900 1928; baseline 0 -18"><span class='ocrx_word' id='word_1_144' title='bbox 101 1851 199 1910; x_wconf 85' lang='grc' dir='ltr'>τεκαὶ</span> <span class='ocrx_word' id='word_1_145' title='bbox 219 1850 397 1920; x_wconf 85' lang='grc' dir='ltr'>πεντακόσια,</span> <span class='ocrx_word' id='word_1_146' title='bbox 416 1857 482 1914; x_wconf 87' lang='grc' dir='ltr'>παῖς</span> <span class='ocrx_word' id='word_1_147' title='bbox 502 1851 579 1928; x_wconf 72' lang='grc' dir='ltr'>παρὰ</span> <span class='ocrx_word' id='word_1_148' title='bbox 598 1851 704 1927; x_wconf 84' lang='grc' dir='ltr'>πατρδς</span> <span class='ocrx_word' id='word_1_149' title='bbox 725 1850 900 1926; x_wconf 80' lang='grc' dir='ltr'>ἐκδεκόμενος</span> 
     </span>
     <span class='ocr_line' id='line_1_22' title="bbox 69 1935 898 2017; baseline -0.002 -18"><span class='ocrx_word' id='word_1_150' title='bbox 69 1940 89 1999; x_wconf 79' lang='lat'>8</span> <span class='ocrx_word' id='word_1_151' title='bbox 102 1938 154 2014; x_wconf 79' lang='grc' dir='ltr'>τήν</span> <span class='ocrx_word' id='word_1_152' title='bbox 167 1937 257 2016; x_wconf 78' lang='grc' dir='ltr'>ἆρχην</span> <span class='ocrx_word' id='word_1_153' title='bbox 270 1939 354 2017; x_wconf 81' lang='grc' dir='ltr'>μέχρι</span> <span class='ocrx_word' id='word_1_154' title='bbox 367 1938 536 1998; x_wconf 86' lang='grc' dir='ltr'>Κανδαύλεω</span> <span class='ocrx_word' id='word_1_155' title='bbox 549 1942 599 1997; x_wconf 89' lang='grc' dir='ltr'>τοῦ</span> <span class='ocrx_word' id='word_1_156' title='bbox 613 1937 742 2013; x_wconf 88' lang='grc' dir='ltr'>Μύρσου·</span> <span class='ocrx_word' id='word_1_157' title='bbox 761 1935 852 2001; x_wconf 82' lang='grc' dir='ltr'>Οὗτος</span> <span class='ocrx_word' id='word_1_158' title='bbox 864 1939 898 2013; x_wconf 80' lang='grc' dir='ltr'>δή</span> 
     </span>
     <span class='ocr_line' id='line_1_23' title="bbox 101 2023 897 2106; baseline -0.001 -21"><span class='ocrx_word' id='word_1_159' title='bbox 101 2025 139 2086; x_wconf 81' lang='grc' dir='ltr'>ὦν</span> <span class='ocrx_word' id='word_1_160' title='bbox 160 2026 176 2085; x_wconf 84' lang='grc' dir='ltr'>ὁ</span> <span class='ocrx_word' id='word_1_161' title='bbox 196 2026 362 2102; x_wconf 89' lang='grc' dir='ltr'>Κανδαύλης</span> <span class='ocrx_word' id='word_1_162' title='bbox 374 2025 487 2103; x_wconf 86' lang='grc' dir='ltr'>η’ροίσθη</span> <span class='ocrx_word' id='word_1_163' title='bbox 504 2030 555 2102; x_wconf 79' lang='grc' dir='ltr'>τῆς</span> <span class='ocrx_word' id='word_1_164' title='bbox 568 2028 668 2084; x_wconf 81' lang='grc' dir='ltr'>ἑωυτοῦ</span> <span class='ocrx_word' id='word_1_165' title='bbox 681 2023 819 2106; x_wconf 81' lang='grc' dir='ltr'>γυναικός·</span> <span class='ocrx_word' id='word_1_166' title='bbox 839 2031 897 2102; x_wconf 89' lang='grc' dir='ltr'>ε’ρα-</span> 
     </span>
     <span class='ocr_line' id='line_1_24' title="bbox 101 2111 899 2194; baseline 0 -21"><span class='ocrx_word' id='word_1_167' title='bbox 101 2115 180 2176; x_wconf 86' lang='grc' dir='ltr'>σθεὶς</span> <span class='ocrx_word' id='word_1_168' title='bbox 200 2114 237 2182; x_wconf 83' lang='grc' dir='ltr'>δὲ,</span> <span class='ocrx_word' id='word_1_169' title='bbox 259 2112 368 2190; x_wconf 81' lang='grc' dir='ltr'>ἐνόμιζέ</span> <span class='ocrx_word' id='word_1_170' title='bbox 388 2118 414 2173; x_wconf 84' lang='grc' dir='ltr'>οἶ</span> <span class='ocrx_word' id='word_1_171' title='bbox 435 2113 504 2174; x_wconf 83' lang='grc' dir='ltr'>εἶναι</span> <span class='ocrx_word' id='word_1_172' title='bbox 522 2116 640 2194; x_wconf 82' lang='grc' dir='ltr'>γυναῖκα</span> <span class='ocrx_word' id='word_1_173' title='bbox 659 2111 770 2172; x_wconf 83' lang='grc' dir='ltr'>πολλδν</span> <span class='ocrx_word' id='word_1_174' title='bbox 787 2113 899 2173; x_wconf 86' lang='grc' dir='ltr'>πασέων</span> 
     </span>
     <span class='ocr_line' id='line_1_25' title="bbox 101 2198 899 2282; baseline 0.001 -22"><span class='ocrx_word' id='word_1_175' title='bbox 101 2201 269 2277; x_wconf 87' lang='grc' dir='ltr'>καλλίστην·</span> <span class='ocrx_word' id='word_1_176' title='bbox 291 2201 364 2261; x_wconf 76' lang='grc' dir='ltr'>ὥστε</span> <span class='ocrx_word' id='word_1_177' title='bbox 382 2202 412 2261; x_wconf 83' lang='grc' dir='ltr'>δὲ</span> <span class='ocrx_word' id='word_1_178' title='bbox 429 2205 517 2262; x_wconf 86' lang='grc' dir='ltr'>ταῦτα</span> <span class='ocrx_word' id='word_1_179' title='bbox 535 2200 660 2277; x_wconf 82' lang='grc' dir='ltr'>νομίζων,</span> <span class='ocrx_word' id='word_1_180' title='bbox 676 2200 712 2276; x_wconf 82' lang='grc' dir='ltr'>ἦν</span> <span class='ocrx_word' id='word_1_181' title='bbox 727 2198 783 2282; x_wconf 81' lang='grc' dir='ltr'>γιίρ</span> <span class='ocrx_word' id='word_1_182' title='bbox 800 2204 827 2260; x_wconf 86' lang='grc' dir='ltr'>οἶ</span> <span class='ocrx_word' id='word_1_183' title='bbox 844 2205 899 2261; x_wconf 82' lang='grc' dir='ltr'>τῶν</span> 
     </span>
     <span class='ocr_line' id='line_1_26' title="bbox 101 2287 898 2370; baseline 0 -23"><span class='ocrx_word' id='word_1_184' title='bbox 101 2288 562 2370; x_wconf 83' lang='grc' dir='ltr'>αἰχμοφόρωνΓύγηςὸΔασκύλου</span> <span class='ocrx_word' id='word_1_185' title='bbox 570 2288 755 2365; x_wconf 74' lang='grc' dir='ltr'>ἀρεσκόμενος</span> <span class='ocrx_word' id='word_1_186' title='bbox 762 2287 898 2365; x_wconf 79' lang='grc' dir='ltr'>μάλιστα,</span> 
     </span>
     <span class='ocr_line' id='line_1_27' title="bbox 100 2376 899 2458; baseline 0 -22"><span class='ocrx_word' id='word_1_187' title='bbox 100 2376 190 2455; x_wconf 81' lang='grc' dir='ltr'>τούτῳ</span> <span class='ocrx_word' id='word_1_188' title='bbox 202 2376 252 2457; x_wconf 75' lang='grc' dir='ltr'>[τῷ</span> <span class='ocrx_word' id='word_1_189' title='bbox 261 2377 351 2458; x_wconf 85' lang='grc' dir='ltr'>Γύγη]</span> <span class='ocrx_word' id='word_1_190' title='bbox 363 2379 409 2436; x_wconf 87' lang='grc' dir='ltr'>καὶ</span> <span class='ocrx_word' id='word_1_191' title='bbox 421 2377 457 2437; x_wconf 76' lang='grc' dir='ltr'>τῦ</span> <span class='ocrx_word' id='word_1_192' title='bbox 471 2376 692 2453; x_wconf 88' lang='grc' dir='ltr'>σπουδαιέστερα</span> <span class='ocrx_word' id='word_1_193' title='bbox 704 2380 759 2436; x_wconf 85' lang='grc' dir='ltr'>τιῦν</span> <span class='ocrx_word' id='word_1_194' title='bbox 771 2377 899 2457; x_wconf 79' lang='grc' dir='ltr'>πρηγμά-</span> 
     </span>
     <span class='ocr_line' id='line_1_28' title="bbox 100 2463 899 2543; baseline 0.004 -19"><span class='ocrx_word' id='word_1_195' title='bbox 100 2490 156 2524; x_wconf 89' lang='grc' dir='ltr'>των</span> <span class='ocrx_word' id='word_1_196' title='bbox 172 2464 349 2543; x_wconf 75' lang='grc' dir='ltr'>ὑπερετίθετο</span> <span class='ocrx_word' id='word_1_197' title='bbox 367 2465 384 2525; x_wconf 82' lang='grc' dir='ltr'>ὁ</span> <span class='ocrx_word' id='word_1_198' title='bbox 402 2465 576 2542; x_wconf 88' lang='grc' dir='ltr'>Κανδαύλης,</span> <span class='ocrx_word' id='word_1_199' title='bbox 593 2465 639 2523; x_wconf 86' lang='grc' dir='ltr'>καὶ</span> <span class='ocrx_word' id='word_1_200' title='bbox 659 2463 693 2540; x_wconf 85' lang='grc' dir='ltr'>δή</span> <span class='ocrx_word' id='word_1_201' title='bbox 711 2464 756 2522; x_wconf 87' lang='grc' dir='ltr'>καὶ</span> <span class='ocrx_word' id='word_1_202' title='bbox 775 2464 808 2523; x_wconf 84' lang='grc' dir='ltr'>τδ</span> <span class='ocrx_word' id='word_1_203' title='bbox 829 2465 899 2529; x_wconf 84' lang='grc' dir='ltr'>εἶδος</span> 
     </span>
     <span class='ocr_line' id='line_1_29' title="bbox 101 2549 899 2632; baseline -0.006 -17"><span class='ocrx_word' id='word_1_204' title='bbox 101 2557 152 2628; x_wconf 76' lang='grc' dir='ltr'>τῆς</span> <span class='ocrx_word' id='word_1_205' title='bbox 171 2553 300 2632; x_wconf 86' lang='grc' dir='ltr'>γυναικδς</span> <span class='ocrx_word' id='word_1_206' title='bbox 319 2552 528 2631; x_wconf 73' lang='grc' dir='ltr'>ὑπερεπαινέων·</span> <span class='ocrx_word' id='word_1_207' title='bbox 552 2551 655 2632; x_wconf 83' lang='grc' dir='ltr'>χρόνου</span> <span class='ocrx_word' id='word_1_208' title='bbox 678 2552 709 2610; x_wconf 86' lang='grc' dir='ltr'>δὲ</span> <span class='ocrx_word' id='word_1_209' title='bbox 732 2549 764 2611; x_wconf 84' lang='grc' dir='ltr'>ού</span> <span class='ocrx_word' id='word_1_210' title='bbox 788 2555 899 2611; x_wconf 83' lang='grc' dir='ltr'>πολλοῦ</span> 
     </span>
     <span class='ocr_line' id='line_1_30' title="bbox 102 2639 899 2723; baseline 0 -25"><span class='ocrx_word' id='word_1_211' title='bbox 102 2639 268 2709; x_wconf 87' lang='grc' dir='ltr'>διελθόντος,</span> <span class='ocrx_word' id='word_1_212' title='bbox 290 2643 373 2720; x_wconf 80' lang='grc' dir='ltr'>(χρῆν</span> <span class='ocrx_word' id='word_1_213' title='bbox 392 2639 448 2723; x_wconf 83' lang='grc' dir='ltr'>γοῖρ</span> <span class='ocrx_word' id='word_1_214' title='bbox 469 2640 621 2718; x_wconf 85' lang='grc' dir='ltr'>Κανδαύλῃ</span> <span class='ocrx_word' id='word_1_215' title='bbox 638 2639 771 2722; x_wconf 84' lang='grc' dir='ltr'>γενέσθαι</span> <span class='ocrx_word' id='word_1_216' title='bbox 791 2641 899 2722; x_wconf 66' lang='grc' dir='ltr'>κακῶς)</span> 
     </span>
     <span class='ocr_line' id='line_1_31' title="bbox 102 2727 900 2809; baseline 0.004 -24"><span class='ocrx_word' id='word_1_217' title='bbox 102 2728 182 2807; x_wconf 80' lang='grc' dir='ltr'>ἔλεγε</span> <span class='ocrx_word' id='word_1_218' title='bbox 202 2727 272 2804; x_wconf 85' lang='grc' dir='ltr'>πρδς</span> <span class='ocrx_word' id='word_1_219' title='bbox 292 2728 342 2787; x_wconf 80' lang='grc' dir='ltr'>τᾶν</span> <span class='ocrx_word' id='word_1_220' title='bbox 363 2728 456 2809; x_wconf 88' lang='grc' dir='ltr'>Γύγην</span> <span class='ocrx_word' id='word_1_221' title='bbox 476 2727 578 2788; x_wconf 86' lang='grc' dir='ltr'>τοιοίδε·</span> <span class='ocrx_word' id='word_1_222' title='bbox 601 2738 618 2763; x_wconf 83' lang='grc'><strong>“</strong></span> <span class='ocrx_word' id='word_1_223' title='bbox 626 2727 712 2808; x_wconf 85' lang='grc' dir='ltr'>Γύγη,</span> <span class='ocrx_word' id='word_1_224' title='bbox 734 2727 767 2787; x_wconf 84' lang='grc' dir='ltr'>οῦ</span> <span class='ocrx_word' id='word_1_225' title='bbox 787 2727 842 2807; x_wconf 82' lang='grc' dir='ltr'>γάρ</span> <span class='ocrx_word' id='word_1_226' title='bbox 864 2753 900 2788; x_wconf 93' lang='grc' dir='ltr'>σε</span> 
     </span>
     <span class='ocr_line' id='line_1_32' title="bbox 102 2814 899 2897; baseline 0 -23"><span class='ocrx_word' id='word_1_227' title='bbox 102 2814 188 2874; x_wconf 83' lang='grc' dir='ltr'>δοκέω</span> <span class='ocrx_word' id='word_1_228' title='bbox 208 2816 358 2876; x_wconf 89' lang='grc' dir='ltr'>πείθεσθαί</span> <span class='ocrx_word' id='word_1_229' title='bbox 379 2842 428 2892; x_wconf 90' lang='grc' dir='ltr'>μοι</span> <span class='ocrx_word' id='word_1_230' title='bbox 451 2817 563 2897; x_wconf 87' lang='grc' dir='ltr'>λέγοντι</span> <span class='ocrx_word' id='word_1_231' title='bbox 585 2817 649 2892; x_wconf 88' lang='grc' dir='ltr'>περὶ</span> <span class='ocrx_word' id='word_1_232' title='bbox 669 2819 720 2874; x_wconf 88' lang='grc' dir='ltr'>τοῦ</span> <span class='ocrx_word' id='word_1_233' title='bbox 744 2815 828 2878; x_wconf 86' lang='grc' dir='ltr'>εἴδεος</span> <span class='ocrx_word' id='word_1_234' title='bbox 850 2820 899 2891; x_wconf 80' lang='grc' dir='ltr'>τῆς</span> 
     </span>
     <span class='ocr_line' id='line_1_33' title="bbox 101 2902 900 2985; baseline 0.001 -24"><span class='ocrx_word' id='word_1_235' title='bbox 101 2902 239 2984; x_wconf 83' lang='grc' dir='ltr'>γυναικός·</span> <span class='ocrx_word' id='word_1_236' title='bbox 253 2903 322 2985; x_wconf 80' lang='grc' dir='ltr'>(ὦτα</span> <span class='ocrx_word' id='word_1_237' title='bbox 338 2903 393 2984; x_wconf 78' lang='grc' dir='ltr'>γὰρ</span> <span class='ocrx_word' id='word_1_238' title='bbox 410 2904 541 2984; x_wconf 78' lang='grc' dir='ltr'>τυγχάνει</span> <span class='ocrx_word' id='word_1_239' title='bbox 554 2902 726 2980; x_wconf 76' lang='grc' dir='ltr'>ἀνθρώποισι</span> <span class='ocrx_word' id='word_1_240' title='bbox 739 2903 820 2963; x_wconf 88' lang='grc' dir='ltr'>ε’όντα</span> <span class='ocrx_word' id='word_1_241' title='bbox 837 2903 900 2962; x_wconf 84' lang='grc' dir='ltr'>οἷπι-</span> 
     </span>
     <span class='ocr_line' id='line_1_34' title="bbox 103 2988 899 3072; baseline 0 -22"><span class='ocrx_word' id='word_1_242' title='bbox 103 2990 223 3067; x_wconf 89' lang='grc' dir='ltr'>στότερα</span> <span class='ocrx_word' id='word_1_243' title='bbox 234 2988 413 3072; x_wconf 77' lang='grc' dir='ltr'>ὀφθαλμῶν)</span> <span class='ocrx_word' id='word_1_244' title='bbox 423 2993 500 3051; x_wconf 89' lang='grc' dir='ltr'>ποίεε</span> <span class='ocrx_word' id='word_1_245' title='bbox 510 2991 577 3054; x_wconf 82' lang='grc' dir='ltr'>ὅκως</span> <span class='ocrx_word' id='word_1_246' title='bbox 590 2991 693 3067; x_wconf 76' lang='grc' dir='ltr'>ἐκείνην</span> <span class='ocrx_word' id='word_1_247' title='bbox 708 2990 822 3068; x_wconf 88' lang='grc' dir='ltr'>θεήσεαι</span> <span class='ocrx_word' id='word_1_248' title='bbox 830 3017 899 3072; x_wconf 87' lang='grc' dir='ltr'>γυμ-</span> 
     </span>
     <span class='ocr_line' id='line_1_35' title="bbox 98 3078 901 3161; baseline -0.001 -24"><span class='ocrx_word' id='word_1_249' title='bbox 98 3078 177 3151; x_wconf 78' lang='grc' dir='ltr'>νήν·”</span> <span class='ocrx_word' id='word_1_250' title='bbox 204 3079 221 3138; x_wconf 81' lang='grc' dir='ltr'><em>ὁ</em></span> <span class='ocrx_word' id='word_1_251' title='bbox 245 3079 274 3138; x_wconf 81' lang='grc' dir='ltr'>δὲ</span> <span class='ocrx_word' id='word_1_252' title='bbox 295 3081 371 3161; x_wconf 88' lang='grc' dir='ltr'>μέγα</span> <span class='ocrx_word' id='word_1_253' title='bbox 394 3079 533 3156; x_wconf 77' lang='grc' dir='ltr'>ἀμβώσας</span> <span class='ocrx_word' id='word_1_254' title='bbox 557 3080 625 3138; x_wconf 83' lang='grc' dir='ltr'>εἶπε·</span> <span class='ocrx_word' id='word_1_255' title='bbox 650 3081 814 3151; x_wconf 86' lang='grc' dir='ltr'>“Δέσποτα,</span> <span class='ocrx_word' id='word_1_256' title='bbox 838 3081 901 3139; x_wconf 85' lang='grc' dir='ltr'>τίνα</span> 
     </span>
     <span class='ocr_line' id='line_1_36' title="bbox 76 3163 900 3250; baseline 0.005 -29"><span class='ocrx_word' id='word_1_257' title='bbox 76 3163 179 3235; x_wconf 50' lang='grc' dir='ltr'>τίτθας</span> <span class='ocrx_word' id='word_1_258' title='bbox 197 3164 294 3244; x_wconf 66' lang='grc' dir='ltr'>λόγον</span> <span class='ocrx_word' id='word_1_259' title='bbox 313 3167 368 3227; x_wconf 81' lang='grc' dir='ltr'>οιίκ</span> <span class='ocrx_word' id='word_1_260' title='bbox 388 3167 469 3250; x_wconf 81' lang='grc' dir='ltr'>ύγιία</span> <span class='ocrx_word' id='word_1_261' title='bbox 488 3167 609 3229; x_wconf 85' lang='grc' dir='ltr'>κελεύων</span> <span class='ocrx_word' id='word_1_262' title='bbox 631 3193 666 3247; x_wconf 92' lang='grc' dir='ltr'>με</span> <span class='ocrx_word' id='word_1_263' title='bbox 683 3168 830 3228; x_wconf 83' lang='grc' dir='ltr'>δέσποιναν</span> <span class='ocrx_word' id='word_1_264' title='bbox 849 3167 900 3241; x_wconf 75' lang='grc' dir='ltr'>τήν</span> 
     </span>
     <span class='ocr_line' id='line_1_37' title="bbox 59 3241 917 3339; baseline -0.001 -28"><span class='ocrx_word' id='word_1_265' title='bbox 59 3241 140 3311; x_wconf 56' lang='lat'>‘5²73‘</span> <span class='ocrx_word' id='word_1_266' title='bbox 157 3247 333 3322; x_wconf 63' lang='grc' dir='ltr'>θεμένασθαι</span> <span class='ocrx_word' id='word_1_267' title='bbox 353 3257 489 3338; x_wconf 83' lang='grc' dir='ltr'>γυμνήν;</span> <span class='ocrx_word' id='word_1_268' title='bbox 514 3256 575 3339; x_wconf 80' lang='grc' dir='ltr'>ἅμα</span> <span class='ocrx_word' id='word_1_269' title='bbox 597 3257 629 3318; x_wconf 72' lang='grc' dir='ltr'>δέ</span> <span class='ocrx_word' id='word_1_270' title='bbox 648 3257 744 3319; x_wconf 77' lang='grc' dir='ltr'>κιθῶνι</span> <span class='ocrx_word' id='word_1_271' title='bbox 762 3253 917 3328; x_wconf 66' lang='grc' dir='ltr'>ὲκδυομένω</span> 
     </span>
    </p>
   </div>
   <div class='ocr_carea' id='block_1_2' title="bbox 0 0 1024 3464">
    <p class='ocr_par' dir='ltr' id='par_1_2' title="bbox 0 0 1024 3464">
     <span class='ocr_line' id='line_1_38' title="bbox 0 0 1024 3464; baseline 0 0"><span class='ocrx_word' id='word_1_272' title='bbox 0 0 1024 3464; x_wconf 95' lang='lat' dir='ltr'> </span> 
     </span>
    </p>
   </div>
  </div>
 </body>
</html>
