2040 3464
135 115 184 166 ιιι
441 113 624 163 Ἤτοιουου
869 109 936 174 [111.

138 194 209 272 δρῦν
224 197 279 255 τιῦν
293 192 408 271 πράτων
424 192 595 270 Περίανδρος
613 191 629 252 ὁ
643 193 779 270 Κυψέλου
793 195 821 254 ές
834 190 937 267 Σάρδις

137 282 286 359 ἀπέπεμψε
305 281 382 358 παρά
393 281 549 340 Ἀλυάττεα
562 279 604 339 ἐπ’
618 285 731 358 ἐκτομῇ·
752 279 938 359 προσχόντων

138 370 168 428 δὲ
181 375 208 432 ἐς
221 371 272 445 τὴν
282 369 379 445 Σάμον
386 374 441 429 τῶν
450 367 573 449 άγάντων
580 368 645 430 τοῦς
657 369 757 431 παῖδας
771 368 937 444 Κορινθίων,

138 455 290 530 πυθόμενοι
310 459 337 514 οἱ
357 455 460 531 Σάμιοι
477 454 527 514 τδν
546 454 634 535 λόγον
648 455 689 513 ἐπ’
703 455 762 514 οἷσι
779 453 896 536 άγοίατο
910 458 937 517 ἐς

139 543 247 620 Σάρδις,
261 547 358 620 πρῶτα
375 545 427 619 μὲν
444 542 509 605 τούς
524 542 625 605 παῖδας
643 543 769 612 ἐδίδαξαν
788 545 848 618 ἱροῦ
865 541 938 621 ῦψα·

139 632 208 691 σθαι
226 630 397 709 Ἀρτέμιδος,
411 630 483 706 μετοὶ
499 631 537 701 δὲ,
553 629 584 690 ού
601 631 790 707 περιορέοντες
804 630 938 689 α’πέλκειν

138 719 204 782 τοῦς
218 720 307 781 ἱκέτας
321 723 351 776 ἐκ
364 723 414 777 τοῦ
429 721 496 795 ἱροῦ,
505 719 601 776 σιτίων
610 718 639 776 δὲ
652 717 716 780 τούς
729 716 829 780 παῖδας
843 716 938 797 ε’ργάν·

138 832 193 867 των
213 807 376 881 Κορινθίων,
390 805 558 880 ἐποιήσαντο
575 809 601 864 οἱ
620 804 721 880 Σάμιοι
737 803 822 881 ὁρτήν
838 809 875 882 τῇ
892 805 938 862 καὶ

140 899 189 955 νῦν
202 895 242 953 ἔτι
254 894 388 971 χρέωνται
402 893 472 951 κατά
484 892 580 952 ταῦτά·
601 893 697 955 νυκτδς
709 891 764 971 γάρ
778 892 937 972 ἐπιγενομέ-

141 1007 198 1058 νης,
214 980 283 1040 ὅσον
295 980 398 1059 χρόνον
417 981 536 1040 ἱκέτευον
551 984 577 1039 οἱ
590 982 686 1044 παῖδες
700 981 822 1039 ἱστασαν
834 979 938 1059 χορούς

140 1069 283 1145 παρθένων
304 1093 335 1127 τε
356 1068 402 1127 καὶ
422 1068 529 1143 ἠϊθέων,
552 1069 677 1132 ἱστάντες
698 1069 735 1139 δὲ,
752 1068 817 1131 τοῦς
835 1067 938 1147 χορούς

138 1157 246 1233 τρωκτοὶ
266 1155 400 1234 σησάμου
420 1183 451 1215 τε
471 1158 517 1215 καὶ
536 1158 651 1233 μέλιτος
668 1156 837 1231 ἐποιήσαντο
851 1156 938 1231 νόμον

140 1246 285 1324 φέρεσθαι,
301 1246 345 1304 ἱνα
361 1244 528 1323 ἁρπάζοντες
542 1247 569 1303 οἱ
581 1248 635 1304 τῶν
649 1245 826 1321 Κερκυραίων
841 1245 938 1306 παῖδες

141 1335 229 1411 ἔχοιεν
248 1332 367 1410 τροφήν.
409 1337 437 1394 ε’ς
456 1336 540 1391 τοῦτο
560 1332 590 1390 δὲ
609 1332 673 1391 τάδε
694 1333 807 1413 ἐγίνετο,
825 1335 853 1394 ές
872 1331 890 1390 ὃ
911 1335 938 1391 οἱ

142 1421 294 1497 Κορίνθιοι,
311 1424 366 1479 τιῦν
386 1420 491 1479 παίδων
512 1423 539 1478 οἱ
559 1421 691 1494 φύλακοι,
709 1420 820 1497 οἴχοντο
837 1418 937 1479 ἀπολι-

140 1508 247 1578 πόντες,
267 1507 333 1570 τοῦς
356 1508 386 1566 δὲ
405 1508 505 1569 παῖδας
526 1506 721 1589 οἷπήγαγονιές
744 1508 890 1584 Κέρκυραν
911 1510 938 1566 οἱ

94 1599 131 1654 49
143 1595 253 1671 Σάμιοι.
281 1599 318 1654 Εἰ
329 1595 381 1671 μέν
391 1621 439 1655 νυν
453 1594 625 1671 Περιάνδρου
632 1594 852 1670 τελευτησαντος
861 1599 938 1654 τοῖσι

142 1683 318 1759 Κορινθίοισι
331 1683 404 1758 φίλα
415 1681 451 1758 ἦν
463 1683 533 1759 πρός
541 1682 606 1745 τοῦς
616 1684 810 1759 Κερκυραίους,
821 1683 877 1740 οἵδε
888 1681 938 1741 ούκ

142 1768 176 1828 ἂν
196 1769 389 1845 συνελάβοντο
408 1774 458 1828 τοῦ
479 1769 686 1847 στρατεύματος
704 1774 754 1829 τοῦ
775 1771 821 1828 ἐπὶ
841 1769 938 1845 Σάμον

141 1856 242 1933 ταύτης
259 1857 359 1916 εἵνεκεν
375 1861 426 1931 τῆς
442 1857 540 1932 αἰτίης·
561 1861 610 1916 νῦν
627 1859 657 1916 δὲ
673 1858 733 1928 αἰεὶ,
748 1858 811 1915 ε’πεί
825 1883 856 1916 τε
870 1858 938 1915 ἔκτι·

142 1970 198 2005 σαν
209 1944 261 2020 τήν
273 1949 368 2019 νῆσον,
383 1944 438 2003 εἰσὶ
451 1944 607 2019 α’λλήλοισι
626 1944 757 2021 διάφοροι
773 1945 862 2007 ἐόντες
875 1948 939 2004 ἕωυ·

143 2035 220 2090 τοῖσι
239 2031 343 2091 τούτων
363 2031 400 2092 ὧν
415 2031 516 2092 εἵνεκεν
536 2032 776 2109 ἀπεμνησικάκεον
791 2037 868 2091 τοῖσι
884 2036 938 2093 Σα-

142 2120 234 2196 μίοισι
256 2122 282 2178 οἱ
306 2120 459 2196 Κορίνθιοι.
500 2119 647 2196 ἀπέπεμπε
669 2121 700 2178 δὲ
723 2125 751 2183 ές
773 2118 873 2195 Σάρδις
896 2121 939 2179 ἐπ’

143 2209 246 2285 ἐκτομῇ
269 2207 439 2284 Περίανδρος
460 2211 515 2267 τῶν
537 2208 652 2283 πρώτων
677 2208 854 2284 Κερκυραίων
881 2213 938 2267 ἐπι-

143 2295 225 2364 λέξας
245 2295 309 2357 τοῦς
328 2295 436 2364 παῖδας,
456 2295 664 2371 τιμωρεύμενος·
688 2295 819 2370 πρότεροι
837 2294 893 2375 γάρ
913 2299 941 2356 οἱ

143 2387 310 2461 Κερκυραῖοι
323 2382 410 2460 ἧρξαν
424 2388 451 2444 ἐς
464 2382 548 2442 αύτὸν
558 2387 675 2462 πρῆγμα
688 2382 939 2459 α’τάσθαλονποιή-

96 2472 134 2530 ὅθ
144 2495 252 2533 σαντες.
285 2470 366 2529 Ἐπεί
376 2496 407 2529 τε
419 2470 474 2550 γάρ
484 2470 536 2545 τὴν
546 2473 646 2529 ἑωυτοῦ
658 2474 774 2550 γυναῖκα
784 2471 941 2530 Μέλισσαν

144 2558 314 2635 Περίανδρος
334 2558 483 2626 άπέκτεινε,
501 2557 653 2634 συμφορήν
672 2557 780 2631 τοιήνδε
801 2560 828 2616 οἱ
847 2557 942 2634 ἇλλην

144 2647 253 2722 συνέβη
266 2646 336 2722 πρὸς
351 2650 386 2723 τῇ
399 2646 529 2727 γεγονυίῃ
549 2646 689 2725 γενέσθαι·
710 2643 784 2719 ἦσάν
798 2647 824 2703 οἱ
838 2650 868 2704 ἐκ
882 2651 941 2704 Με-

144 2734 250 2809 λίσσης
269 2734 317 2792 δύο
335 2734 438 2803 παῖδες,
452 2732 563 2808 ἡλικίην
580 2731 596 2792 ὁ
611 2735 664 2809 μὲν
683 2733 864 2790 ἑπτακαίδεκα
881 2732 943 2793 ὅδὲ

145 2820 328 2880 ὀκτωκαίδεκα
352 2823 413 2879 ἔτεα
433 2821 562 2900 γεγονώς·
587 2819 701 2882 τούτους
721 2819 737 2878 ά
754 2819 943 2898 μητροπάτωρ

146 2913 279 2984 Προκλῆς
297 2909 348 2968 εἰῦν
362 2907 529 2984 Ἐπιδαύρου
546 2907 677 2985 τύραννος
690 2907 944 2984 μεταπεμψάμενος

145 2994 210 3072 παρ’
231 2996 330 3054 ἑωυτδν
351 2995 578 3072 ἐφιλοφρονέετο,
600 2994 635 3056 ὥς
656 2994 726 3056 εἰκὸς
748 2994 784 3068 ἦν
805 2995 943 3074 θυγατρὸς

139 3082 239 3159 έοντας
250 3087 302 3159 τῆς
315 3086 416 3142 ἑωυτοῦ
428 3081 537 3145 παῖδας·
560 3083 621 3141 ἐπεί
631 3107 662 3140 τε
676 3082 706 3140 δέ
719 3088 811 3158 σφεας
819 3082 943 3160 άπεπέμ·

123 3190 204 3242 πετο,
223 3170 289 3232 εἶπε
301 3171 483 3253 προπέμπων
497 3169 608 3235 αὐτούς·
628 3179 645 3206 “
656 3167 796 3246 ἱιραὶστε,
807 3168 829 3227 φ
839 3170 943 3238 παῖδες,

106 3251 147 3315 ὅς
167 3255 268 3326 ιὶιιέων
284 3261 346 3340 τήν
359 3264 480 3345 μητέρα
495 3261 648 3324 ἀπέκτεινε
657 3257 680 3329 ·,”
704 3261 792 3318 τοῦτο
809 3255 845 3315 τὸ
861 3254 964 3316 ἱπυςῖι
