2040 3464
79 109 188 174 71-73]
415 108 546 157 οκλκιι.
795 91 800 98 ’
828 105 876 157 237

80 188 211 264 φυλακάς
230 186 284 268 γάρ
298 187 331 262 δή
346 185 513 249 διεστεώσας
533 185 609 248 οἶδάς
627 210 676 244 κου
693 183 738 244 καὶ
755 181 844 254 αύτδς,
859 186 883 244 εἲ

81 276 122 351 μή
139 275 209 345 ἰδών,
225 275 290 334 ἀλλ’
305 273 437 336 ἀκούσας·
460 274 492 336 ιῖς
508 276 560 351 τέιρ
574 273 667 352 τρόπῳ
680 272 841 349 περήσομεν
850 271 882 342 ;”

81 362 229 439 ἀμείβεται
248 366 365 439 Δαρεῖος
382 361 487 420 τοῖσδε·
511 369 526 397 “
535 361 649 436 Ὀτάνη,
668 361 686 436 ἦ
704 360 802 419 πολλά
821 365 882 420 ε’στι

81 451 117 508 τοὶ
135 451 211 531 λόγῳ
224 453 276 526 μὲν
290 450 339 509 ούκ
359 449 404 509 οἷό
422 475 453 509 τε
471 450 606 524 δηλῶσαι,
623 453 691 530 ἔργῳ
705 448 744 507 δέ·
766 447 882 508 ἀλλαδ

83 539 145 597 ἐστὶ
160 538 197 598 τοὶ
214 538 290 618 λόγῳ
305 541 357 614 μὲν
375 537 420 596 οἶά
437 563 476 608 τε,
491 540 572 618 ἔργον
590 538 618 596 δὲ
638 537 716 596 οὐδὲν
734 535 780 595 ἀπ’
794 536 883 596 αὐτῶν

81 626 212 703 λαμπρόν
224 627 340 706 γίνεται·
361 624 439 701 ύμεῖς
455 626 485 684 δὲ
501 626 564 684 ἴστε
578 623 707 701 φυλακάς
719 624 770 687 τοὶς
784 650 882 684 κατεσ-

80 714 188 777 τειύσας
204 713 304 776 ἐούσας
321 713 400 772 οὐδὲν
412 713 539 792 χαλεπάς
554 714 714 790 παρελθεῖν·
735 717 818 772 τοῦτο
830 716 883 789 μὲν

80 801 145 882 γάρ,
159 802 251 879 ήμέων
265 801 365 861 ἐόντων
377 802 497 872 τοιῶνδε,
512 800 600 864 οὐδεὶς
613 801 691 864 ὅστις
704 800 737 860 ού
750 799 880 877 παρήσει,

80 889 117 949 τά
132 889 185 966 μέν
198 916 247 949 κου
266 889 476 966 καταιδεόμενος
493 889 580 966 ἡμέας
595 890 631 948 τιὶ
650 889 680 948 δέ
700 916 749 949 κου
767 889 813 948 καὶ
830 889 881 947 δει-

80 979 194 1053 μαίνων·
215 982 298 1037 τοῦτο
315 978 352 1046 δὲ,
368 979 421 1056 ἔχω
438 977 521 1040 αύτός
537 983 643 1055 σκῆψιν
658 976 882 1055 εὐπρεπεστάτην

80 1069 116 1143 τῇ
129 1066 257 1144 πάριμεν,
272 1065 329 1142 φάς
344 1063 407 1141 άρτι
421 1091 453 1124 τε
465 1065 542 1140 ήκειν
556 1071 586 1124 ἐκ
602 1065 735 1142 Περσέων
749 1066 795 1123 καὶ
812 1065 881 1140 βού·

81 1155 187 1213 λεσθαί
194 1179 223 1212 τι
234 1155 299 1216 ἔπος
309 1151 385 1230 παρά
395 1157 446 1212 τοῦ
457 1153 562 1230 πατρός
572 1158 697 1231 σημῆναι
704 1157 742 1231 τῷ
752 1152 880 1228 βασιλέϊ·

82 1242 148 1301 ἔνθα
160 1242 214 1322 γάρ
224 1268 253 1301 τι
266 1242 308 1300 δεῖ
320 1241 421 1318 ψεῦδος
435 1240 579 1320 λέγεσθαι,
591 1240 727 1320 λεγέσθω.
757 1240 818 1319 (τοῦ
826 1240 881 1320 γάρ

82 1328 167 1388 αὐτοῦ
179 1329 346 1410 γλιχόμεθα,
359 1330 428 1387 οἵτε
438 1328 601 1406 ψευδόμενοι
615 1330 661 1386 καὶ
675 1331 701 1386 οἶ
713 1332 749 1407 τῇ
760 1327 882 1406 α’ληθηΐη

82 1417 288 1495 διαχρεόμενοι·
317 1420 343 1475 οἱ
363 1416 415 1492 μέν
435 1441 468 1497 γε
488 1416 635 1493 ψεύδονται
657 1416 729 1488 τότε,
752 1414 834 1474 ἐπεάν
853 1442 882 1475 τι

82 1504 212 1580 μέλλωσι
225 1508 301 1564 τοῖσι
314 1504 429 1582 ψεύδεσι
442 1505 587 1566 πείσαντες
602 1504 797 1580 κερδήσεσθαι·
819 1507 845 1561 οἱ
858 1503 881 1562 δ’

83 1592 269 1667 ἀληθίζονται,
285 1593 330 1651 ἵνα
341 1618 370 1651 τι
381 1596 417 1671 τῇ
428 1592 550 1670 ἀληθηίη
561 1592 773 1651 ἐπισπάσωνται
787 1589 881 1668 κέρδος

84 1682 133 1739 καί
152 1707 180 1740 τι
202 1681 316 1757 μᾶλλόν
339 1687 396 1756 σφι
423 1681 616 1757 ἐπιτράπηται·
645 1679 714 1739 οὕτω
739 1679 771 1738 ού
794 1679 883 1739 ταύτά

84 1768 231 1832 ἀσκέοντες
244 1769 348 1828 τώυτοῦ
364 1767 560 1847 περιεχόμεθα.
596 1769 666 1827 εἰδὲ
685 1768 771 1844 μηδὲν
788 1767 882 1843 κερδή·

84 1858 188 1916 σεσθαι
200 1857 341 1933 μέλλοιεν,
350 1856 450 1933 ὁμοίως
463 1855 497 1915 ἂν
507 1855 563 1916 ὅτε
574 1855 772 1932 ἀληθιζόμενος
782 1855 884 1932 ψευδής

85 1946 189 2020 εἴηκαὶ
208 1945 224 2004 ὁ
242 1944 409 2022 ψευδόμενος
427 1943 555 2025 ἀληθής.)
590 1945 620 2008 ὃς
641 1944 674 2004 ἂν
691 1945 744 2020 μέν
762 1971 810 2004 νυν
829 1949 884 2003 τῶν

84 2037 231 2110 πυλουρῶν
253 2032 320 2091 ἕκών
341 2034 436 2111 παρίῃ,
459 2033 531 2111 αὐτῷ
551 2035 578 2090 οἱ
600 2033 712 2109 ἄμεινον
734 2038 762 2095 ἐς
781 2033 884 2112 χρόνον

86 2121 174 2179 ἔσται·
196 2120 227 2183 ὃς
247 2119 269 2179 δ’
286 2118 319 2179 ἀν
340 2121 509 2196 ἀντιβαίνειν
528 2126 664 2196 πειρᾶται,
686 2121 884 2180 διαδεικνύσθω

86 2209 204 2267 ἐνθαῦτα
228 2208 278 2267 εἰδν
300 2207 445 2284 πολέμιος·
472 2208 519 2266 καὶ
545 2209 638 2266 ἔπειτα
663 2208 802 2284 ὠσάμενοι
829 2210 884 2267 έσω

86 2298 168 2377 ἔργον
182 2296 334 2375 ε’χάμεθα,”

126 2384 210 2465 Λέγει
227 2383 361 2460 Γωβρύης
376 2383 447 2460 μετά
462 2388 557 2443 ταῦτα·
579 2382 700 2458 “άνδρες
715 2385 804 2458 φίλοι,
818 2383 882 2460 ἡμῖν
892 2383 931 2440 ’13

88 2471 151 2532 κότε
165 2473 282 2531 κάλλιον
295 2471 409 2547 παρέξει
425 2471 630 2530 ἀνασώσασθαι
643 2472 695 2544 τήν
708 2470 807 2549 ἀρχὴν,
820 2466 847 2545 ή,
862 2472 879 2528 ε’

86 2586 120 2640 γε
129 2559 169 2636 μή
181 2560 275 2619 οἷοίτε
286 2559 409 2635 ἐσόμεθα
420 2558 505 2633 αὐτήν
515 2558 693 2634 ἀναλαβέειν,
704 2557 885 2626 ἀποθανέεινι

87 2647 135 2707 ὅτε
150 2673 184 2728 γε
201 2647 345 2726 ἀρχόμεθα
358 2650 409 2723 μὲν
424 2645 512 2709 ε’όντες
528 2646 639 2722 Πέρσαι
656 2645 710 2704 ύπδ
724 2646 824 2720 Μήδου
840 2645 886 2704 α’ν·

88 2735 152 2812 δρός
168 2736 280 2816 Μάγου,
298 2735 344 2793 καὶ
363 2734 463 2793 τούτου
483 2734 540 2793 ὦτα
561 2733 610 2792 ούκ
632 2736 752 2811 ἔχοντος·
773 2733 838 2793 ὅσοι
856 2758 886 2792 τε

87 2823 177 2899 ὑμέων
194 2822 342 2901 Καμβύσῃ
358 2821 486 2882 νοσέοντι
504 2821 698 2901 παρεγένοντο,
712 2820 820 2884 πάντως
838 2847 887 2880 κου

87 2912 233 2989 μέμνησθε
246 2912 282 2969 τοὶ
295 2910 439 2987 ἐπέσκηψε
456 2909 590 2987 Πέρσῃσι
606 2914 742 2970 τελευτῶν
755 2909 804 2970 τόν
821 2910 888 2986 βίον

87 2999 128 3077 μή
149 2996 360 3076 πειρεωμένοισι
381 2998 556 3056 ἀνακτᾶσθαι
574 2997 627 3072 τήν
647 2997 745 3074 ἀρχήν·
769 2996 805 3056 τοὶ
824 2996 886 3056 τότε

87 3088 138 3147 οὐκ
157 3086 345 3162 ἐνεδεκόμεθα,
360 3085 425 3145 ἀλλ’
440 3086 486 3144 ε’πὶ
504 3085 626 3164 διαβολῇ
641 3086 785 3162 ἐδοκέομεν
804 3089 892 3142 εἰπεῖν

88 3175 262 3252 Καμβύσεα.
285 3178 333 3235 νῦν
342 3173 378 3236 ὦν
386 3176 615 3256 τίθεμαιψῆῴον
626 3175 789 3234 πείθεσδαι
798 3168 941 3264 &QX

77 3265 126 3322 καί
136 3263 184 3339 μή
196 3263 370 3327 διαλύεσθαι
383 3271 418 3328 ἐκ
434 3271 488 3330 τοῦ
509 3264 671 3343 συλλόγου
685 3259 755 3324 <M
769 3257 882 3318 ἰόντας
896 3251 952 3299 '2¹⁸⁸
