2040 3464
160 115 206 159 που
268 148 270 155 ,
460 115 642 162 υτοΔοτου
893 113 955 175 [1v.

158 190 275 249 πεύουσι
288 193 352 253 τούς
365 189 399 250 ἂν
412 190 494 253 αύτός
507 191 523 249 ὁ
541 189 680 266 βασιλεύς
694 189 822 270 κελεύσῃ,
838 191 955 273 οἶργυριόη

158 303 235 352 νητοι
256 276 294 335 δέ
305 277 354 336 οὔκ
373 279 430 337 εἰσί
445 285 501 353 σφι
520 277 707 357 θεράποντες)
730 279 834 338 τούτων
852 278 889 339 ὧν
905 283 958 338 τῶν

160 364 290 438 διηκόνων
311 365 393 424 ἐπεάν
411 364 584 434 α’ποπνίξωσι
600 364 780 440 πεντήκοντα,
796 367 843 424 καὶ
860 367 958 430 ἵππους

158 452 222 514 τούς
245 452 480 515 καλλιστεύοντας
503 451 683 527 πεντήκοντα,
707 453 848 521 ἐξελόντες
871 453 958 514 αὐτῶν

158 537 210 614 τήν
228 540 336 616 κοιλίην
350 540 395 597 καὶ
414 539 589 618 καθήραντες,
603 543 763 615 ἐμπιπλᾶσι
779 540 897 619 ἀχύρων,
914 542 957 599 καὶ

159 626 364 703 συρράπτουσι·
385 626 485 704 ἁψῖδος
505 627 534 685 δὲ
554 626 643 702 ἥμισυ
663 627 709 684 ἐπὶ
729 626 778 686 δύο
799 629 871 696 ξύλα
891 629 958 702 στή-

160 740 260 776 σαντες
278 714 383 788 ὕπτιον,
399 715 444 772 καὶ
462 715 494 773 τό
515 715 608 789 ἕτερον
622 713 712 789 ἥμισυ
729 719 780 789 τῆς
796 714 897 790 ἁψῖδος
916 717 957 775 ἐπ’

160 802 239 881 ἔτερα
247 802 304 871 δύο,
315 802 520 876 καταπήξαντες
529 801 624 880 τρόπῳ
632 803 748 880 τοιούτῳ
759 802 857 861 πολλοὶ
864 807 958 872 ταῦτα,

161 891 254 947 ἔπειτα
273 894 328 948 τῶν
349 890 439 948 ἵππων
459 889 530 948 κατά
549 888 585 948 τά
604 888 696 965 μήκεα
712 889 785 958 ξύλα
801 891 895 968 παχέα
908 891 959 950 διε·

159 976 298 1038 λύσαντες
310 971 394 1054 μέχρι
407 983 461 1036 τῶν
474 976 630 1054 τραχήλων,
641 976 851 1052 α’ναβιβάζουσι
862 977 959 1041 αύτούς

161 1065 206 1122 ε’πὶ
219 1064 268 1126 τάς
282 1063 391 1140 οἷψῖδας·
412 1069 466 1123 τῶν
479 1065 517 1132 δὲ,
532 1067 561 1121 αἱ
573 1066 625 1139 μὲν
638 1063 773 1140 πρότεραι
785 1063 883 1142 ἁψῖδες
895 1065 959 1124 ύπέ-

159 1178 244 1231 χουσι
257 1151 321 1213 τούς
336 1151 424 1227 ὤμους
436 1156 490 1211 τόν
505 1153 602 1223 ἵππων,
612 1155 641 1209 αἶ
655 1151 684 1208 δὲ
698 1151 800 1211 ὄπισθε
810 1153 888 1228 παρὰ
897 1153 960 1215 τούς

159 1239 265 1316 μηρούς
288 1241 338 1302 τοῖς
362 1241 502 1319 γαστέρας
524 1239 772 1314 ὑπολαμβάνουσι·
801 1242 907 1299 σκέλεα
931 1241 959 1299 δὲ

160 1327 308 1405 ἀμφότερα
329 1329 533 1404 κατακρέμαται
552 1328 685 1402 μετέωρα·
708 1327 843 1405 χαλινούς
862 1328 893 1386 δὲ
915 1330 959 1387 καὶ

161 1417 266 1492 στόμια
282 1416 456 1492 ἐμβαλόντες
472 1421 500 1478 ἐς
516 1415 581 1478 τούς
597 1415 704 1482 ἵππους,
721 1416 915 1482 κατατείνουσι
934 1423 960 1480 ἐς

159 1504 192 1563 τό
211 1503 336 1581 πρόσθεν
354 1504 450 1572 αὐτῶν,
465 1504 511 1561 καὶ
530 1504 623 1561 ἔπειτα
640 1507 669 1560 ἔκ
683 1503 843 1562 πασσάλων
856 1503 959 1568 δέουσι.

159 1596 214 1650 τῶν
227 1592 256 1649 δὲ
270 1591 303 1666 δή
316 1592 465 1667 νεηνίσκων
476 1596 531 1650 τῶν
541 1590 787 1669 ἀποπεπνιγμένων
797 1594 853 1650 τῶν
863 1591 961 1666 πεντή-

161 1704 244 1737 κοντα
258 1679 305 1737 ἕνα
318 1679 436 1739 ἕκαστον
449 1677 659 1753 ἀναβιβάζουσι
673 1679 718 1734 ἐπὶ
733 1677 784 1736 τόν
800 1676 895 1751 ἵππον,
911 1677 961 1738 ὧδε

161 1766 391 1842 ἀναβιβάζοντες·
426 1765 509 1825 ἐπεάν
535 1769 632 1841 νεκροῦ
660 1763 779 1823 ἑκάστου
805 1766 885 1841 παρά
911 1766 961 1841 τήν

162 1852 283 1911 ἄκανθαν
294 1854 378 1922 ξύλον
389 1853 472 1929 ὀρθόν
483 1852 636 1912 διελάσωσι
649 1851 733 1929 μέχρι
742 1854 792 1910 τοῦ
805 1853 960 1930 τραχήλου,

163 1940 283 1999 κάτωθεν
300 1941 329 1999 δὲ
347 1941 474 2019 ύπερέχει
491 1945 541 2000 τοῦ
559 1940 644 2009 ξύλου
657 1939 756 1998 τούτου
769 1937 802 1997 τό
817 1945 844 2002 ές
857 1941 961 2018 τόρμον

161 2028 319 2107 πηγνύουσι
332 2032 381 2086 τοῦ
396 2031 489 2103 ἑτέρου
503 2028 588 2096 ξύλου
600 2031 649 2086 τοί
664 2025 708 2084 διαὶ
720 2029 770 2084 τοῦ
785 2027 883 2085 ἵππου·
905 2035 962 2088 ε’πι·4

162 2115 317 2189 στήσαντες
344 2115 373 2173 δὲ
400 2115 491 2193 κύκλῳ
515 2114 550 2175 τό
576 2119 657 2190 σῆμα
685 2113 783 2176 ἱππέας
809 2115 961 2188 τοιούτους,

161 2202 358 2263 ἀπελαύνουσι.

114 2293 151 2352 73
203 2289 282 2349 Ούτω
292 2294 343 2367 μὲν
353 2290 416 2353 τούς
426 2293 571 2366 βασιλῆας
582 2289 731 2350 θάπτουσι·
742 2288 809 2352 τούς
818 2289 848 2348 δὲ
857 2289 963 2354 ἄλλους

163 2378 277 2451 Σκύθας,
294 2378 376 2438 ἐπεάν
394 2379 563 2449 ἀποθάνωσι,
582 2377 748 2457 περιάγουσι
766 2379 794 2435 οἶ
814 2376 963 2457 ἀγχοτάτω

161 2467 351 2543 προσήκοντες
361 2466 432 2545 κατάι
442 2466 506 2529 τούς
520 2467 620 2541 φίλους
631 2471 660 2524 έν
672 2464 799 2543 ἁμάξῃσι
811 2468 963 2540 κειμένους

159 2560 214 2614 τῶν
227 2554 256 2612 δὲ
270 2555 387 2616 ἕκαστος
397 2553 599 2629 ὑποδεκόμενος
609 2552 717 2630 εύωχέει
726 2551 791 2613 τούς
802 2555 962 2629 ἑπομένους,

162 2643 255 2720 καὶτῷ
265 2646 349 2719 νεκρῷ
359 2641 468 2700 πάντων
477 2642 624 2718 παρατιθεῖ
632 2645 687 2698 τῶν
695 2640 740 2697 καὶ
748 2642 825 2698 τοῖσι
833 2639 963 2702 ἄλλοισι·

161 2729 265 2805 ἡμέρας
276 2730 305 2788 δὲ
317 2729 526 2805 τεσσεράκοντα
538 2727 608 2786 οὕτω
621 2730 648 2785 οἱ
659 2726 762 2785 ἰδιῶται
772 2727 963 2808 περιάγονται,

164 2821 258 2877 ἔπειτα
277 2817 436 2876 θάπτονται·
459 2817 596 2893 θάψαντες
609 2816 638 2873 δὲ
656 2818 682 2872 οἱ
696 2814 802 2877 Σκύθαι
815 2817 963 2893 καθαίρον·

122 2897 123 2900 Ἴ
161 2930 208 2962 ται
223 2903 316 2981 τρόπῳ
335 2905 438 2981 τοιῷδε·
460 2903 638 2980 σμησάμενοι
653 2901 703 2963 τάς
717 2901 847 2976 κεφαλάς
860 2906 909 2962 καὶ
924 2910 964 2964 ἐκ·

162 2992 341 3066 πλυνόμενοι,
355 2996 466 3050 ποιεῦσι
479 2993 544 3066 περὶ
557 2990 590 3048 τό
604 2994 687 3064 σῶμα
700 2989 774 3047 τάδε·
790 2989 876 3050 ε’πεόν
893 2992 964 3061 ξύλα

152 3079 290 3155 στήσωσι
319 3079 385 3160 τρία
409 3083 436 3145 ές
462 3077 577 3153 ἄλληλα
603 3076 759 3151 κεκλιμένα,
781 3077 849 3152 περὶ
875 3084 964 3139 ταῦτα

80 3170 105 3247 ι
142 3169 256 3235 πίλους
274 3171 413 3250 εἰρινέους
432 3168 630 3249 περιτείνουσι·
652 3161 865 3237 συμδρρόὶαυτες
881 3165 916 3234 δῖ
930 3165 964 3230 οἷς

136 3255 287 3336 uastam,
304 3262 414 3328 λίθους
435 3265 467 3323 ἐκ
484 3257 579 3337 πυρὸς
594 3250 751 3329 διαῴανέυἳ
762 3247 988 3319 {uspmmstx
