2040 3464
109 101 248 159 ιιι-ιιι]
455 100 565 148 mm,
876 103 906 148 ω

107 178 159 254 μέν
178 203 227 237 νυν
246 175 332 237 ἄλλοι
351 178 448 240 παῖδες
466 178 502 237 τά
523 176 732 253 ἐπιτασσόμενα
752 177 906 248 ἐπετέλεον,

107 262 187 328 οὗτος
204 266 233 325 δὲ
251 263 421 340 ἀνηκούστεέ
437 292 468 324 τε
486 266 532 324 καὶ
550 265 637 345 λόγον
654 264 711 342 εἶχε
728 263 833 334 οῦδένα,
848 269 875 326 ἐς
890 263 907 325 ὃ

106 353 196 428 ἔλαβε
216 352 269 429 την
289 354 376 430 δίκην·
398 358 422 412 εἰ
442 351 478 413 ὧν
499 353 533 429 δη
554 353 636 413 τοῦδε
656 353 745 412 εἵνεκα
764 351 840 422 ἄξιός
860 379 907 412 τευ

106 443 192 499 κακοῦ
209 441 273 518 εἰμὶ,
287 440 334 499 ὅδε
348 467 393 500 τοι
407 441 547 518 πόρειμι.”
580 444 675 499 Ταῦτα
691 442 822 521 λέγοντος
837 445 887 500 τοῦ
897 443 952 501 116

105 527 213 597 παιδός,
231 527 280 587 τόν
296 528 455 609 Ἀστυάγεα
474 529 553 607 ἐσῄει
571 527 725 608 ἀνάγνωσις
745 527 839 587 αῦτοῦ·
861 530 910 588 καί

106 617 133 673 οἳ
141 614 160 674 ὅ
168 642 200 674 τε
212 617 357 694 χαρακτήρ
367 621 417 675 τοῦ
427 616 580 693 προσώπου
592 617 807 692 προσφέρεσθαι
817 615 907 675 ἐδόκεε

106 707 134 764 ἐς
150 704 250 764 ἑωυτόν
266 705 312 762 καὶ
327 703 346 779 ἡ
363 703 510 781 ῦπόκρισις
529 705 728 781 ἐλευθερωτέρη
745 702 824 762 εἶναι·
844 703 907 764 ὅτε

104 790 205 867 χρόνος
214 796 264 867 τῆς
277 793 403 855 ἐκθέσιος
415 797 450 870 τῇ
460 792 555 871 ἡλικίῃ
564 797 614 851 τοῦ
627 791 725 853 παιδός
736 791 826 851 ἐδόκεε
836 818 907 868 συμ-

104 881 223 954 βαίνειν.
258 881 406 960 ἐκπλαγεὶς
423 881 452 939 δὲ
470 879 603 950 τούτοισι,
621 881 667 939 ἐπὶ
681 878 783 958 χρόνον
799 877 907 962 ἄφθογ-

103 992 154 1046 γος
176 965 221 1043 ἦν·
248 967 331 1048 μόγις
351 969 381 1027 δὲ
403 967 437 1042 δή
458 995 521 1027 κοτε
542 967 708 1046 ἀνενειχθεὶς
730 968 797 1039 εἶπε,
819 970 908 1028 θέλων

105 1056 246 1133 ἐκπέμψαι
261 1055 311 1116 τόν
322 1055 519 1133 Ἀρτεμβάρεα
534 1057 578 1115 ἵνα
590 1056 639 1117 τόν
651 1056 793 1131 βουκόλον
805 1061 908 1133 μοῦνον

104 1144 204 1219 λαβιῦν
217 1146 375 1224 βασανίσῃ·
392 1156 409 1180 “
416 1145 616 1221 Ἀρτέμβαρες,
630 1144 684 1225 ἐγῶ
696 1149 784 1204 ταῦτα
796 1144 907 1220 ποιήσω

104 1229 178 1290 ὥστε
191 1236 226 1291 σὲ
239 1234 285 1291 καὶ
294 1232 343 1292 τόν
353 1232 440 1291 παῖδα
452 1232 501 1292 τόν
514 1233 567 1292 σόν
576 1232 662 1309 μηδὲν
673 1231 907 1308 ἐπιμέμφεσθαι.”

103 1318 154 1377 τόν
165 1322 217 1396 μὲν
231 1320 265 1396 δὴ
278 1320 475 1398 Ἀρτεμβάρεα
487 1321 600 1396 πέμπει·
621 1320 670 1378 τόν
683 1319 713 1377 δὲ
730 1325 825 1396 Κῦρον
837 1318 907 1400 ἦγον

104 1407 160 1465 έσω
170 1411 197 1466 οἷ
207 1407 382 1484 θεράποντες,
394 1408 577 1470 κελεύσαντος
587 1412 637 1467 τοῦ
646 1406 826 1487 Ἀστυάγεος.
847 1408 907 1466 ἐπεὶ

103 1493 134 1553 δὲ
153 1494 339 1555 ῦπελέλειπτο
359 1496 375 1556 6
393 1496 534 1573 βουκόλος
552 1500 662 1571 μοῦνος,
679 1496 853 1571 μουνωθέντα
872 1495 905 1571 δὴ

103 1582 188 1642 αῦτόν
199 1585 286 1660 εἴρετο
299 1584 315 1644 6
328 1583 495 1664 Ἀστυάγης,
507 1583 588 1643 κόθεν
600 1582 690 1659 λάβοι
702 1583 752 1642 τόν
761 1583 847 1641 παῖδα
860 1584 906 1642 καὶ

102 1672 144 1734 τίς
157 1672 199 1747 εἴη
213 1672 229 1732 ό
242 1672 399 1749 παραδοῦς;
421 1672 437 1731 6
451 1673 480 1730 δὲ
494 1672 525 1741 ἐξ
538 1675 637 1730 ἑωυτοῦ
650 1697 681 1730 τε
695 1672 749 1746 ἔφη
762 1673 905 1751 γεγονέναι

102 1760 149 1818 καὶ
161 1760 212 1835 την
224 1765 362 1819 τεκοῦσαν
375 1759 459 1818 αῦτόν
473 1761 512 1818 ἔτι
526 1759 596 1818 εἶναι
608 1757 672 1836 παρ’
687 1762 783 1837 ἑωυτῷ·
804 1758 904 1818 Ἀστυ-

102 1845 172 1926 άγης
185 1848 216 1906 δέ
229 1873 278 1924 μιν
290 1847 340 1906 οῦκ
358 1848 387 1906 εῦ
400 1847 592 1923 βουλεύεσθαι
610 1849 664 1922 ἔφη
678 1847 861 1922 ἐπιθυμέοντα
878 1852 905 1910 ἐς

101 1933 223 2015 ἀνάγκας
235 1935 361 2016 μεγάλας
378 1935 568 1994 ἀπικνέεσθαι·
590 1935 648 2011 ἅμα
664 1961 694 1994 τε
708 1936 798 2014 λέγων
815 1939 903 1994 ταῦτα

102 2022 236 2099 ἐσήμαινε
252 2028 329 2083 τοῖσι
347 2024 530 2100 δορυφόροισι
548 2022 707 2099 λαμβάνειν
725 2021 817 2081 αὐτόν·
839 2022 854 2082 6
875 2023 905 2082 δὲ

101 2109 236 2190 ἀγόμενος
252 2117 280 2174 ἐς
298 2111 348 2174 τάς
366 2111 495 2192 ἀνάγκας,
509 2110 580 2170 οῦτω
599 2109 632 2184 δη
647 2111 742 2185 ἔφαινε
758 2109 807 2169 τόν
823 2111 904 2170 ἐόντα

100 2197 196 2279 λόγον,
213 2199 367 2277 ἀρχόμενος
387 2200 417 2258 δὲ
437 2198 484 2258 ἀπ’
498 2199 587 2276 ἀρχῆς
608 2197 709 2277 διεξῄει
728 2202 763 2276 τῇ
781 2197 903 2278 ἀληθηίη

99 2286 261 2363 χρεώμενος,
276 2288 323 2345 καὶ
336 2289 484 2364 κατέβαινε
498 2292 525 2349 ἐς
538 2285 618 2348 λιτάς
630 2311 661 2345 τε
675 2286 721 2344 καὶ
735 2285 903 2367 συγγνώμην

100 2377 188 2452 ἑωυτῷ
202 2374 320 2434 κελεύων
335 2377 407 2454 ἔχειν
420 2374 512 2434 αὐτόν.

139 2461 298 2545 Ἀστυάγης
316 2464 354 2534 δὲ,
372 2468 423 2523 τοῦ
442 2466 494 2538 μὲν
512 2460 656 2539 βουκόλου
673 2461 725 2537 τὴν
743 2460 881 2538 ἀληθηίην
892 2463 945 2522 117

99 2551 279 2630 ε’κφῄναντος,
287 2551 375 2632 λόγον
383 2551 436 2628 ἤδη
447 2550 494 2609 καὶ
504 2550 619 2610 ἐλάσσω
628 2550 761 2609 ἐποιέετο·
769 2549 901 2630 Ἀρπάγῳ

98 2638 128 2696 δὲ
152 2640 198 2698 καὶ
224 2639 353 2719 μεγάλως
377 2638 566 2716 μεμφόμενος,
591 2639 701 2697 καλέειν
727 2637 811 2696 αῦτὸν
837 2637 901 2700 τοῦς

98 2726 271 2804 δορυφόρους
292 2730 410 2787 ἐκέλευε.
452 2727 488 2791 (ῦς
509 2728 540 2787 δέ
559 2730 587 2786 οἱ
605 2732 698 2803 παρῆν
717 2725 900 2806 όᾳΑρπαγος,

97 2816 186 2892 εἴρετό
198 2842 247 2893 μιν
260 2816 275 2875 6
288 2816 456 2898 Ἀστυάγης·
474 2815 633 2895 “”Αρπαγε,
647 2816 699 2894 τέῳ
714 2814 747 2890 δη
760 2814 838 2893 μόρῳ
850 2812 900 2873 τόν
919 2816 922 2823 ’

97 2906 184 2964 παῖδα
205 2905 383 2984 κατεχρήσαο
405 2904 455 2965 τόν
476 2931 521 2964 τοι
542 2905 689 2981 παρέδωκα
712 2908 742 2961 ἐκ
764 2902 900 2982 θυγατρός

96 2993 232 3073 γεγονότα
244 2998 295 3069 τῆς
308 2998 376 3069 ἐμῆς
385 2991 409 3061 ;”
426 2992 442 3051 6
456 2993 486 3051 δὲ
493 2992 639 3072 Ἀρπαγος
653 2991 688 3054 (ῦς
702 2992 756 3051 εἶδε
768 2990 818 3049 τόν
830 2992 899 3074 βου-

96 3081 182 3141 κόλον
195 3081 272 3141 ἔνδον
285 3080 373 3151 ἐόντα,
391 3079 423 3139 οῦ
439 3081 570 3157 τρέπεται
587 3081 633 3138 ἐπὶ
649 3079 751 3156 ψευδέα
767 3077 840 3149 ὁδόν,
855 3079 899 3138 ἶνα

93 3168 135 3245 μη
161 3168 346 3249 ἐλεγχόμενος
366 3167 529 3247 ἁλίσκηται·
555 3166 637 3230 ἀλλὰ
656 3167 742 3250 λέγει
760 3165 837 3226 τάδε·
860 3164 918 3220 “³2

85 3257 220 3326 Βασιλεῦ,
240 3257 306 3317 ἐπεί
318 3284 353 3320 τε
370 3261 550 3339 παρέλαβον
570 3258 606 3322 τὸ
625 3256 758 3327 παιδίον,
773 3250 942 3329 ἐφώλευον
