2040 3464
109 104 247 173 117-120]
432 111 595 160 ΕΥΤΕΡΠΠ.
854 112 904 160 163

74 194 82 203 ’
106 184 236 260 Πρωτεὺς
249 185 265 244 ό
279 186 432 267 Αἰγύπτιος
443 189 582 263 βασιλεῦς
597 190 663 268 ἔχει·
682 192 709 249 οἶ
722 189 753 248 δέ
764 187 906 264 Ἕλληνες

105 275 318 352 καταγελᾶσθαι
335 276 475 338 δοκέοντες
493 276 538 335 ὑπ’
552 276 650 344 αὐτῶν,
668 275 737 336 οὕτω
755 276 789 352 δὴ
808 281 903 336 ἐπολι·
956 271 960 278 ’

104 356 202 434 όρκεον
213 365 241 423 ἐς
254 360 271 420 δ
284 363 399 431 ἐξεῖλον·
415 367 512 422 ἑλοῦσι
525 364 555 422 δὲ
567 364 600 423 τό
609 368 702 443 τεῖχος
716 364 751 427 ὦς
764 364 813 424 οὐκ
824 365 902 440 ἐφαί-

104 447 202 522 νετοη“
221 448 330 525 Ἑλένη,
345 449 422 508 ἀλλά
440 452 490 510 τόν
511 451 596 510 αὐτόν
616 452 704 531 λόγον
722 456 760 530 τῷ
777 453 902 532 προτέρῳ

104 534 299 606 ἐπυνθάνοντο,
323 536 393 596 οὕτω
420 538 455 612 δη
478 538 679 601 πιστεύσαντες
703 542 742 617 τῷ
764 538 841 620 λόγῳ
863 544 903 619 τῷ

103 621 202 701 πρώτῳ
221 627 248 683 οἱ
262 624 402 700 Ἕλληνες
419 625 503 685 αὐτόν
521 628 670 686 Μενέλεων
688 625 902 687 ἀποστέλλουσι

104 711 180 783 παρὰ
192 713 325 788 Πρωτέα.
358 713 540 789 Ἀπικόμενος
554 714 583 772 δὲ
599 713 614 773 ὁ
630 715 776 776 Μενέλεως
790 719 816 777 ἐς
828 715 879 791 τήν
890 715 946 778 119

103 796 246 876 Αἴγυπτον
260 801 306 858 καὶ
322 799 493 864 ἀναπλώσας
507 806 534 864 ἐς
548 801 601 876 την
614 802 742 878 Μέμφιν,
757 803 834 865 εἶπας
848 803 901 879 τὴν

103 882 241 962 ἀληθηίην
253 891 309 947 τῶν
321 888 500 969 πρηγμάτων,
515 890 561 947 καὶ
577 890 682 958 ξεινίων
694 888 799 965 ἤντησε
814 889 900 971 μεγά-

101 974 159 1033 λων
180 977 226 1033 καὶ
244 975 361 1052 Ἑλένην
378 977 488 1049 ἀπαθέα
508 981 597 1037 καττῶν
615 976 754 1053 ἀπέλαβε,
770 978 841 1054 πρός
860 979 898 1048 δέ,

103 1061 148 1118 καὶ
158 1061 193 1121 τά
205 1067 303 1123 ἑωυτοῦ
313 1063 445 1142 χρήματα
455 1064 555 1124 πάντα.
583 1065 674 1144 τυχών
684 1067 779 1141 μέντοι
786 1066 899 1138 τούτων,

102 1149 211 1229 ἐγένετο
229 1154 375 1216 Μενέλεως
392 1152 462 1230 ἀνήρ
476 1153 569 1215 ἄδικος
588 1159 615 1215 ἐς
632 1155 809 1233 Αἰγυπτίους·
830 1155 899 1213 ἀπο-

100 1238 198 1297 πλέειν
213 1239 268 1320 γάρ
282 1239 444 1318 (ὁρμημένον
460 1240 545 1300 αὐτόν
560 1242 644 1319 ἴσχον
657 1240 783 1299 ἄπλοιαι·
805 1243 898 1320 ἐπειδὴ

103 1323 130 1382 δὲ
143 1330 226 1386 τοῦτο
240 1327 286 1386 ἐπὶ
298 1328 410 1388 πολλόν
419 1332 529 1388 τοιοῦτο
539 1328 582 1404 ἦν,
594 1333 769 1406 ἐπιτεχνᾶται
782 1334 898 1411 πρῆγμα

100 1411 151 1472 οὔκ
164 1413 254 1475 ὅσιον·
269 1417 433 1498 λαβῶνγάρ
447 1416 496 1476 δύο
509 1417 606 1475 παιδία
619 1416 723 1492 ἀνδρῶν
737 1419 897 1496 ἐπιχωρίων,

100 1501 204 1579 ἔντομά
215 1511 295 1581 σφεα
310 1506 435 1581 ἐποίησε·
456 1505 528 1580 μετὰ
542 1506 579 1574 δὲ,
595 1504 629 1567 ὦς
643 1504 776 1567 ἐπόῖστος
789 1506 898 1586 ἐγένετο
932 1562 934 1568 ,

99 1594 182 1649 τοῦτο
193 1594 372 1672 ἐργασμένος,
383 1594 512 1668 μισηθείς
525 1619 556 1652 τε
566 1593 612 1651 καὶ
622 1591 792 1669 διωκόμενος,
804 1594 897 1672 οἴχετο

99 1678 210 1758 φεύγων
222 1685 290 1758 τῇσι
306 1682 389 1756 νηυσὶ
405 1682 451 1740 ε’πὶ
464 1680 583 1757 Λιβύης·
603 1681 636 1740 τό
651 1681 775 1741 ἐνθεῦτεν
788 1682 818 1740 δὲ
830 1681 897 1742 ὅκου

99 1766 243 1844 ἐτράπετο,
261 1769 352 1828 οὐκέτι
369 1770 445 1848 εἶχον
464 1774 549 1828 εἰπεῖν
565 1768 723 1850 Αἰγύπτιοι·
744 1769 848 1830 τούτων
866 1771 896 1830 δέ

98 1855 134 1914 τά
156 1859 208 1930 μὲν
232 1859 374 1936 ἱστορίῃσι
395 1861 506 1933 ἔφασαν
528 1859 707 1929 ἐπίστασθαι,
726 1858 761 1917 τά
781 1858 811 1917 δὲ
830 1858 896 1937 παρ’

98 1945 226 2003 ἑωυτοῖσι
237 1946 373 2025 γενόμενα
386 1945 519 2022 ἀτρεκέως
532 1945 712 2023 ἐπιστάμενοι
726 1948 827 2027 λέγειν.

139 2037 233 2091 Ταῦτα
245 2035 297 2109 μὲν
307 2034 465 2113 Αἰγυπτίων
479 2037 505 2092 οἶ
520 2037 589 2111 ἱρέες
604 2036 710 2115 ἔλεγον·
728 2036 781 2115 ἐγώ
794 2037 824 2095 δέ
836 2040 875 2113 τῷ
885 2039 941 2098 120

96 2118 174 2201 λόγῳ
187 2125 225 2198 τῷ
239 2124 302 2199 περὶ
314 2121 430 2197 Ἑλένης
446 2123 575 2201 λεχθέντι
592 2124 637 2181 καὶ
651 2121 733 2185 αι’τδς
746 2125 893 2199 προστίθε-

97 2234 156 2283 μαι,
169 2209 235 2268 τάδε
251 2208 456 2290 ἐπιλεγόμενος·
478 2215 502 2268 εἰ
518 2210 551 2284 ἦν
568 2210 669 2286 Ἑλένη
684 2215 712 2269 ἐν
727 2210 811 2290 Ἰλίῳ,
825 2211 892 2271 α’πο-

97 2296 213 2372 δοθῆναι
231 2294 264 2356 ἂν
277 2297 365 2372 αὐτήν
377 2302 454 2357 τοῖσι
468 2297 604 2373 Ἕλλησι,
618 2297 681 2372 ἤτοι
701 2298 810 2362 ἑκόντος
826 2326 859 2380 γε
874 2298 893 2376 ἢ

96 2382 212 2448 ἀκοντος
224 2383 419 2462 Ἀλεξάνδρου·
439 2383 472 2444 οὔ
485 2386 539 2465 γάρ
553 2386 587 2461 δή
602 2385 671 2445 οὕτω
684 2412 717 2466 γε
731 2390 892 2463 φρενοβλα-

95 2472 152 2548 βὴς
165 2472 199 2548 ἦν
213 2472 229 2532 ὁ
244 2474 380 2550 Πρίαμος,
394 2473 457 2532 οὐδὲ
470 2477 496 2532 οἱ
510 2473 596 2531 ἄλλοι
608 2473 799 2550 προσήκοντες
811 2474 891 2554 αὐτῷ,

96 2558 169 2620 ὥστε
186 2564 263 2619 τοῖσι
284 2561 452 2638 σφετέροισι
473 2562 588 2635 σώμασι
609 2562 655 2618 καὶ
672 2566 749 2619 τοῖσι
769 2563 892 2622 τέκνοισι

96 2649 141 2708 καὶ
154 2652 189 2727 τῇ
198 2648 267 2707 πόλι
280 2648 442 2708 κινδυνεύειν
455 2649 617 2724 ἐβούλοντο,
628 2648 697 2710 όκως
709 2647 893 2725 Ἀλέξανδρος

93 2735 196 2815 Ἑλένη
217 2738 356 2816 συνοικέῃ·
381 2741 404 2795 εἶ
425 2737 456 2796 δέ
475 2763 520 2796 τοι
542 2737 587 2795 καὶ
609 2742 637 2796 ἐν
658 2740 735 2795 τοῖσι
755 2735 892 2812 πρότοισι

92 2824 224 2903 χρόνοισι
246 2830 334 2885 ταῦτα
358 2826 517 2907 ἐγίνωσκον,
542 2826 603 2884 ἐπεὶ
627 2825 734 2883 πολλοὶ
759 2827 811 2900 μὲν
836 2830 892 2885 τῶν

94 2913 189 2973 ἀλλων
216 2914 315 2993 Τριόων
342 2913 423 2974 ὁκότε
450 2915 639 2994 συμμίσγοιεν
664 2916 741 2972 τοῖσι
761 2912 890 2989 Ἕλλησι

93 3000 270 3072 ἀπώλλυντο,
285 3000 369 3061 αὐτοῦ
386 3003 416 3060 δὲ
434 3001 565 3078 Πριάμου
584 3000 634 3061 οὐκ
652 3001 713 3060 ἐστι
729 2999 777 3060 ότε
794 2999 827 3060 οὗ
840 3000 890 3061 δύο

93 3087 111 3165 ἢ
123 3093 198 3166 τρεῖς
209 3089 228 3166 ἢ
241 3091 288 3149 καὶ
302 3093 341 3149 ἔτι
357 3090 471 3152 πλείους
485 3094 541 3149 τῶν
556 3089 661 3148 παίδων
677 3088 770 3169 μάχης
778 3090 893 3170 γινομέ-

88 3202 138 3250 της
153 3176 341 3254 ἀπέθνησκον,
359 3177 398 3260 (εἰ
415 3177 473 3261 χρή
490 3205 520 3240 τι
537 3184 621 3242 τοῖσι
640 3182 812 3240 ἐποποιοῖσι
826 3174 921 3254 χρέο·

72 3286 163 3332 μενον
184 3264 303 3348 λέγειν,)
328 3267 438 3333 τούτων
466 3271 500 3334 δὲ
522 3271 669 3336 τοιούτων
696 3263 953 3347 συμβιινὸυτωνς
