2040 3464
99 116 139 172 ιο,
156 110 198 174 οι]
453 114 566 163 mm.
871 113 903 163 οι

98 192 162 266 νέης
179 189 220 252 ἐπ’
234 189 389 265 ἀλλήλοισι
406 192 592 251 ἐστασίασαν·
612 190 860 268 περιελαυνόμενος
872 189 903 249 δὲ

96 282 134 354 τῇ
144 277 247 338 στάσει
257 291 271 336 ό
284 279 459 358 Μεγακλέης,
471 278 682 356 ἐπεκηρυκεύετο
693 277 900 357 Πεισιστράτῳ,

98 370 122 423 εἰ
141 364 327 441 βούλοιτόοῖ
345 365 398 440 την
418 367 557 446 θυγατέρα
577 368 649 444 ἔχειν
665 370 783 447 γυναῖκα
802 366 848 425 ἐπὶ
862 369 900 444 τῇ

95 453 248 529 τυραννίδα
263 452 441 528 ἐνδεξαμένου
452 454 481 511 δὲ
491 453 540 512 τόν
550 452 638 534 λόγον
648 455 694 512 καὶ
704 452 899 534 ὁμολογήσαν-

96 565 146 603 τος
166 540 212 598 ε’πὶ
232 538 358 598 τούτοισι
374 540 592 616 Πεισιστράτου,
605 545 784 619 μηχανῶνται
799 541 833 615 δή
855 541 900 600 ἐπὶ

94 625 132 704 τῇ
153 626 259 707 κατόδῳ
278 631 396 706 πρῆγμα
420 627 613 703 εὐηθέστατον,
638 628 674 691 οἷς
695 628 749 708 ε’γιδ
773 619 899 705 ευρίσκω,

94 719 193 793 μακρῷ
206 714 268 774 ε’πεί
278 739 308 772 τε
321 712 456 792 ἀπεκρίθη
467 721 497 773 ἐκ
506 716 677 791 παλαιτέρου
686 720 736 775 τοῦ
745 715 899 792 βαρβάρου

96 802 188 865 ἔθνεος
200 801 233 861 τό
245 801 422 878 Ἑλληνικόν,
437 801 483 861 ε’όν
500 803 545 861 καὶ
558 804 716 881 δεξιώτερον
730 805 776 862 καὶ
789 803 899 880 εὖηθίης

94 887 208 962 ἠλιθίου
220 889 439 970 οἶπηλλαγμένον
450 895 573 965 μᾶλλον·
595 895 619 949 εἰ
633 893 678 949 καὶ
691 890 754 951 τότε
770 917 804 971 γε
819 889 896 951 οὗτοι

95 981 126 1034 ε’ν
151 975 343 1053 Ἀθηναίοισι,ι
359 980 436 1036 τοῖσι
460 977 597 1054 πρώτοισι
624 978 803 1059 λεγομένοισι
831 979 899 1038 εἶναι

94 1061 239 1138 Ἑλλήνων
258 1065 371 1140 σοφίην,
384 1069 563 1143 μηχανῶνται
579 1065 681 1124 τοιάδε.
723 1071 752 1125 ε’ν
768 1071 806 1145 τῷ
820 1066 898 1146 δόμῳ

94 1155 133 1228 τῷ
155 1152 285 1210 Παιανιέϊ
305 1151 340 1227 ἦν
359 1151 430 1233 γυνη
452 1157 488 1230 τῇ
510 1152 615 1229 οὕνομα
636 1153 671 1228 ἦν
691 1154 758 1228 Φόη,
774 1155 898 1234 μέγαθος

94 1235 152 1297 α’πό
166 1241 308 1318 τεσσέρων
320 1241 431 1318 πηχέων
442 1238 637 1299 ἀπολείπουσα
650 1244 723 1318 τρεῖς
736 1241 896 1310 δακτύλους,

94 1327 141 1383 καὶ
154 1325 248 1390 άλλως
261 1325 372 1402 εὐειδής·
393 1328 496 1402 ταύτην
508 1327 560 1402 την
576 1332 693 1408 γυναῖκα
711 1327 897 1392 σκευάσαντες

92 1416 244 1495 πανοπλίῃ,
267 1419 294 1477 ἐς
314 1413 390 1491 ἅρμα
411 1415 629 1490 ἐσβιβάσαντες,
649 1415 694 1472 καὶ
715 1415 896 1490 προδέξαντες

94 1508 195 1582 σχῆμα
221 1503 280 1562 οἷόν
304 1530 332 1563 τι
359 1503 460 1578 ἔμελλε
488 1501 711 1578 εὐπρεπέστατον
738 1503 893 1577 φανέεσθαι

93 1592 206 1669 ἔχουσα,
228 1590 349 1666 ἤλαυνον
370 1596 397 1654 ές
419 1590 452 1648 τό
477 1588 557 1659 όστυ,
578 1588 753 1666 προδρόμους
777 1589 896 1665 κη’ρυκας

92 1681 316 1756 προπέμψαντες,
341 1679 367 1738 οἳ
388 1678 424 1738 τά
448 1678 632 1753 ἐντεταλμένα
654 1677 788 1758 ἠγόρευον
811 1682 838 1740 ές
860 1679 894 1738 τό

92 1763 164 1825 άστυ
188 1765 358 1842 ἀπικόμενοι,
380 1767 509 1846 λέγοντες
532 1763 635 1824 τοιάδε·
678 1765 720 1823 “13
741 1764 893 1840 Ἀθηναῖοι,

91 1853 206 1913 δέκεσθε
222 1852 317 1934 ἀγαθῷ
333 1852 386 1932 νόῳ
399 1855 615 1930 Πεισίστρατον,
629 1853 678 1913 τόν
691 1852 760 1929 αὕτη
774 1853 792 1929 ἡ
805 1853 888 1929 Ἀθη-

91 1941 154 2017 ιάίη
174 1941 322 2017 τιμήσασα
341 1941 491 2018 α’νθριόπων
510 1939 646 2017 μάλιστα,
662 1941 774 2022 κατάγει
795 1947 822 2004 ές
840 1941 892 2016 την

91 2032 191 2104 ἔιιιυτῆς
208 2028 387 2106 α’κρόπολιν.”
430 2033 456 2087 οἱ
472 2032 523 2105 μὲν
540 2028 573 2102 δη
586 2033 674 2087 ταῦτα
687 2029 892 2104 διαφοιτέοντες

90 2117 197 2196 ἔλεγον·
219 2116 317 2176 αὐτίκα
335 2117 365 2175 δὲ
384 2118 410 2179 ές
427 2143 458 2176 τε
473 2116 537 2180 τους
556 2117 658 2193 δήμους
673 2116 755 2192 φάτις
768 2116 892 2187 άπίκετο,
925 2144 927 2148 ”

90 2199 127 2266 ὦς
150 2203 284 2280 Ἀθηναίη
308 2205 516 2281 Πεισίστρατον
538 2204 660 2284 κατάγει·
687 2206 732 2262 καὶ
756 2209 782 2263 οἱ
807 2210 835 2264 ἐν
855 2210 893 2283 τῷ

89 2289 172 2351 ἅστεῖ
190 2290 350 2367 πειθόμενοι
365 2290 417 2366 την
431 2294 548 2371 γυναῖκα
565 2291 634 2350 εἶναι
650 2290 737 2366 αὐτὴν
753 2291 804 2367 την
818 2291 890 2361 θεόν,

88 2378 280 2458 προσεύχοντό
290 2403 322 2438 τε
330 2376 382 2454 τήν
392 2376 536 2455 ἄνθρωπον
547 2380 593 2437 καὶ
603 2379 728 2438 ἐδέκοντο
736 2378 785 2439 τόν
793 2382 890 2439 ΠεισίΠ

90 2490 222 2543 στρατον.

129 2552 301 2630 Ἀπολαβιδν
317 2553 346 2612 δὲ
361 2553 413 2628 την
428 2555 576 2630 τυραννίδα
590 2554 684 2633 τρόπῳ
701 2559 739 2632 τῷ
758 2555 888 2634 εἰρημένῳ
899 2558 933 2616 fil

89 2639 105 2699 ό
119 2642 334 2718 Πεισίστρατος,
346 2639 414 2700 κατά
425 2641 477 2716 την
487 2641 642 2722 ὁμολογίην
652 2642 703 2717 τὴν
713 2641 783 2718 πρός
792 2649 888 2722 Μεγα-

89 2728 158 2786 κλέα
164 2729 315 2808 γενομένην
323 2730 422 2809 γαμέει
431 2733 481 2787 τοῦ
491 2729 672 2809 Μεγακλέους
681 2729 734 2804 την
743 2729 890 2808 θυγατέρα.

88 2816 134 2874 οἶα
147 2815 288 2876 δὲπαίδων
295 2817 327 2876 τέ
340 2819 366 2874 οἱ
378 2815 557 2895 ὑπαρχόντων
570 2816 702 2891 νεηνιέων,
715 2816 761 2874 καὶ
774 2818 890 2895 λεγομέ-

87 2904 140 2963 νων
151 2899 268 2984 έναγέων
279 2904 347 2962 εἶναι
356 2909 411 2963 τῶν
417 2904 662 2979 Ἀλκμαιωνιδέων,
675 2903 706 2961 οὕ
715 2902 890 2978 βουλόμενός

88 2993 115 3049 οἱ
126 2991 258 3071 γενέσθαι
269 2997 298 3049 ἐκ
307 2995 357 3066 τῆς
367 2990 505 3072 νεογάμου
513 2990 644 3071 γυναικός
656 2991 746 3058 τέκνα,
757 2989 890 3070 ἐμίσγετό

89 3081 116 3138 οἱ
126 3077 157 3138 οὔ
169 3079 239 3137 κατά
250 3079 344 3156 νόμον.
373 3079 408 3138 τοὶ
418 3081 634 3155 μέννυνπρῶτα
644 3078 760 3155 ἔκρυπτε
771 3078 897 3149 ταῦταοὶ
928 3086 933 3094 ”

87 3165 165 3245 γυνη·
182 3165 256 3245 μετά
269 3167 308 3241 δὲ,
324 3167 379 3229 εἴτε
393 3168 553 3250 ἱστορεόση
567 3167 626 3228 εἶτε
642 3167 692 3226 καλ
705 3163 751 3234 οἳ),
764 3162 929 3239 φοὲιῗιῦή

77 3255 179 3333 ὣνῐῆς
187 3259 291 3340 μητρί·
310 3259 386 3342 ηδέ,
402 3265 443 3346 τῷ
458 3260 557 3344 ἀνδρί.
591 3257 647 3321 τὸν
658 3257 698 3317 δῖ
706 3250 805 3313 δεινόν
818 3244 956 3312 um&
