2040 3464
87 101 224 167 157-161]
431 105 542 153 κκαια.
852 104 883 156 ιο

87 183 165 243 δόναι
176 181 309 258 Πακτύην
319 184 462 262 Πέρσῃσι·
484 184 554 261 πρός
566 189 654 244 ταῦτα
667 183 683 243 ό
695 182 885 260 Ἀριστόδικος

88 277 118 330 ἐκ
138 273 269 348 προνοίης
292 273 381 330 ἐποίεε
400 271 476 331 τάδε·
504 271 616 348 περιϊιδν
636 271 685 331 τόν
707 271 773 347 νηόν
794 271 885 350 κύκλῳ

420 360 427 381 λ
497 361 505 382 x
530 359 541 379 ’l

88 361 192 437 ἐξαίρεε
209 359 273 422 τούς
290 361 443 436 στρουθούς
463 386 508 418 και
524 364 601 418 αλλα
621 359 677 420 ὅσα
692 358 727 436 ἦν
740 385 885 420 νενοσσευ-

87 447 157 524 μένα
176 447 293 524 ἀρνίθων
310 448 392 528 γένεα
413 453 441 506 ἐν
459 451 498 526 τῷ
515 451 579 526 νηῷ
600 449 742 511 ποιέοντος
759 447 789 506 δὲ
801 446 886 506 αὐτοῦ

87 540 182 604 ταῦτα,
203 535 316 615 λέγεται
337 535 432 611 φωνήν
451 540 480 593 ἐκ
501 539 550 594 τοῦ
568 534 668 594 ἀδύτου
682 537 822 616 γενέσθαι,
837 537 886 610 φέ-

86 648 194 698 ρουσαν
203 626 254 699 μὲν
267 622 337 699 πρός
350 621 400 682 τόν
413 622 606 700 Ἀριστόδικον
618 624 759 703 λέγουσαν
773 624 801 682 δὲ
811 624 886 683 τόδε·

88 709 278 770 ((ἀνοσιότατε
291 709 448 786 ἀνθρώπων,
456 712 486 783 τί
496 710 562 769 τάδε
574 712 809 789 ταλμᾲςποιέειν;
822 709 886 774 τούς

88 798 179 860 ἱκέτας
196 824 251 875 μου
269 803 300 857 ἐκ
315 802 365 857 τοῦ
381 803 448 873 νηοῦ
463 799 593 875 κεραΐζεις
604 798 626 866 ;”
646 798 839 875 Ἀριστόδικον
857 799 887 858 δὲ

87 885 138 945 ούκ
156 884 347 963 ἀπορήσαντα,
366 887 437 962 πρός
457 892 543 945 ταῦτα
564 890 658 945 εἰπεῖν·
681 897 698 921 “
708 886 787 958 ὦναξ,
805 886 887 950 αύτός

87 977 138 1049 μὲν
162 973 232 1033 οὕτω
253 978 330 1033 τοῖσι
352 976 459 1054 ἱκέτῃσι
478 976 615 1050 βοηθέεις,
636 975 779 1051 Κυμαίους
798 976 828 1035 δὲ
845 1001 886 1034 κε-

87 1060 177 1124 λεύεις
201 1061 252 1121 τόν
274 1062 365 1137 ἱκέτην
388 1062 522 1122 ἐκδιδόναι
532 1062 555 1131 ;”
584 1063 634 1122 τόν
655 1063 685 1121 δὲ
712 1063 789 1126 αὖτις
811 1062 887 1140 ἀμεί-

88 1150 199 1225 ψασθαι
217 1150 322 1209 τοῖσδε·
350 1151 420 1209 “val
441 1149 551 1220 κελεύω,
572 1151 616 1210 ἵνα
636 1176 669 1231 γε
690 1148 887 1226 ἀσεβήσαντες

87 1239 199 1298 θᾶσσον
220 1237 377 1313 ἀπόλησθε·
406 1238 441 1300 οἷς
460 1238 500 1314 μή
521 1237 554 1296 τό
576 1239 677 1297 λοιπόν
693 1239 758 1314 περὶ
779 1240 887 1297 ἱκετέων

87 1325 213 1388 ἐκδόσιος
235 1327 334 1401 ἔλθητε
354 1326 400 1384 ἐπὶ
425 1326 458 1384 τό
484 1324 681 1404 χρηστήριον.”
714 1329 808 1384 Ταῦτα
832 1325 932 1388 ὠςΙθθ

87 1412 285 1492 ἀπενειχθέντα
304 1412 430 1488 ἤκουσαν
452 1417 478 1472 οἱ
506 1417 638 1489 Κυμαῖοι,
662 1412 694 1472 ού
716 1412 888 1490 βουλόμενοι

88 1499 152 1560 οὔτε
166 1501 288 1564 ἐκδόντες
304 1501 463 1560 ἀπολέσθαι
476 1499 538 1560 ούτε
555 1500 619 1577 παρ’
635 1503 761 1560 ἑωυτοῖσι
779 1502 888 1579 ἔχοντες

87 1590 313 1666 πολιορκέεσθαι,
331 1593 358 1651 ἐς
374 1587 539 1664 Μυτιλήνην
553 1587 637 1648 αὐτόν
657 1589 840 1665 ἐκπέμπουσι·
861 1591 888 1647 οἱ

87 1677 119 1735 δὲ
138 1681 333 1752 Μυτιληναῖοι,
351 1678 555 1752 ἐπιπέμποντος
574 1680 624 1736 τοῦ
643 1675 790 1752 Μαζάρεος
805 1675 887 1757 ἀγγε·

87 1765 152 1826 λίας
178 1764 313 1824 ἐκδιδόναι
338 1764 387 1824 τόν
408 1763 549 1840 Πακτύην,
576 1765 815 1842 παρεσκευάζοντο
842 1764 888 1824 ἐπὶ

86 1854 181 1931 μισθῷ
195 1853 253 1931 όσῷ
266 1853 310 1927 δή·
333 1851 365 1911 ού
377 1853 432 1934 γάρ
446 1854 499 1931 ἔχω
513 1852 595 1913 τοῦτό
605 1879 638 1933 γε
649 1856 734 1912 εἰπεῖν
745 1852 888 1930 ἀτρεκέως·

87 1940 120 1999 ού
136 1941 191 2021 γὰρ
213 1940 358 2016 ἐτελεώθη·
386 1944 510 2018 Κυμαῖοι
532 1941 588 2022 γὰρ
615 1941 650 2004 ὦς
674 1942 777 2017 ἐμαθον
799 1946 889 2001 ταῦτα
942 1951 945 1958 ’

87 2028 274 2106 πρησσόμενα
288 2034 317 2087 ἐκ
330 2033 385 2089 τῶν
398 2029 603 2105 Μυτιληναίων,
614 2029 773 2106 πέμψαντες
785 2033 888 2090 πλοῖον

88 2122 115 2180 ἐς
132 2119 250 2193 Λέσβον
269 2119 446 2194 ἐκκομίζουσι
465 2117 598 2192 Πακτύην
615 2123 642 2179 ἐς
661 2118 741 2176 Χίον·
763 2119 887 2177 ἐνθεῦτεν

87 2205 125 2274 δὲ,
146 2207 177 2275 ἐξ
189 2210 249 2283 ἱροῦ
270 2203 419 2281 Ἀθηναίης
439 2204 602 2283 Πολιούχου
618 2205 815 2268 ἀποσπασθεὶς
832 2204 887 2265 ύπό

87 2294 163 2353 Χίων
179 2292 302 2367 ἐξεδόθη·
324 2293 456 2361 ἐξέδοσαν
473 2292 502 2351 δὲ
521 2297 547 2351 οἱ
563 2297 629 2351 Χῖοι
647 2294 692 2351 ἐπὶ
704 2297 742 2371 τῷ
760 2290 889 2369 Ἀταρνέϊ

85 2382 188 2459 μισθῷ·
219 2385 269 2440 τοῦ
291 2381 321 2438 δὲ
343 2380 491 2456 Ἀταρνέος
512 2372 613 2439 τούτου
639 2381 700 2439 ἐστὶ
726 2383 816 2457 χῶρος
835 2384 887 2456 τῆς

87 2470 209 2543 Μυσίης,
229 2469 349 2544 Λέσβου
369 2467 470 2530 ἀντίος.
505 2468 638 2545 Πακτύην
656 2469 708 2544 μέν
728 2493 776 2527 νυν
798 2493 883 2544 παρα-

87 2555 231 2634 δεξόμενοι
257 2559 284 2614 οἱ
310 2557 421 2633 Πέρσαι
448 2555 524 2634 εἶχον
551 2561 580 2615 ἐν
608 2561 731 2634 φυλακῇ,
758 2557 886 2618 θέλοντες

86 2642 171 2723 Κύρῳ
192 2643 335 2713 ἀποδέξαι.
369 2643 404 2718 ἦν
428 2643 457 2702 δὲ
478 2642 579 2721 χρόνος
606 2643 685 2706 οὗτος
712 2643 761 2702 ούκ
787 2643 884 2723 ὀλίγος

86 2731 241 2811 γενόμενος,
256 2732 301 2791 ὅτε
319 2735 395 2792 Χίων
412 2731 498 2793 ούδεὶς
515 2736 544 2790 ἐκ
560 2737 611 2790 τοῦ
628 2731 775 2808 Ἀταρνέος
786 2729 885 2790 τούτου

86 2819 150 2879 οὔτε
171 2820 257 2882 ούλάς
277 2822 377 2897 κριθῶν
396 2819 537 2898 πρόχυσιν
560 2820 683 2878 ἐποιέετο
702 2820 771 2879 θεῶν
787 2817 884 2889 οὐδενὶ,

85 2907 149 2967 οὗτε
166 2909 301 2985 πέμματα
322 2910 460 2968 ἐπέσσετο
479 2912 585 2984 καρποῦ
598 2912 649 2966 τοῦ
663 2908 794 2976 ἐνθεῦτεν,
808 2906 885 2966 ἀπεί·

85 2995 152 3074 χετό
171 3021 202 3055 τε
222 3000 277 3055 τῶν
294 2995 404 3055 πάντων
425 2999 490 3072 ἱρῶν
509 2994 546 3053 τοὶ
565 2993 657 3053 πάντα
677 2999 707 3054 ἐκ
726 2999 777 3070 τῆς
791 2992 884 3072 χώρης

84 3081 186 3159 ταύτης
198 3081 339 3163 γινόμενα.
856 3125 859 3130 ,

125 3175 191 3230 Χῖοι
207 3169 261 3246 μέν
276 3196 325 3231 νυν
344 3169 479 3248 Πακτύην
497 3169 646 3242 ἐξέδοσαν.
680 3168 833 3244 mulam
843 3165 956 3224 {mxx

74 3257 148 3326 μετά
160 3263 250 3319 ταῦτα
260 3260 452 3342 ἐστρατεύετο
461 3253 934 3338 ἐπὶτοδςσυμπολιορκίρανωῒ
