2040 3464
146 117 194 165 τοο
446 114 628 164 ἨΡοΔουου
869 111 937 176 [111‚

144 194 348 270 ἀπολομένοισι
367 193 420 254 σύν
439 198 475 272 τῇ
494 193 548 269 νηΐ·
579 196 666 252 ταῦτα
684 193 740 274 γοίρ
760 193 891 252 ἐδίκασαν
910 196 939 254 οἰ

145 282 295 358 βασιλήϊοι
325 281 462 351 δικασταὶ,
492 280 562 357 ύπέρ
594 281 691 358 ἀνδρός
720 282 838 341 ἑκάστου
872 282 940 342 δέκα

146 369 302 449 Αἰγυπτίων
319 373 374 428 τῶν
393 369 508 444 πρώτων
525 368 767 428 ἀνταπόλλυσθαι·
796 367 855 428 6δὲ
874 370 939 430 ἰδυίν

145 455 332 532 παρεξιόντας,
354 457 400 515 καὶ
421 455 518 532 μαθων
537 455 588 515 τόν
608 457 695 514 παῖδα
716 455 867 536 ύγεόμενον
891 459 938 517 ἐπὶ

147 543 273 612 θάνατον,
289 547 343 602 τῶν
360 540 455 603 ἄλλων
472 544 629 623 Αἰγυπτίων
644 548 699 602 τῶν
716 547 938 621 περικατημένων

145 630 230 690 αύτδν
242 631 392 690 κλαιόντων
405 631 451 689 καὶ
464 631 538 689 δεινοὶ
549 630 705 700 ποιεύντων,
718 629 807 690 τοίυτδ
820 631 939 708 ἐποίησε

145 719 179 779 τὰ
192 718 238 777 καὶ
252 718 298 776 ἐπὶ
309 721 345 794 τῇ
359 718 482 798 θυγατρί.
516 718 710 794 παρελθόντων
724 718 753 776 δὲ
766 718 939 790 καὶτούτων,

147 805 289 881 συνήνεικε
309 804 381 864 ὥστε
400 810 456 865 τῶν
475 805 639 881 συμποτέων
655 808 682 863 οἱ
700 802 786 880 ἄνδρα
805 804 938 880 α’πηλικέ·

146 918 254 968 στερον,
269 891 462 952 ἐκπεπτωκότα
474 897 505 951 ἐκ
516 896 571 951 τῶν
584 891 689 960 ἐόντων,
704 891 802 970 ἔχοντά
814 917 845 952 τε
859 893 940 954 οὐδὲν

147 985 171 1039 εἰ
185 979 225 1057 μή
242 978 298 1038 ὅσα
317 980 427 1057 πτωχός
445 980 492 1039 καὶ
508 980 712 1056 προσαιτέοντα
725 979 777 1054 τήν
792 981 937 1057 στρατιήν,

146 1068 272 1143 παριέναι
291 1067 473 1142 Ψαμμήνιτόν
491 1092 522 1125 τε
540 1067 591 1125 τόν
602 1065 738 1141 Ἀμάσιος
758 1067 804 1125 καὶ
822 1068 888 1130 τούς
909 1075 940 1129 ἐν

145 1158 184 1232 τῷ
208 1155 363 1233 προαστείῳ
389 1154 556 1230 κατημένους
580 1158 635 1213 τῶν
660 1155 826 1233 Αἰγυπτίων·
864 1155 881 1215 ὁ
908 1157 954 1216 δὲ·

147 1241 326 1319 Ψαμμήνιτος
345 1241 380 1304 ὠς
399 1241 447 1311 ἰδε,
461 1241 637 1304 ἀνακλαύσας
656 1242 729 1320 μέγα
749 1243 794 1299 καὶ
815 1244 939 1308 καλέσας

148 1329 279 1406 οὐνόματι
291 1330 340 1388 τὸν
357 1333 472 1405 ἑταῖρον,
486 1329 627 1411 ἐπλήξατο
642 1328 693 1403 τήν
706 1329 842 1404 κεφαλήν·
862 1329 940 1406 ἦσαν

164 1416 245 1494 ’ἀρα
271 1416 355 1476 αὐτοῦ
381 1417 511 1492 φύλακοι,
532 1416 559 1474 οἳ
576 1415 610 1475 τό
636 1416 799 1492 ποιεύμενον
824 1422 882 1477 πᾶν
909 1420 941 1490 ἐξ

147 1506 250 1564 ἐκείνου
264 1505 304 1564 ἐπ’
318 1503 421 1584 ἑκάστη
434 1504 516 1583 ἐξόδῳ
529 1503 676 1581 Καμβύσῃ
690 1503 849 1579 ἐσήμαινον·
870 1506 939 1566 θωυ-

147 1593 241 1670 μάσας
261 1593 325 1652 δὲό
347 1592 507 1668 Καμβύσης
526 1591 561 1650 τοί
580 1591 737 1667 ποιεύμενα,
757 1592 870 1669 πέμψας
889 1593 939 1675 ἅγ-

128 1684 232 1759 ’γελον
257 1680 355 1757 εἰρώτα
379 1680 470 1749 αὐτόν,
485 1680 582 1765 ιλέγων
605 1678 679 1737 τάδε·
713 1679 883 1756 ((Δεσπότης
903 1707 940 1741 σε

149 1768 316 1844 Καμβύσης,
344 1767 514 1842 Ψαμμήνιτε,
541 1771 646 1844 εἰρωτᾷ,
667 1765 736 1825 διότι
763 1765 796 1841 δή
815 1766 868 1841 τήν
886 1772 940 1844 μὲν

149 1855 285 1934 θυγατέρα
310 1855 393 1931 ὁρέων
420 1856 615 1931 κεκακωμένην,
640 1855 686 1912 καί
708 1855 757 1913 τὸν
782 1855 870 1913 παῖδα
893 1858 940 1916 ἐπὶ

149 1941 267 2002 θάνατον
279 1944 435 2021 στείχοντα,
446 1942 507 2002 ούτε
517 1943 662 2017 ἀνέβωσας
675 1940 737 2000 ούτε
749 1941 939 2008 ἀπέκλαυσας·

148 2027 197 2087 τὸν
220 2030 250 2088 δὲ
274 2030 385 2108 πτωχὸν
410 2029 488 2089 οὐδέν
507 2054 555 2088 σοι
581 2028 767 2106 προσήκοντα,
788 2029 823 2091 ὣς
843 2028 940 2092 ἄλλων

148 2117 328 2192 πυνθάνομαι,
345 2121 477 2195 ἐτίμησας
487 2116 510 2186 ;”
530 2116 545 2176 ὁ
565 2118 617 2192 μὲν
636 2116 669 2190 δή
689 2120 776 2176 ταῦτα
796 2118 938 2194 ἐπειρώτα,

150 2201 166 2261 ὁ
180 2203 203 2260 δ’
215 2203 348 2281 ἀμείβετο
361 2205 465 2264 τοῖσδε·
487 2204 530 2262 “ὦ
547 2207 600 2262 παῖ
613 2203 716 2280 Κύρου,
729 2203 765 2261 τὰ
782 2206 833 2279 μὲν
847 2205 940 2281 οἰκήῖα

149 2288 184 2364 ἦν
196 2293 268 2366 μέζω
282 2289 381 2368 κακιίἢ
397 2291 469 2351 ὥστε
486 2291 653 2351 ἀνακλαίειν·
673 2290 706 2349 τὸ
720 2290 750 2347 δέ
766 2295 816 2349 τοῦ
830 2293 939 2368 ἑταίρου

150 2379 249 2443 πένθος
272 2378 349 2449 ἀξιον
371 2379 406 2456 ἦν
429 2379 559 2456 δακρύων·
601 2379 631 2441 ὃς
651 2384 681 2437 ἐκ
703 2382 819 2437 πολλῶν
836 2405 869 2438 τε
893 2383 940 2439 καί

149 2465 314 2542 εὐδαιμόνων
327 2466 451 2526 ἐκπεσυίν
461 2473 487 2529 ἐς
499 2466 641 2544 πτωχηίην
652 2465 764 2524 ἀπῖκται
778 2466 822 2523 ἐπὶ
834 2464 941 2546 γήραος

150 2552 245 2631 ούδῷ.”
284 2555 330 2613 καὶ
346 2559 433 2613 ταῦτα
449 2553 484 2616 ὥς
500 2553 695 2631 ἀπενειχθέντα
711 2550 765 2610 ύτό
782 2550 890 2622 τούτου,
909 2560 939 2623 εὖ

150 2639 253 2701 δοκέειν
272 2645 299 2701 οἰ
319 2643 455 2717 εἰρῆσθαι·
482 2641 517 2703 ὦς
535 2641 565 2699 δὲ
584 2642 695 2720 λέγεται
713 2638 759 2698 ύπ’
773 2641 940 2720 Αἰγυπτίων,

151 2727 275 2804 δακρύειν
300 2731 351 2805 μὲν
377 2733 509 2805 Κροῖσον,
534 2728 683 2806 (ἐτετεύχεε
708 2728 762 2806 γοίρ
789 2728 834 2784 καὶ
860 2725 941 2792 οὗτος

151 2817 335 2891 ἐπισπόμενος
355 2816 502 2894 Καμβύση
523 2814 565 2873 ἐπ’
585 2815 744 2895 Αἴγυπτον,)
766 2813 892 2890 δακρύειν
911 2816 941 2875 δί

152 2904 284 2978 Περσέων
301 2902 364 2965 τούς
378 2902 538 2978 παρεόντας·
566 2901 638 2978 αύτῷ
655 2927 686 2960 τε
700 2901 847 2980 Καμβύση
860 2905 940 2961 ἐσελ·

152 2989 209 3047 θεῖν
222 2988 313 3048 οἶκτόν
325 3015 394 3058 τινα,
409 2990 455 3047 καὶ
467 2989 565 3048 αὐτίκα
578 2988 698 3046 κελεύειν
710 2988 760 3048 τόν
771 3013 804 3046 τε
816 2991 843 3047 οἱ
855 2989 943 3048 παῖδα

146 3079 179 3133 ἐκ
192 3080 248 3135 τῶν
260 3075 460 3151 ἀπολλυμένων
472 3075 571 3145 σώζειν
588 3076 633 3132 καὶ
651 3073 734 3134 αύτὸν
748 3080 778 3133 ἐκ
792 3079 844 3135 τοῦ
855 3101 942 3152 προα·

85 3156 238 3233 Ῑᾶστείου
251 3163 475 3245 ἀναστήσαντας
491 3161 568 3246 ἄγειν
581 3160 642 3238 παρ’
660 3161 765 3220 ἓωιπόν·
784 3161 831 3220 τδν
846 3161 943 3237 μὶνδὴ

121 3251 220 3312 παῖδα
247 3252 337 3334 εὗρον
362 3257 389 3319 οἰ
417 3252 565 3336 μετιόντες
593 3249 689 3311 οὐκέτι
710 3244 866 3320 περιεόντα,
884 3245 963 3304 m
