2040 3464
149 99 195 146 ιιι
456 98 637 146 ἯΡοΔοτοι·
889 96 950 158 [IV.

148 175 250 255 χρόνον
267 177 418 253 καταρρέον
434 178 551 256 φλέγμα
569 182 600 234 ἐκ
617 180 668 252 τῆς
681 179 810 251 κεφαλῆς
822 175 951 252 δηλῆται.

148 265 194 322 καὶ
208 263 253 323 διά
266 265 349 324 τοῦτό
363 271 455 341 σφεας
465 265 584 344 λέγουσι
595 264 664 323 εἰναι
673 264 882 344 ὑγιηροτάτους·
897 266 951 322 εἰσί

147 352 203 433 γάρ
220 351 255 415 ιύς
271 351 396 427 άληθέως
415 355 441 411 οἰ
457 353 562 427 Λίβυες
581 351 732 428 α’νθρύπων
748 350 858 411 πάντων
874 352 951 432 ύγιη-

148 440 269 517 ρότατοι,
283 445 339 500 τῶν
352 439 432 518 ἡμεῖς
451 441 537 516 ἴδμεν·
559 445 582 498 εἰ
595 443 648 516 μὲν
660 438 707 498 διὰ
724 443 817 508 τοῦτο,
833 438 883 496 ούκ
898 440 952 518 ἔχω

148 527 282 604 α’τρεκέως
295 528 379 598 εἰπαι,
392 528 570 610 ὑγιηρότατοι
583 526 606 587 δ’
621 526 658 587 ὧν
672 527 736 586 εἰσί·
758 525 787 586 *ν
798 528 827 585 δὲ
841 528 951 587 καίουσι

147 615 183 676 τοὶ
199 618 297 677 παιδία
317 616 454 694 σπασμδς
467 617 634 697 ἐπιγένηται,
649 621 662 675 ἐ
679 615 793 692 εύρηταί
805 622 861 690 σφι
874 614 951 679 ἄκος·

147 704 253 786 τράγου
271 705 353 783 ούρον
369 706 536 767 σπείσαντες
549 705 664 781 ῥύονταί
675 711 762 779 σφεα·
784 706 858 784 λέγω
872 704 903 762 δὲ
915 704 950 764 τά

105 796 159 853 188
168 795 286 874 λέγουσι
300 794 379 854 αὐτοὶ
390 795 505 868 Λίβυες.
537 794 639 852 Θυσίαι
653 793 682 852 δὲ
694 796 770 853 τοῖσι
783 792 888 868 νομάσι
896 795 952 853 εἰσὶ

149 882 217 941 αἰδε·
239 883 322 944 ἐπεάν
334 888 385 943 τοῦ
401 882 471 945 οἰτδς
486 881 662 959 ἀπάρξωνται
678 886 728 941 τοῦ
749 881 868 957 κτήνεος,
888 886 951 959 ῥιπ-

274 970 282 990 C
307 974 315 994 Χ
383 970 390 991 λ
454 971 461 990 Ι

147 971 243 1030 τέουσι
264 998 335 1048 υπερ
358 997 408 1031 τον
429 970 525 1047 δομον·
549 975 634 1029 τοῦτο
648 970 866 1045 δὲποιήσαντες,
882 970 951 1030 ἀπο·

148 1060 306 1136 στρέφουσι
326 1059 376 1119 τδν
394 1057 498 1137 αύχένα
517 1058 613 1117 αὐτοῦ.
648 1057 748 1118 θύουσι
766 1058 796 1116 δὲ
814 1058 885 1137 ἡλίῳ
904 1061 950 1118 καὶ

149 1146 256 1226 σελήνη
271 1147 411 1224 μούνοισι.
444 1145 570 1206 τούτοισι
588 1146 640 1223 μέν
658 1173 706 1206 νυν
722 1144 823 1208 πάντες
844 1148 950 1223 Λίβυες

149 1233 257 1294 θύουσι·
278 1235 348 1313 άτάρ
363 1239 389 1294 οἰ
401 1235 466 1311 περὶ
478 1233 530 1310 την
544 1233 695 1310 Τριτωνίδα
707 1235 810 1309 λίμνην
822 1235 950 1310 νέμοντες

148 1326 184 1399 τῇ
203 1321 338 1402 Ἀθηναίη
354 1322 491 1400 μάλιστα,
509 1321 581 1398 μετοί
599 1321 636 1391 δὲ,
655 1325 693 1400 τῷ
713 1323 830 1398 Τρίτωνι
848 1324 950 1403 καὶτῷ

103 1412 349 1471 189Ποσειδέωνι.
383 1411 441 1486 Τήν
462 1411 492 1469 δὲ
511 1409 566 1486 ἄρα
582 1410 689 1485 ἐσθῆτα
706 1409 751 1467 καὶ
771 1409 821 1472 τάς
842 1412 950 1490 αἰγίδας

148 1502 203 1557 τῶν
223 1498 392 1580 α’γαλμάτων
411 1502 462 1574 τῆς
480 1496 630 1574 Ἀθηναίης
652 1503 682 1556 ἐκ
702 1502 758 1557 τῶν
777 1499 950 1574 Λιβυσσέων

150 1587 318 1662 ἐποιήσαντο
335 1590 361 1646 οἶ
371 1586 521 1662 Ἕλληνες·
542 1586 619 1661 πλὴν
631 1586 686 1667 γάρ
702 1584 720 1661 ἢ
737 1585 780 1645 ὅτι
797 1587 914 1663 σκυτίνη
930 1592 949 1664 ηι

149 1675 234 1750 ε’σθῆς
245 1679 301 1735 τῶν
313 1675 485 1751 Λιβυσσέων
499 1674 568 1744 ε’στί,
580 1675 626 1732 καὶ
641 1677 667 1732 οἰ
681 1673 799 1733 θύσανοι
812 1677 838 1733 οἱ
852 1680 882 1733 ἐκ
894 1681 950 1736 τῶν

149 1763 260 1842 αἰγίδων
278 1763 381 1842 αύτῇσι
402 1761 451 1821 ούκ
472 1761 551 1839 ὅφιές
568 1766 631 1832 εἰσι,
648 1761 725 1820 ἄλλά
744 1761 891 1838 ἱμάντινοι·
913 1764 948 1824 τά

148 1850 178 1908 δὲ
195 1850 271 1910 ἄλλα
287 1851 378 1911 πάντα
393 1849 463 1909 κατά
476 1849 564 1909 τιύυτδ
582 1851 725 1910 ἔσταλται·
748 1851 793 1908 καί
808 1850 841 1927 δη
857 1854 903 1910 καὶ
915 1854 949 1913 τδ

152 1936 256 2013 οὔνομα
267 1941 436 2018 κατηγορέει,
451 1937 494 1997 ὅτι
513 1943 542 1996 ἐκ
558 1938 669 2014 Λιβύης
681 1937 773 2014 ἥκειῆ
787 1939 881 2016 στολὴ
894 1946 950 2001 τῶν

149 2027 328 2084 Παλλαδίων·
350 2028 444 2107 αἰγέας
461 2026 516 2106 γοίρ
537 2026 761 2103 περιβάλλονται
781 2027 868 2104 ψιλάς
884 2031 950 2106 περὶ

146 2113 198 2189 την
225 2115 331 2188 ἐσθῆτα
358 2114 518 2176 θυσανωτὰς
545 2118 574 2173 αἱ
600 2115 757 2189 Λίβυσσαι,
786 2119 950 2195 κεχριμένας

148 2201 322 2281 ἐρευθεδάνῳ·
350 2206 379 2260 ἔκ
404 2202 433 2261 δὲ
456 2205 511 2261 τῶν
531 2202 630 2282 αἰγέων
652 2203 770 2262 τουτέων
794 2205 902 2285 αἰγίδας
923 2210 951 2266 οἱ

142 2289 282 2366 Ἕλληνες
295 2289 507 2368 μετωνόμασαν·
529 2290 616 2349 δοκέει
630 2289 652 2348 δ’
667 2291 731 2368 ε’μοί
744 2318 778 2371 γε
792 2294 838 2350 καὶ
851 2292 870 2368 ἦ
884 2293 950 2353 ὄλο-

147 2378 220 2460 λυγη
236 2384 264 2438 ἐν
279 2382 365 2456 ἱροῖσι
379 2381 497 2438 ἐνθαῦτα
511 2383 621 2455 πρῶτον
633 2379 774 2460 γενέσθαι·
792 2380 880 2456 κάρτα
893 2383 950 2463 γάρ

147 2467 233 2545 ταύτῃ
254 2469 389 2547 χρέωνται
407 2471 436 2526 αἱ
454 2468 612 2543 Λίβυσσαι,
627 2469 673 2526 καὶ
691 2468 826 2546 χρέωνται
847 2474 949 2535 καλῶς.

147 2557 192 2613 καὶ
209 2556 348 2632 τέσσερας
369 2557 470 2619 ἵππους
490 2554 671 2636 συζευγνύναι
689 2556 766 2632 παραὶ
786 2556 904 2633 Λιβύων
924 2563 951 2619 οἰ

51 2650 54 2655 ’
101 2644 302 2720 19οἝλληνες
318 2644 509 2721 μεμαθήκασι.
544 2644 690 2704 Θάπτουσι
704 2645 733 2702 δὲ
746 2644 811 2707 τούς
828 2644 950 2724 άπαθνή<

147 2759 265 2796 σκοντας
277 2737 302 2792 οἱ
313 2732 429 2809 νομάδες
440 2732 562 2810 κατάπερ
574 2736 600 2791 οἱ
608 2732 756 2808 Ἕλληνες,
765 2733 841 2808 πλὴν
850 2741 951 2794 Νασα-

146 2821 252 2897 μώνων·
279 2820 355 2880 οὗτοι
373 2821 402 2879 δὲ
423 2822 591 2898 κατημένους
613 2820 760 2890 θάπτουσι,
783 2821 951 2896 φυλάσσον-

146 2936 198 2978 τες,
222 2910 305 2969 ἐπεᾶν
325 2910 394 2988 α’πίη
420 2910 471 2985 τὴν
499 2909 600 2988 ψυχὴν,
624 2908 693 2971 ὅκως
718 2936 767 2986 μιν
791 2912 950 2984 κατίσουσι,

138 2999 216 3078 μηδὲ
226 2998 321 3060 ύπτιος
335 2997 528 3057 ἀποθανέεται.
560 2998 698 3074 οἰκήματα
711 2999 740 3056 δὲ
754 2998 907 3074 σύμπηκτα
922 3003 952 3070 ἐξ

128 3085 289 3167 ανθερύεων
307 3088 461 3170 ε’νερμένων
477 3088 542 3168 περὶ
560 3088 689 3168 σχοίνους
705 3087 775 3156 ε’στὶ,
795 3088 840 3144 καὶ
861 3093 951 3148 ταῦτα

80 3181 322 3268 ιεπεριφσρητά·
348 3182 472 3265 νόμοισι
484 3183 538 3264 μὶν
553 3176 711 3242 τοιούτοισι
726 3173 802 3235 οἷιτοι
812 3177 954 3252 γηςὲωυςαι.

179 3267 221 3329 Τά
237 3271 276 3334 δὲ
290 3276 374 3359 πρᾶς
388 3278 524 3359 ἑσπέρης
541 3277 594 3338 τοῖι
611 3271 758 3350 Ὕρίτωυος
769 3267 912 3337 ποταμοῖις
925 3261 975 3319 λλ·
