2040 3464
106 105 245 170 126-129]
439 110 601 158 ΕΤΤΕΡΠΗ.
848 111 896 160 171

71 212 73 216 ·
104 188 151 243 καὶ
166 190 265 246 τοῦτον
277 187 307 246 δὲ
321 192 359 267 τῷ
375 188 447 266 αὐτῷ
462 187 556 267 τρόπῳ
569 188 739 267 διαχρᾶσθαι
756 192 795 267 τῷ
808 187 897 267 ἑτέρῳ,

103 271 140 330 τιί
153 298 185 332 τε
197 271 273 332 ἄλλα
292 275 337 332 καὶ
352 275 494 351 πυραμίδα
506 280 625 350 ποιῆσαι
639 281 666 339 ἐς
683 277 734 352 μὲν
746 274 782 334 τὰ
796 275 899 334 ε’κείνου

102 360 191 437 μέτρα
207 360 257 420 οῦκ
275 360 442 437 ιίνήκουσαν·
462 367 551 422 ταῦτα
563 363 618 442 γὰρ
631 362 668 422 ὦν
681 363 727 422 καὶ
740 362 820 439 ἡμεῖς
836 367 896 438 ε’με·

101 446 254 524 τρήσαμεν·
270 446 346 528 (οὔτε
357 449 412 529 γοὶρ
425 448 526 508 ὕπεστι
539 450 676 525 οἰκήματα
689 449 743 510 ῦπδ
756 453 819 530 γῆν,
833 447 897 509 οὕτε

101 536 133 592 ε’κ
151 539 201 594 τοῦ
221 535 329 595 Νείλου
345 536 445 613 διώρυξ
459 535 520 611 ἥκει
536 541 564 599 ές
579 536 666 612 αὐτήν
683 535 777 613 ὥσπερ
799 542 827 599 ἐς
845 536 897 613 τήν

101 620 196 697 ἑτέρην
210 621 324 700 ῥέουσα·
345 623 391 682 διὰ
411 623 627 699 οἰκοδομημένου
648 624 678 683 δὲ
698 622 821 686 αὐλῶνος
842 625 896 684 ἔσω

100 712 188 783 νῆσον
198 710 342 787 περιρρέει,
352 715 381 771 ε’ν
389 715 425 789 τῇ
435 710 519 771 αὐτόν
526 710 645 792 λέγουσι
655 713 765 771 κεῖσθαι
775 710 896 790 Χέοπα.)

99 793 249 873 ὑποδείμας
269 799 300 857 δὲ
318 798 369 859 τόν
381 804 500 876 ιπρῶτον
520 797 607 874 δόμον
627 799 710 858 λίθου
731 800 895 858 Αἰθιοπικοῦ

99 885 237 955 ποικίλου,
259 886 467 963 τεσσεράκοντα
489 886 577 949 πόδας
599 885 710 963 ῦποβυίς
732 891 783 962 τῆς
804 885 896 964 ἑτέρης

97 970 186 1031 τιόυτὸ
202 972 334 1054 μέγαθος,
354 973 488 1053 ἐχομένην
504 978 555 1049 τῆς
571 973 697 1054 μεγάλης
718 973 893 1050 οἰκοδόμησε.

98 1060 200 1119 ἑστᾶσι
213 1061 243 1119 δὲ
256 1063 302 1120 ε’πὶ
320 1060 414 1137 λόφου
426 1066 476 1121 τοῦ
489 1061 573 1121 αὐτοῦ
586 1060 753 1138 οἰμφότεραι,
767 1061 894 1138 μάλιστα

98 1149 126 1207 ἐς
148 1148 246 1209 ἑκατόν
268 1149 355 1212 πόδας
381 1148 502 1226 ὑψηλοῦ.
543 1150 720 1224 βασιλεῦσαι
743 1149 773 1207 δὲ
796 1150 893 1229 ἔλεγον

97 1237 234 1311 Χεφρῆνα
248 1236 280 1305 ἓξ
291 1237 337 1295 καὶ
349 1235 521 1311 πεντήκοντα
535 1237 603 1295 ἔτεα.
635 1239 730 1295 Ταῦτα
743 1236 774 1304 ἕξ
785 1261 816 1295 τε
826 1236 872 1294 καὶ
882 1238 937 1295 123

97 1321 194 1382 ἑκατόν
207 1325 366 1405 λογίζονται
382 1325 450 1392 ἔτεα,
466 1328 495 1382 ἐν
508 1327 584 1383 τοῖσι
597 1323 780 1402 Αἰγυπτίοισί
793 1347 826 1381 τε
841 1327 892 1381 πῦ-

96 1434 152 1468 σαν
176 1410 245 1469 εἰναι
269 1410 408 1488 κακότητα
432 1412 477 1470 καὶ
503 1410 540 1470 τοὶ
564 1410 610 1487 ἶριί
632 1409 734 1488 χρόνον
757 1409 893 1470 τοσούτου

96 1499 337 1573 κατακληισθέντα
357 1498 406 1559 οῦκ
427 1497 600 1577 ἀνοιχθῆναι.
640 1497 754 1561 τούτους
774 1497 828 1557 ῦπδ
848 1499 892 1573 μί·

95 1609 161 1647 σεος
181 1585 213 1644 οὔ
234 1585 322 1663 κόρτα
342 1585 458 1646 θέλουσι
475 1585 624 1665 Αἰγύπτιοι
644 1583 797 1659 ὀνομάζειν,
815 1584 892 1644 α’λλιί

95 1673 141 1730 καὶ
163 1673 213 1736 τοίς
234 1673 391 1751 πυραμίδας
412 1672 546 1732 καλέουσι
568 1670 699 1748 ποιμένος
722 1672 891 1742 Φιλιτίωνος,

97 1757 239 1821 ὅςτοῦτον
255 1760 304 1821 τόν
323 1760 425 1840 χρόνον
445 1762 523 1836 ἔνεμε
543 1759 643 1835 κτήνεα
662 1758 733 1818 κατοὶ
749 1763 835 1818 ταῦτα
855 1759 892 1819 τὰ

93 1848 191 1923 χωρία.

135 1934 216 1994 Μετιί
228 1935 258 1995 δέ
273 1940 380 2006 τοῦτον,
394 1937 570 2011 βασιλεῦσαι
589 1939 732 2015 Αἰγυπτου
750 1938 869 2012 Μυκερῖ-
880 1937 935 1995 129

92 2047 141 2084 νον
163 2024 260 2103 ἔλεγον
281 2024 391 2086 Χέοπος
412 2023 507 2081 παῖδα·
534 2027 573 2101 τῷ
590 2022 625 2081 τοὶ
645 2024 696 2099 μὲν
714 2027 764 2081 τοῦ
785 2023 890 2099 πατρός

92 2114 161 2190 ἔργα
173 2110 297 2170 ἀπαδεῖν·
316 2111 366 2170 τόν
380 2111 410 2169 δὲ
421 2110 457 2169 τό
469 2137 501 2170 τε
515 2111 560 2188 ἱροὶ
574 2109 681 2178 ἀνοῖξαι
695 2111 741 2169 καὶ
753 2109 803 2170 τόν
816 2110 889 2170 λεαίν

91 2198 256 2274 τετρυμένον
274 2203 302 2260 ἐς
318 2198 351 2256 τό
372 2199 493 2276 ἔσχατον
511 2202 597 2257 κακοῦ
615 2197 719 2256 α’νείναι
736 2198 806 2273 πρὸς
822 2200 888 2278 ἔργα

91 2309 122 2342 τε
136 2286 182 2343 καὶ
195 2287 302 2348 θυσίας·
317 2285 393 2348 δίκας
403 2285 434 2343 δέ
446 2291 502 2360 σφι
511 2284 621 2344 πάντων
630 2285 776 2361 βασιλέων
789 2285 889 2344 δικαιο·

90 2371 176 2435 τότας
189 2374 298 2449 κρίνειν.
340 2371 411 2432 κατοί
424 2377 507 2431 τοῦτο
520 2373 572 2448 μέν
589 2398 637 2432 νυν
650 2371 683 2431 τό
698 2374 786 2452 ἔργον,
801 2370 887 2432 ‹indv-

90 2484 144 2519 των
157 2460 222 2520 ὅσοι
234 2459 287 2537 ἤδη
300 2461 435 2537 βασιλέες
446 2461 571 2540 ε’γένοντο
586 2460 752 2539 Αἰγυπτίων,
764 2460 887 2518 αἰνέουσι

90 2549 218 2623 μάλιστα
229 2553 338 2608 τοῦτον·
358 2548 438 2608 τότε
454 2546 531 2606 ἄλλα
543 2546 597 2627 γάρ
611 2572 659 2622 μιν
673 2546 773 2624 κρίνειν
787 2546 824 2615 εῦ,
841 2548 887 2605 καὶ

90 2635 125 2710 δή
144 2636 243 2716 καὶτῷ
260 2636 475 2714 ἐπιμεμφομένῳ
492 2640 522 2693 ἐκ
541 2639 592 2709 τῆς
613 2633 689 2708 δίκης
708 2631 773 2708 παρ’
787 2637 886 2693 ἑωυτοῦ

89 2723 200 2784 διδόντα
232 2723 318 2795 ἄλλα,
344 2721 560 2800 ἀποπιμπλάναι
594 2719 679 2780 αὐτοῦ
711 2719 761 2780 τόν
788 2719 885 2796 θυμόν.

90 2810 163 2870 ἐόντι
175 2813 205 2871 δὲ
216 2811 290 2891 ήπίιρ
301 2815 340 2891 τῷ
357 2810 502 2889 Μυκερίνῳ
520 2807 590 2868 κατοί
607 2807 672 2871 τοῦς
689 2805 826 2884 πολιήτας
839 2809 885 2866 καὶ

88 2903 176 2958 ταῦτα
196 2898 382 2977 ἐπιτηδεύοντι
400 2902 510 2974 πρῶτον
528 2899 618 2956 κακῶν
635 2895 717 2972 ἄρξαι
735 2895 787 2971 τήν
803 2896 884 2977 θυγα·

87 2988 156 3061 τέρα
178 2987 376 3049 ἀποθανοῦσαν
397 2986 490 3055 αὐτοῦ,
516 2985 568 3061 τήν
589 2983 703 3061 μοῦνόν
716 2985 743 3042 οἰ
764 2982 834 3042 εἰναι
854 2987 884 3043 ἐν

87 3078 166 3134 τοῖσι
183 3075 296 3135 οἰκίοισι
312 3075 417 3134 τέκνον·
437 3072 487 3133 τόν
503 3073 533 3131 δὲ
550 3069 789 3152 ὑπεραλγήσαντά
804 3095 835 3129 τε
847 3074 885 3146 τοῦ

88 3164 305 3235 περιεπεπτώκεε
322 3161 542 3245 πρήγματι,καί
561 3158 743 3240 βουλόμενον
765 3154 909 3233 mmo&-

77 3248 195 3314 τεμόντι
208 3253 264 3309 τῶν
273 3249 375 3312 ἄλλων
387 3249 483 3332 θάψαι
494 3250 552 3332 τὴν
567 3237 940 3332 θυγατέραωοιήῦῦῦδῶ
