<?xml version="1.0" encoding="UTF-8"?>
<!DOCTYPE html PUBLIC "-//W3C//DTD XHTML 1.0 Transitional//EN"
    "http://www.w3.org/TR/xhtml1/DTD/xhtml1-transitional.dtd">
<html xmlns="http://www.w3.org/1999/xhtml" xml:lang="en" lang="en">
 <head>
  <title>
</title>
<meta http-equiv="Content-Type" content="text/html;charset=utf-8" />
  <meta name='ocr-system' content='tesseract 3.04.00' />
  <meta name='ocr-capabilities' content='ocr_page ocr_carea ocr_par ocr_line ocrx_word'/>
</head>
<body>
  <div class='ocr_page' id='page_1' title='image "./recensuitjoseph00herogoog_0193.png"; bbox 0 0 2040 3464; ppageno 0'>
   <div class='ocr_carea' id='block_1_1' title="bbox 86 116 962 3354">
    <p class='ocr_par' dir='ltr' id='par_1_1' title="bbox 129 116 933 1149">
     <span class='ocr_line' id='line_1_1' title="bbox 133 116 928 180; baseline 0.006 -17"><span class='ocrx_word' id='word_1_1' title='bbox 133 116 179 163; x_wconf 82' lang='grc' dir='ltr'>ιω</span> <span class='ocrx_word' id='word_1_2' title='bbox 431 117 615 166; x_wconf 72' lang='grc' dir='ltr'>υικοιοτοκ</span> <span class='ocrx_word' id='word_1_3' title='bbox 879 116 928 180; x_wconf 72' lang='grc' dir='ltr'>[ια</span> 
     </span>
     <span class='ocr_line' id='line_1_2' title="bbox 130 192 928 275; baseline 0.004 -24"><span class='ocrx_word' id='word_1_4' title='bbox 130 194 265 270; x_wconf 77' lang='grc' dir='ltr'>βασιλέα,</span> <span class='ocrx_word' id='word_1_5' title='bbox 284 197 389 270; x_wconf 86' lang='grc' dir='ltr'>κλῆρον</span> <span class='ocrx_word' id='word_1_6' title='bbox 406 196 470 255; x_wconf 84' lang='grc' dir='ltr'>ἴσον</span> <span class='ocrx_word' id='word_1_7' title='bbox 491 195 598 274; x_wconf 81' lang='grc' dir='ltr'>ἑκάστῳ</span> <span class='ocrx_word' id='word_1_8' title='bbox 618 192 789 275; x_wconf 88' lang='grc' dir='ltr'>τετράγωνον</span> <span class='ocrx_word' id='word_1_9' title='bbox 810 192 928 255; x_wconf 78' lang='grc' dir='ltr'>διδόντα·</span> 
     </span>
     <span class='ocr_line' id='line_1_3' title="bbox 131 281 930 359; baseline 0.004 -20"><span class='ocrx_word' id='word_1_10' title='bbox 131 282 177 340; x_wconf 89' lang='grc' dir='ltr'>καὶ</span> <span class='ocrx_word' id='word_1_11' title='bbox 197 281 253 341; x_wconf 83' lang='grc' dir='ltr'>άπδ</span> <span class='ocrx_word' id='word_1_12' title='bbox 273 281 372 340; x_wconf 85' lang='grc' dir='ltr'>τούτου</span> <span class='ocrx_word' id='word_1_13' title='bbox 392 282 442 346; x_wconf 82' lang='grc' dir='ltr'>τάς</span> <span class='ocrx_word' id='word_1_14' title='bbox 461 283 618 359; x_wconf 82' lang='grc' dir='ltr'>προσόδους</span> <span class='ocrx_word' id='word_1_15' title='bbox 638 282 823 357; x_wconf 88' lang='grc' dir='ltr'>ποιήσασθαι,</span> <span class='ocrx_word' id='word_1_16' title='bbox 838 283 930 342; x_wconf 87' lang='grc' dir='ltr'>ἐπιτά-</span> 
     </span>
     <span class='ocr_line' id='line_1_4' title="bbox 130 368 931 446; baseline 0.004 -19"><span class='ocrx_word' id='word_1_17' title='bbox 130 369 216 438; x_wconf 81' lang='grc' dir='ltr'>ξαντα</span> <span class='ocrx_word' id='word_1_18' title='bbox 243 368 393 446; x_wconf 73' lang='grc' dir='ltr'>ἀποφορὴν</span> <span class='ocrx_word' id='word_1_19' title='bbox 420 372 570 430; x_wconf 78' lang='grc' dir='ltr'>ἐπιτελέειν</span> <span class='ocrx_word' id='word_1_20' title='bbox 595 369 652 429; x_wconf 86' lang='grc' dir='ltr'>κατ’</span> <span class='ocrx_word' id='word_1_21' title='bbox 678 369 811 429; x_wconf 85' lang='grc' dir='ltr'>ἐνιαυτόν.</span> <span class='ocrx_word' id='word_1_22' title='bbox 854 375 879 430; x_wconf 84' lang='grc' dir='ltr'>εἰ</span> <span class='ocrx_word' id='word_1_23' title='bbox 902 369 931 430; x_wconf 87' lang='grc' dir='ltr'>δέ</span> 
     </span>
     <span class='ocr_line' id='line_1_5' title="bbox 129 457 931 535; baseline 0.002 -19"><span class='ocrx_word' id='word_1_24' title='bbox 129 482 203 518; x_wconf 89' lang='grc' dir='ltr'>τινος</span> <span class='ocrx_word' id='word_1_25' title='bbox 215 461 265 515; x_wconf 84' lang='grc' dir='ltr'>τοῦ</span> <span class='ocrx_word' id='word_1_26' title='bbox 279 457 385 534; x_wconf 90' lang='grc' dir='ltr'>κλήρου</span> <span class='ocrx_word' id='word_1_27' title='bbox 401 457 417 517; x_wconf 83' lang='grc' dir='ltr'>ὁ</span> <span class='ocrx_word' id='word_1_28' title='bbox 435 458 561 535; x_wconf 88' lang='grc' dir='ltr'>ποταμός</span> <span class='ocrx_word' id='word_1_29' title='bbox 574 483 602 518; x_wconf 89' lang='grc' dir='ltr'>τι</span> <span class='ocrx_word' id='word_1_30' title='bbox 620 457 780 534; x_wconf 73' lang='grc' dir='ltr'>παρέλοιτο,</span> <span class='ocrx_word' id='word_1_31' title='bbox 796 457 886 518; x_wconf 86' lang='grc' dir='ltr'>ἐλθών</span> <span class='ocrx_word' id='word_1_32' title='bbox 898 457 931 518; x_wconf 84' lang='grc' dir='ltr'>ἂν</span> 
     </span>
     <span class='ocr_line' id='line_1_6' title="bbox 129 544 930 626; baseline 0.004 -23"><span class='ocrx_word' id='word_1_33' title='bbox 129 545 200 621; x_wconf 81' lang='grc' dir='ltr'>πρός</span> <span class='ocrx_word' id='word_1_34' title='bbox 216 544 300 604; x_wconf 82' lang='grc' dir='ltr'>αότδν</span> <span class='ocrx_word' id='word_1_35' title='bbox 319 544 452 621; x_wconf 81' lang='grc' dir='ltr'>ἐσήμαινε</span> <span class='ocrx_word' id='word_1_36' title='bbox 469 547 502 605; x_wconf 81' lang='grc' dir='ltr'>τό</span> <span class='ocrx_word' id='word_1_37' title='bbox 520 546 714 626; x_wconf 80' lang='grc' dir='ltr'>γεγενημένον·</span> <span class='ocrx_word' id='word_1_38' title='bbox 742 544 759 605; x_wconf 81' lang='grc' dir='ltr'>ὁ</span> <span class='ocrx_word' id='word_1_39' title='bbox 778 545 807 603; x_wconf 87' lang='grc' dir='ltr'>δὲ</span> <span class='ocrx_word' id='word_1_40' title='bbox 825 546 930 623; x_wconf 83' lang='grc' dir='ltr'>ἔπεμπε</span> 
     </span>
     <span class='ocr_line' id='line_1_7' title="bbox 129 632 931 712; baseline 0.004 -22"><span class='ocrx_word' id='word_1_41' title='bbox 129 632 193 695; x_wconf 74' lang='grc' dir='ltr'>τούς</span> <span class='ocrx_word' id='word_1_42' title='bbox 207 634 442 709; x_wconf 75' lang='grc' dir='ltr'>ἐπισκεψομένους</span> <span class='ocrx_word' id='word_1_43' title='bbox 456 634 502 691; x_wconf 85' lang='grc' dir='ltr'>καὶ</span> <span class='ocrx_word' id='word_1_44' title='bbox 515 632 760 710; x_wconf 88' lang='grc' dir='ltr'>άναμετρήσοντας</span> <span class='ocrx_word' id='word_1_45' title='bbox 774 632 833 712; x_wconf 82' lang='grc' dir='ltr'>ὅσῳ</span> <span class='ocrx_word' id='word_1_46' title='bbox 846 633 931 693; x_wconf 83' lang='grc' dir='ltr'>ἐλάσ-</span> 
     </span>
     <span class='ocr_line' id='line_1_8' title="bbox 130 719 931 802; baseline 0.001 -23"><span class='ocrx_word' id='word_1_47' title='bbox 130 747 188 780; x_wconf 93' lang='grc' dir='ltr'>σων</span> <span class='ocrx_word' id='word_1_48' title='bbox 205 720 220 779; x_wconf 86' lang='grc' dir='ltr'>ό</span> <span class='ocrx_word' id='word_1_49' title='bbox 238 725 328 799; x_wconf 83' lang='grc' dir='ltr'>χώρας</span> <span class='ocrx_word' id='word_1_50' title='bbox 347 720 454 800; x_wconf 87' lang='grc' dir='ltr'>γέγονε,</span> <span class='ocrx_word' id='word_1_51' title='bbox 470 719 538 784; x_wconf 85' lang='grc' dir='ltr'>όκως</span> <span class='ocrx_word' id='word_1_52' title='bbox 557 725 608 781; x_wconf 81' lang='grc' dir='ltr'>τοῦ</span> <span class='ocrx_word' id='word_1_53' title='bbox 628 724 731 780; x_wconf 80' lang='grc' dir='ltr'>λοιποῦ</span> <span class='ocrx_word' id='word_1_54' title='bbox 752 719 823 779; x_wconf 79' lang='grc' dir='ltr'>κατά</span> <span class='ocrx_word' id='word_1_55' title='bbox 843 719 931 802; x_wconf 85' lang='grc' dir='ltr'>λόγον</span> 
     </span>
     <span class='ocr_line' id='line_1_9' title="bbox 129 807 931 888; baseline 0.001 -21"><span class='ocrx_word' id='word_1_56' title='bbox 129 814 180 882; x_wconf 88' lang='grc' dir='ltr'>τῆς</span> <span class='ocrx_word' id='word_1_57' title='bbox 206 807 375 888; x_wconf 81' lang='grc' dir='ltr'>τεταγμένης</span> <span class='ocrx_word' id='word_1_58' title='bbox 401 808 550 884; x_wconf 76' lang='grc' dir='ltr'>ἀποφορῆς</span> <span class='ocrx_word' id='word_1_59' title='bbox 575 809 676 868; x_wconf 83' lang='grc' dir='ltr'>τελέοι.</span> <span class='ocrx_word' id='word_1_60' title='bbox 718 809 806 866; x_wconf 86' lang='grc' dir='ltr'>δοκέει</span> <span class='ocrx_word' id='word_1_61' title='bbox 829 808 861 867; x_wconf 89' lang='grc' dir='ltr'>δέ</span> <span class='ocrx_word' id='word_1_62' title='bbox 882 836 931 885; x_wconf 91' lang='grc' dir='ltr'>μοι</span> 
     </span>
     <span class='ocr_line' id='line_1_10' title="bbox 131 894 931 976; baseline 0.001 -21"><span class='ocrx_word' id='word_1_63' title='bbox 131 897 255 956; x_wconf 81' lang='grc' dir='ltr'>ἐνθεῦτεν</span> <span class='ocrx_word' id='word_1_64' title='bbox 268 897 420 976; x_wconf 89' lang='grc' dir='ltr'>γεωμετρίη</span> <span class='ocrx_word' id='word_1_65' title='bbox 435 896 588 972; x_wconf 81' lang='grc' dir='ltr'>εὑρεθεῖσα,</span> <span class='ocrx_word' id='word_1_66' title='bbox 603 901 630 959; x_wconf 92' lang='grc' dir='ltr'>ἐς</span> <span class='ocrx_word' id='word_1_67' title='bbox 642 894 694 971; x_wconf 87' lang='grc' dir='ltr'>τῆν</span> <span class='ocrx_word' id='word_1_68' title='bbox 708 895 836 955; x_wconf 85' lang='grc' dir='ltr'>Ἑλλάδα</span> <span class='ocrx_word' id='word_1_69' title='bbox 850 901 931 957; x_wconf 86' lang='grc' dir='ltr'>ἐπαν-</span> 
     </span>
     <span class='ocr_line' id='line_1_11' title="bbox 131 981 933 1064; baseline 0.001 -22"><span class='ocrx_word' id='word_1_70' title='bbox 131 985 233 1042; x_wconf 83' lang='grc' dir='ltr'>ελθεῖν.</span> <span class='ocrx_word' id='word_1_71' title='bbox 273 981 365 1042; x_wconf 85' lang='grc' dir='ltr'>πόλον</span> <span class='ocrx_word' id='word_1_72' title='bbox 383 987 435 1059; x_wconf 82' lang='grc' dir='ltr'>μὲν</span> <span class='ocrx_word' id='word_1_73' title='bbox 454 983 511 1064; x_wconf 84' lang='grc' dir='ltr'>γάρ</span> <span class='ocrx_word' id='word_1_74' title='bbox 533 986 578 1042; x_wconf 88' lang='grc' dir='ltr'>καὶ</span> <span class='ocrx_word' id='word_1_75' title='bbox 597 984 736 1064; x_wconf 79' lang='grc' dir='ltr'>γνώμονα,</span> <span class='ocrx_word' id='word_1_76' title='bbox 752 984 798 1041; x_wconf 82' lang='grc' dir='ltr'>καὶ</span> <span class='ocrx_word' id='word_1_77' title='bbox 813 983 849 1043; x_wconf 80' lang='grc' dir='ltr'>τά</span> <span class='ocrx_word' id='word_1_78' title='bbox 865 984 933 1043; x_wconf 85' lang='grc' dir='ltr'>δυώ-</span> 
     </span>
     <span class='ocr_line' id='line_1_12' title="bbox 130 1071 932 1149; baseline 0.005 -19"><span class='ocrx_word' id='word_1_79' title='bbox 130 1072 196 1130; x_wconf 90' lang='grc' dir='ltr'>δεκα</span> <span class='ocrx_word' id='word_1_80' title='bbox 215 1071 302 1148; x_wconf 90' lang='grc' dir='ltr'>μέρεα</span> <span class='ocrx_word' id='word_1_81' title='bbox 320 1076 369 1147; x_wconf 89' lang='grc' dir='ltr'>τῆς</span> <span class='ocrx_word' id='word_1_82' title='bbox 387 1072 499 1148; x_wconf 86' lang='grc' dir='ltr'>ῆμέρης,</span> <span class='ocrx_word' id='word_1_83' title='bbox 516 1071 593 1149; x_wconf 81' lang='grc' dir='ltr'>παρά</span> <span class='ocrx_word' id='word_1_84' title='bbox 615 1072 806 1147; x_wconf 81' lang='grc' dir='ltr'>Βαβυλωνίων</span> <span class='ocrx_word' id='word_1_85' title='bbox 827 1072 932 1149; x_wconf 83' lang='grc' dir='ltr'>ἔμαθον</span> 
     </span>
    </p>

    <p class='ocr_par' dir='ltr' id='par_1_2' title="bbox 86 1159 938 2471">
     <span class='ocr_line' id='line_1_13' title="bbox 86 1159 930 1242; baseline -0.002 -21"><span class='ocrx_word' id='word_1_86' title='bbox 86 1161 141 1222; x_wconf 86' lang='grc' dir='ltr'>ΙΙΟ</span> <span class='ocrx_word' id='word_1_87' title='bbox 152 1164 177 1219; x_wconf 87' lang='grc' dir='ltr'>οἱ</span> <span class='ocrx_word' id='word_1_88' title='bbox 187 1159 335 1234; x_wconf 86' lang='grc' dir='ltr'>Ἕλληνες.</span> <span class='ocrx_word' id='word_1_89' title='bbox 370 1160 511 1223; x_wconf 76' lang='grc' dir='ltr'>Βασιλεδς</span> <span class='ocrx_word' id='word_1_90' title='bbox 524 1164 576 1237; x_wconf 85' lang='grc' dir='ltr'>μὲν</span> <span class='ocrx_word' id='word_1_91' title='bbox 590 1159 623 1236; x_wconf 88' lang='grc' dir='ltr'>δῆ</span> <span class='ocrx_word' id='word_1_92' title='bbox 639 1159 719 1222; x_wconf 74' lang='grc' dir='ltr'>οὗτος</span> <span class='ocrx_word' id='word_1_93' title='bbox 731 1164 834 1237; x_wconf 85' lang='grc' dir='ltr'>μοῦνος</span> <span class='ocrx_word' id='word_1_94' title='bbox 847 1161 930 1242; x_wconf 79' lang='grc' dir='ltr'>Αἷγό·</span> 
     </span>
     <span class='ocr_line' id='line_1_14' title="bbox 129 1247 931 1326; baseline 0.002 -19"><span class='ocrx_word' id='word_1_95' title='bbox 129 1274 209 1310; x_wconf 88' lang='grc' dir='ltr'>πτιος</span> <span class='ocrx_word' id='word_1_96' title='bbox 225 1248 372 1323; x_wconf 79' lang='grc' dir='ltr'>Αἰθιοπίης</span> <span class='ocrx_word' id='word_1_97' title='bbox 387 1248 464 1323; x_wconf 81' lang='grc' dir='ltr'>ἦρξε.</span> <span class='ocrx_word' id='word_1_98' title='bbox 504 1248 672 1325; x_wconf 88' lang='grc' dir='ltr'>μνημόσυνα</span> <span class='ocrx_word' id='word_1_99' title='bbox 692 1249 722 1306; x_wconf 80' lang='grc' dir='ltr'>δὲ</span> <span class='ocrx_word' id='word_1_100' title='bbox 743 1247 855 1308; x_wconf 82' lang='grc' dir='ltr'>ἐλίπετο</span> <span class='ocrx_word' id='word_1_101' title='bbox 875 1252 931 1326; x_wconf 86' lang='grc' dir='ltr'>πρδ</span> 
     </span>
     <span class='ocr_line' id='line_1_15' title="bbox 129 1335 931 1414; baseline 0 -18"><span class='ocrx_word' id='word_1_102' title='bbox 129 1341 178 1396; x_wconf 82' lang='grc' dir='ltr'>τοῦ</span> <span class='ocrx_word' id='word_1_103' title='bbox 191 1336 379 1412; x_wconf 83' lang='grc' dir='ltr'>Ἡφαιστείου</span> <span class='ocrx_word' id='word_1_104' title='bbox 398 1335 560 1412; x_wconf 78' lang='grc' dir='ltr'>ἀνδριάντας</span> <span class='ocrx_word' id='word_1_105' title='bbox 580 1337 711 1406; x_wconf 85' lang='grc' dir='ltr'>λιθίνους,</span> <span class='ocrx_word' id='word_1_106' title='bbox 728 1335 776 1394; x_wconf 80' lang='grc' dir='ltr'>δύο</span> <span class='ocrx_word' id='word_1_107' title='bbox 791 1337 843 1411; x_wconf 74' lang='grc' dir='ltr'>μὲν</span> <span class='ocrx_word' id='word_1_108' title='bbox 856 1337 931 1414; x_wconf 82' lang='grc' dir='ltr'>τριή-</span> 
     </span>
     <span class='ocr_line' id='line_1_16' title="bbox 131 1423 931 1503; baseline 0.003 -21"><span class='ocrx_word' id='word_1_109' title='bbox 131 1450 215 1484; x_wconf 87' lang='grc' dir='ltr'>κοντα</span> <span class='ocrx_word' id='word_1_110' title='bbox 232 1424 352 1502; x_wconf 82' lang='grc' dir='ltr'>πήχεων,</span> <span class='ocrx_word' id='word_1_111' title='bbox 372 1424 471 1483; x_wconf 78' lang='grc' dir='ltr'>ἑωυτόν</span> <span class='ocrx_word' id='word_1_112' title='bbox 488 1450 519 1483; x_wconf 93' lang='grc' dir='ltr'>τε</span> <span class='ocrx_word' id='word_1_113' title='bbox 540 1425 587 1482; x_wconf 86' lang='grc' dir='ltr'>καὶ</span> <span class='ocrx_word' id='word_1_114' title='bbox 606 1423 658 1498; x_wconf 86' lang='grc' dir='ltr'>τῆν</span> <span class='ocrx_word' id='word_1_115' title='bbox 677 1427 802 1503; x_wconf 84' lang='grc' dir='ltr'>γυναῖκα,</span> <span class='ocrx_word' id='word_1_116' title='bbox 821 1423 886 1488; x_wconf 75' lang='grc' dir='ltr'>τούς</span> <span class='ocrx_word' id='word_1_117' title='bbox 902 1425 931 1484; x_wconf 84' lang='grc' dir='ltr'>δὲ</span> 
     </span>
     <span class='ocr_line' id='line_1_17' title="bbox 130 1512 931 1590; baseline 0.004 -20"><span class='ocrx_word' id='word_1_118' title='bbox 130 1513 230 1576; x_wconf 79' lang='grc' dir='ltr'>παῖδας</span> <span class='ocrx_word' id='word_1_119' title='bbox 257 1513 352 1575; x_wconf 85' lang='grc' dir='ltr'>ἐόντας</span> <span class='ocrx_word' id='word_1_120' title='bbox 377 1513 523 1589; x_wconf 89' lang='grc' dir='ltr'>τέσσερας,</span> <span class='ocrx_word' id='word_1_121' title='bbox 549 1513 638 1570; x_wconf 82' lang='grc' dir='ltr'>εἴκοσι</span> <span class='ocrx_word' id='word_1_122' title='bbox 664 1512 775 1590; x_wconf 86' lang='grc' dir='ltr'>πήχεων</span> <span class='ocrx_word' id='word_1_123' title='bbox 803 1512 931 1573; x_wconf 77' lang='grc' dir='ltr'>ἕκαστον.</span> 
     </span>
     <span class='ocr_line' id='line_1_18' title="bbox 129 1599 932 1679; baseline 0.001 -19"><span class='ocrx_word' id='word_1_124' title='bbox 129 1605 184 1660; x_wconf 85' lang='grc' dir='ltr'>τών</span> <span class='ocrx_word' id='word_1_125' title='bbox 209 1601 242 1677; x_wconf 87' lang='grc' dir='ltr'>δῆ</span> <span class='ocrx_word' id='word_1_126' title='bbox 270 1600 286 1660; x_wconf 88' lang='grc' dir='ltr'>ό</span> <span class='ocrx_word' id='word_1_127' title='bbox 311 1602 383 1676; x_wconf 76' lang='grc' dir='ltr'>ἱρεός</span> <span class='ocrx_word' id='word_1_128' title='bbox 409 1605 459 1660; x_wconf 82' lang='grc' dir='ltr'>τοῦ</span> <span class='ocrx_word' id='word_1_129' title='bbox 480 1601 642 1676; x_wconf 88' lang='grc' dir='ltr'>Ἡφαίστου</span> <span class='ocrx_word' id='word_1_130' title='bbox 668 1599 759 1679; x_wconf 82' lang='grc' dir='ltr'>χρόνῳ</span> <span class='ocrx_word' id='word_1_131' title='bbox 784 1601 932 1677; x_wconf 88' lang='grc' dir='ltr'>μετέπειτα</span> 
     </span>
     <span class='ocr_line' id='line_1_19' title="bbox 130 1687 938 1767; baseline 0.001 -19"><span class='ocrx_word' id='word_1_132' title='bbox 130 1693 230 1767; x_wconf 77' lang='grc' dir='ltr'>πολλῷ</span> <span class='ocrx_word' id='word_1_133' title='bbox 257 1693 377 1764; x_wconf 80' lang='grc' dir='ltr'>Δαρεῖον</span> <span class='ocrx_word' id='word_1_134' title='bbox 397 1689 446 1748; x_wconf 82' lang='grc' dir='ltr'>τόν</span> <span class='ocrx_word' id='word_1_135' title='bbox 466 1690 583 1765; x_wconf 88' lang='grc' dir='ltr'>Πέρσην</span> <span class='ocrx_word' id='word_1_136' title='bbox 610 1687 642 1747; x_wconf 79' lang='grc' dir='ltr'>οὔ</span> <span class='ocrx_word' id='word_1_137' title='bbox 669 1688 787 1765; x_wconf 87' lang='grc' dir='ltr'>περιεῖδε</span> <span class='ocrx_word' id='word_1_138' title='bbox 814 1688 938 1749; x_wconf 80' lang='grc' dir='ltr'>ἱστάντα</span> 
     </span>
     <span class='ocr_line' id='line_1_20' title="bbox 131 1775 932 1857; baseline 0.002 -23"><span class='ocrx_word' id='word_1_139' title='bbox 131 1777 290 1853; x_wconf 81' lang='grc' dir='ltr'>ἔμπροσθεν</span> <span class='ocrx_word' id='word_1_140' title='bbox 303 1776 459 1853; x_wconf 86' lang='grc' dir='ltr'>άνδριόντα,</span> <span class='ocrx_word' id='word_1_141' title='bbox 479 1776 536 1851; x_wconf 80' lang='grc' dir='ltr'>φάς</span> <span class='ocrx_word' id='word_1_142' title='bbox 556 1775 610 1834; x_wconf 77' lang='grc' dir='ltr'>“οό</span> <span class='ocrx_word' id='word_1_143' title='bbox 629 1779 655 1835; x_wconf 85' lang='grc' dir='ltr'>οἱ</span> <span class='ocrx_word' id='word_1_144' title='bbox 673 1777 846 1851; x_wconf 82' lang='grc' dir='ltr'>πεποιῆσθαι</span> <span class='ocrx_word' id='word_1_145' title='bbox 864 1777 932 1857; x_wconf 81' lang='grc' dir='ltr'>ἔργα</span> 
     </span>
     <span class='ocr_line' id='line_1_21' title="bbox 131 1863 932 1945; baseline 0.004 -23"><span class='ocrx_word' id='word_1_146' title='bbox 131 1863 177 1922; x_wconf 86' lang='grc' dir='ltr'>οἶά</span> <span class='ocrx_word' id='word_1_147' title='bbox 190 1890 241 1940; x_wconf 89' lang='grc' dir='ltr'>περ</span> <span class='ocrx_word' id='word_1_148' title='bbox 257 1863 403 1941; x_wconf 74' lang='grc' dir='ltr'>Σεσώστρι</span> <span class='ocrx_word' id='word_1_149' title='bbox 416 1869 453 1942; x_wconf 77' lang='grc' dir='ltr'>τῷ</span> <span class='ocrx_word' id='word_1_150' title='bbox 467 1865 618 1944; x_wconf 74' lang='grc' dir='ltr'>Αἰγυπτίῳ.</span> <span class='ocrx_word' id='word_1_151' title='bbox 641 1866 803 1941; x_wconf 81' lang='grc' dir='ltr'>Σέσωστριν</span> <span class='ocrx_word' id='word_1_152' title='bbox 811 1866 863 1942; x_wconf 70' lang='grc' dir='ltr'>μὲν</span> <span class='ocrx_word' id='word_1_153' title='bbox 875 1867 932 1945; x_wconf 85' lang='grc' dir='ltr'>γάρ</span> 
     </span>
     <span class='ocr_line' id='line_1_22' title="bbox 131 1951 931 2029; baseline 0.003 -19"><span class='ocrx_word' id='word_1_154' title='bbox 131 1951 208 2010; x_wconf 77' lang='grc' dir='ltr'>ἅλλα</span> <span class='ocrx_word' id='word_1_155' title='bbox 221 1978 251 2010; x_wconf 92' lang='grc' dir='ltr'>τε</span> <span class='ocrx_word' id='word_1_156' title='bbox 266 1951 515 2029; x_wconf 79' lang='grc' dir='ltr'>καταστρέψασθαι</span> <span class='ocrx_word' id='word_1_157' title='bbox 529 1953 608 2010; x_wconf 78' lang='grc' dir='ltr'>ἔθνεα</span> <span class='ocrx_word' id='word_1_158' title='bbox 626 1951 675 2010; x_wconf 76' lang='grc' dir='ltr'>οὐκ</span> <span class='ocrx_word' id='word_1_159' title='bbox 690 1951 805 2010; x_wconf 82' lang='grc' dir='ltr'>ἐλάσσω</span> <span class='ocrx_word' id='word_1_160' title='bbox 819 1953 931 2023; x_wconf 86' lang='grc' dir='ltr'>ἐκείνου,</span> 
     </span>
     <span class='ocr_line' id='line_1_23' title="bbox 133 2039 932 2116; baseline 0.004 -19"><span class='ocrx_word' id='word_1_161' title='bbox 133 2040 178 2097; x_wconf 88' lang='grc' dir='ltr'>καὶ</span> <span class='ocrx_word' id='word_1_162' title='bbox 206 2039 238 2114; x_wconf 91' lang='grc' dir='ltr'>δῆ</span> <span class='ocrx_word' id='word_1_163' title='bbox 267 2040 314 2097; x_wconf 86' lang='grc' dir='ltr'>καὶ</span> <span class='ocrx_word' id='word_1_164' title='bbox 341 2039 457 2102; x_wconf 76' lang='grc' dir='ltr'>Σκύθας·</span> <span class='ocrx_word' id='word_1_165' title='bbox 500 2043 620 2116; x_wconf 80' lang='grc' dir='ltr'>Δαρεῖον</span> <span class='ocrx_word' id='word_1_166' title='bbox 647 2040 675 2098; x_wconf 80' lang='grc' dir='ltr'>δὲ</span> <span class='ocrx_word' id='word_1_167' title='bbox 703 2039 734 2098; x_wconf 80' lang='grc' dir='ltr'>οὗ</span> <span class='ocrx_word' id='word_1_168' title='bbox 762 2040 932 2115; x_wconf 80' lang='grc' dir='ltr'>δυνασθῆναι</span> 
     </span>
     <span class='ocr_line' id='line_1_24' title="bbox 133 2126 932 2204; baseline 0.006 -20"><span class='ocrx_word' id='word_1_169' title='bbox 133 2126 241 2190; x_wconf 77' lang='grc' dir='ltr'>Σκύθας</span> <span class='ocrx_word' id='word_1_170' title='bbox 254 2131 336 2185; x_wconf 77' lang='grc' dir='ltr'>ἑλεῖν.</span> <span class='ocrx_word' id='word_1_171' title='bbox 359 2126 444 2185; x_wconf 82' lang='grc' dir='ltr'>οίκων</span> <span class='ocrx_word' id='word_1_172' title='bbox 459 2128 563 2186; x_wconf 87' lang='grc' dir='ltr'>δίκαιον</span> <span class='ocrx_word' id='word_1_173' title='bbox 579 2129 648 2186; x_wconf 84' lang='grc' dir='ltr'>εἶναι</span> <span class='ocrx_word' id='word_1_174' title='bbox 665 2127 776 2187; x_wconf 83' lang='grc' dir='ltr'>ἱστάναι</span> <span class='ocrx_word' id='word_1_175' title='bbox 789 2129 932 2204; x_wconf 81' lang='grc' dir='ltr'>ἔμπροσθε</span> 
     </span>
     <span class='ocr_line' id='line_1_25' title="bbox 131 2213 932 2292; baseline 0.002 -18"><span class='ocrx_word' id='word_1_176' title='bbox 131 2219 185 2274; x_wconf 77' lang='grc' dir='ltr'>τῶν</span> <span class='ocrx_word' id='word_1_177' title='bbox 207 2216 309 2274; x_wconf 89' lang='grc' dir='ltr'>ἐκείνου</span> <span class='ocrx_word' id='word_1_178' title='bbox 330 2214 521 2290; x_wconf 77' lang='grc' dir='ltr'>ἀναθημάτων,</span> <span class='ocrx_word' id='word_1_179' title='bbox 542 2215 583 2291; x_wconf 87' lang='grc' dir='ltr'>μῆ</span> <span class='ocrx_word' id='word_1_180' title='bbox 608 2214 657 2274; x_wconf 80' lang='grc' dir='ltr'>οὐκ</span> <span class='ocrx_word' id='word_1_181' title='bbox 680 2213 932 2292; x_wconf 74' lang='grc' dir='ltr'>ὑπερβαλλόμενον</span> 
     </span>
     <span class='ocr_line' id='line_1_26' title="bbox 131 2302 932 2383; baseline 0.004 -22"><span class='ocrx_word' id='word_1_182' title='bbox 131 2306 208 2362; x_wconf 85' lang='grc' dir='ltr'>τοῖσι</span> <span class='ocrx_word' id='word_1_183' title='bbox 236 2302 367 2382; x_wconf 86' lang='grc' dir='ltr'>έργοισι.”</span> <span class='ocrx_word' id='word_1_184' title='bbox 409 2308 529 2380; x_wconf 86' lang='grc' dir='ltr'>Δαρεῖον</span> <span class='ocrx_word' id='word_1_185' title='bbox 557 2304 610 2379; x_wconf 90' lang='grc' dir='ltr'>μέν</span> <span class='ocrx_word' id='word_1_186' title='bbox 641 2330 689 2363; x_wconf 93' lang='grc' dir='ltr'>νυν</span> <span class='ocrx_word' id='word_1_187' title='bbox 718 2303 836 2383; x_wconf 86' lang='grc' dir='ltr'>λέγουσι</span> <span class='ocrx_word' id='word_1_188' title='bbox 862 2304 932 2382; x_wconf 82' lang='grc' dir='ltr'>πρός</span> 
     </span>
     <span class='ocr_line' id='line_1_27' title="bbox 131 2390 599 2471; baseline 0 -21"><span class='ocrx_word' id='word_1_189' title='bbox 131 2396 219 2450; x_wconf 86' lang='grc' dir='ltr'>ταῦτα</span> <span class='ocrx_word' id='word_1_190' title='bbox 233 2391 401 2471; x_wconf 78' lang='grc' dir='ltr'>συγγνώμην</span> <span class='ocrx_word' id='word_1_191' title='bbox 415 2390 599 2467; x_wconf 86' lang='grc' dir='ltr'>ποιήσασθαι·</span> 
     </span>
    </p>

    <p class='ocr_par' dir='ltr' id='par_1_3' title="bbox 89 2478 933 3176">
     <span class='ocr_line' id='line_1_28' title="bbox 89 2478 932 2560; baseline 0.001 -22"><span class='ocrx_word' id='word_1_192' title='bbox 89 2481 141 2543; x_wconf 75' lang='lat' dir='ltr'>Ill</span> <span class='ocrx_word' id='word_1_193' title='bbox 173 2478 349 2555; x_wconf 76' lang='grc' dir='ltr'>Σεσώστριος</span> <span class='ocrx_word' id='word_1_194' title='bbox 365 2480 394 2538; x_wconf 83' lang='grc' dir='ltr'>δὲ</span> <span class='ocrx_word' id='word_1_195' title='bbox 412 2479 640 2558; x_wconf 80' lang='grc' dir='ltr'>τελευτήσαντος,</span> <span class='ocrx_word' id='word_1_196' title='bbox 656 2479 821 2548; x_wconf 79' lang='grc' dir='ltr'>ἐκδέξασθαι</span> <span class='ocrx_word' id='word_1_197' title='bbox 835 2480 932 2560; x_wconf 87' lang='grc' dir='ltr'>ἔλεγον</span> 
     </span>
     <span class='ocr_line' id='line_1_29' title="bbox 132 2566 931 2644; baseline -0.001 -17"><span class='ocrx_word' id='word_1_198' title='bbox 132 2566 184 2643; x_wconf 89' lang='grc' dir='ltr'>τῆν</span> <span class='ocrx_word' id='word_1_199' title='bbox 199 2567 356 2644; x_wconf 76' lang='grc' dir='ltr'>βασιληίην</span> <span class='ocrx_word' id='word_1_200' title='bbox 374 2568 423 2627; x_wconf 82' lang='grc' dir='ltr'>τόν</span> <span class='ocrx_word' id='word_1_201' title='bbox 441 2568 528 2626; x_wconf 84' lang='grc' dir='ltr'>παῖδα</span> <span class='ocrx_word' id='word_1_202' title='bbox 544 2567 628 2626; x_wconf 83' lang='grc' dir='ltr'>αίτοῦ</span> <span class='ocrx_word' id='word_1_203' title='bbox 645 2572 748 2643; x_wconf 76' lang='grc' dir='ltr'>Φερῶν·</span> <span class='ocrx_word' id='word_1_204' title='bbox 768 2567 818 2626; x_wconf 85' lang='grc' dir='ltr'>τόν</span> <span class='ocrx_word' id='word_1_205' title='bbox 832 2567 931 2627; x_wconf 81' lang='grc' dir='ltr'>άποδέ·</span> 
     </span>
     <span class='ocr_line' id='line_1_30' title="bbox 133 2655 932 2734; baseline 0.005 -22"><span class='ocrx_word' id='word_1_206' title='bbox 133 2656 237 2725; x_wconf 83' lang='grc' dir='ltr'>ξασθαι</span> <span class='ocrx_word' id='word_1_207' title='bbox 257 2658 308 2731; x_wconf 83' lang='grc' dir='ltr'>μὲν</span> <span class='ocrx_word' id='word_1_208' title='bbox 333 2655 462 2731; x_wconf 77' lang='grc' dir='ltr'>οὐδεμίαν</span> <span class='ocrx_word' id='word_1_209' title='bbox 488 2655 650 2732; x_wconf 86' lang='grc' dir='ltr'>στρατηίην,</span> <span class='ocrx_word' id='word_1_210' title='bbox 672 2658 883 2734; x_wconf 88' lang='grc' dir='ltr'>συνενειχθῆναι</span> <span class='ocrx_word' id='word_1_211' title='bbox 903 2657 932 2716; x_wconf 80' lang='grc' dir='ltr'>δέ</span> 
     </span>
     <span class='ocr_line' id='line_1_31' title="bbox 133 2742 931 2823; baseline 0.003 -22"><span class='ocrx_word' id='word_1_212' title='bbox 133 2747 160 2802; x_wconf 79' lang='grc' dir='ltr'>οἱ</span> <span class='ocrx_word' id='word_1_213' title='bbox 172 2743 283 2819; x_wconf 83' lang='grc' dir='ltr'>τυφλόν</span> <span class='ocrx_word' id='word_1_214' title='bbox 300 2743 431 2823; x_wconf 87' lang='grc' dir='ltr'>γενέσθαι</span> <span class='ocrx_word' id='word_1_215' title='bbox 447 2742 492 2802; x_wconf 80' lang='grc' dir='ltr'>διά</span> <span class='ocrx_word' id='word_1_216' title='bbox 511 2742 587 2802; x_wconf 87' lang='grc' dir='ltr'>ποιόν</span> <span class='ocrx_word' id='word_1_217' title='bbox 606 2769 618 2801; x_wconf 90' lang='grc' dir='ltr'>ε</span> <span class='ocrx_word' id='word_1_218' title='bbox 636 2747 762 2823; x_wconf 82' lang='grc' dir='ltr'>πρῆγμα·</span> <span class='ocrx_word' id='word_1_219' title='bbox 783 2748 833 2802; x_wconf 85' lang='grc' dir='ltr'>τοῦ</span> <span class='ocrx_word' id='word_1_220' title='bbox 846 2769 931 2803; x_wconf 86' lang='grc' dir='ltr'>ποτα-</span> 
     </span>
     <span class='ocr_line' id='line_1_32' title="bbox 133 2829 933 2911; baseline 0.001 -21"><span class='ocrx_word' id='word_1_221' title='bbox 133 2836 188 2907; x_wconf 85' lang='grc' dir='ltr'>μοῦ</span> <span class='ocrx_word' id='word_1_222' title='bbox 206 2830 389 2894; x_wconf 89' lang='grc' dir='ltr'>κατελθόντος</span> <span class='ocrx_word' id='word_1_223' title='bbox 409 2832 531 2911; x_wconf 87' lang='grc' dir='ltr'>μέγιστα</span> <span class='ocrx_word' id='word_1_224' title='bbox 551 2830 584 2905; x_wconf 88' lang='grc' dir='ltr'>δῆ</span> <span class='ocrx_word' id='word_1_225' title='bbox 604 2829 668 2890; x_wconf 86' lang='grc' dir='ltr'>τότε</span> <span class='ocrx_word' id='word_1_226' title='bbox 690 2829 731 2889; x_wconf 83' lang='grc' dir='ltr'>ἐπ’</span> <span class='ocrx_word' id='word_1_227' title='bbox 749 2830 933 2891; x_wconf 85' lang='grc' dir='ltr'>ὀκτωκαίδεκα</span> 
     </span>
     <span class='ocr_line' id='line_1_33' title="bbox 134 2917 933 2998; baseline 0.004 -22"><span class='ocrx_word' id='word_1_228' title='bbox 134 2919 249 2998; x_wconf 83' lang='grc' dir='ltr'>πήχεας,</span> <span class='ocrx_word' id='word_1_229' title='bbox 279 2918 314 2981; x_wconf 86' lang='grc' dir='ltr'>ώς</span> <span class='ocrx_word' id='word_1_230' title='bbox 347 2918 507 2996; x_wconf 77' lang='grc' dir='ltr'>ὑπερέβαλε</span> <span class='ocrx_word' id='word_1_231' title='bbox 538 2918 588 2981; x_wconf 86' lang='grc' dir='ltr'>τάς</span> <span class='ocrx_word' id='word_1_232' title='bbox 617 2917 744 2995; x_wconf 82' lang='grc' dir='ltr'>άροόρας,</span> <span class='ocrx_word' id='word_1_233' title='bbox 777 2919 933 2997; x_wconf 79' lang='grc' dir='ltr'>πνεόματος</span> 
     </span>
     <span class='ocr_line' id='line_1_34' title="bbox 134 3005 933 3086; baseline 0.003 -21"><span class='ocrx_word' id='word_1_234' title='bbox 134 3005 313 3082; x_wconf 89' lang='grc' dir='ltr'>ἐμπεσόντος,</span> <span class='ocrx_word' id='word_1_235' title='bbox 339 3007 471 3083; x_wconf 87' lang='grc' dir='ltr'>κυματίης</span> <span class='ocrx_word' id='word_1_236' title='bbox 493 3006 508 3066; x_wconf 82' lang='grc' dir='ltr'>ό</span> <span class='ocrx_word' id='word_1_237' title='bbox 530 3006 656 3081; x_wconf 79' lang='grc' dir='ltr'>ποταμός</span> <span class='ocrx_word' id='word_1_238' title='bbox 677 3008 794 3086; x_wconf 84' lang='grc' dir='ltr'>ἐγένετο·</span> <span class='ocrx_word' id='word_1_239' title='bbox 828 3008 877 3067; x_wconf 80' lang='grc' dir='ltr'>τόν</span> <span class='ocrx_word' id='word_1_240' title='bbox 904 3008 933 3067; x_wconf 87' lang='grc' dir='ltr'>δὲ</span> 
     </span>
     <span class='ocr_line' id='line_1_35' title="bbox 115 3093 933 3176; baseline 0.006 -25"><span class='ocrx_word' id='word_1_241' title='bbox 115 3094 256 3165; x_wconf 69' lang='grc' dir='ltr'>βασιλέα</span> <span class='ocrx_word' id='word_1_242' title='bbox 280 3094 404 3176; x_wconf 89' lang='grc' dir='ltr'>λέγουσι</span> <span class='ocrx_word' id='word_1_243' title='bbox 430 3097 530 3155; x_wconf 85' lang='grc' dir='ltr'>τοῦτον</span> <span class='ocrx_word' id='word_1_244' title='bbox 559 3093 719 3172; x_wconf 86' lang='grc' dir='ltr'>άτασθαλίη</span> <span class='ocrx_word' id='word_1_245' title='bbox 746 3094 933 3173; x_wconf 86' lang='grc' dir='ltr'>χρησάμενον,</span> 
     </span>
    </p>

    <p class='ocr_par' dir='ltr' id='par_1_4' title="bbox 102 3180 942 3265">
     <span class='ocr_line' id='line_1_36' title="bbox 102 3180 942 3265; baseline 0.005 -28"><span class='ocrx_word' id='word_1_246' title='bbox 102 3180 251 3256; x_wconf 81' lang='grc' dir='ltr'>λαβόντα</span> <span class='ocrx_word' id='word_1_247' title='bbox 274 3185 389 3265; x_wconf 83' lang='grc' dir='ltr'>αἰχμῆν</span> <span class='ocrx_word' id='word_1_248' title='bbox 414 3185 536 3264; x_wconf 83' lang='grc' dir='ltr'>βαλέειν</span> <span class='ocrx_word' id='word_1_249' title='bbox 563 3189 592 3248; x_wconf 84' lang='grc' dir='ltr'>ἐς</span> <span class='ocrx_word' id='word_1_250' title='bbox 617 3184 707 3262; x_wconf 85' lang='grc' dir='ltr'>μέσας</span> <span class='ocrx_word' id='word_1_251' title='bbox 725 3181 778 3244; x_wconf 68' lang='grc' dir='ltr'>τὰς</span> <span class='ocrx_word' id='word_1_252' title='bbox 796 3183 875 3244; x_wconf 72' lang='grc' dir='ltr'>δίνας</span> <span class='ocrx_word' id='word_1_253' title='bbox 891 3186 942 3241; x_wconf 64' lang='grc' dir='ltr'>τάς</span> 
     </span>
    </p>

    <p class='ocr_par' dir='ltr' id='par_1_5' title="bbox 90 3265 962 3354">
     <span class='ocr_line' id='line_1_37' title="bbox 90 3265 962 3354; baseline -0.009 -18"><span class='ocrx_word' id='word_1_254' title='bbox 90 3275 251 3333; x_wconf 59' lang='lat' dir='ltr'>&#39;waltoff‘</span> <span class='ocrx_word' id='word_1_255' title='bbox 295 3275 377 3354; x_wconf 80' lang='grc' dir='ltr'>μετά</span> <span class='ocrx_word' id='word_1_256' title='bbox 409 3277 450 3350; x_wconf 85' lang='grc' dir='ltr'>δὲ,</span> <span class='ocrx_word' id='word_1_257' title='bbox 481 3274 591 3338; x_wconf 77' lang='grc' dir='ltr'>αὐτίκα</span> <span class='ocrx_word' id='word_1_258' title='bbox 624 3269 757 3353; x_wconf 76' lang='grc' dir='ltr'>καμόντα</span> <span class='ocrx_word' id='word_1_259' title='bbox 788 3265 872 3327; x_wconf 70' lang='grc' dir='ltr'>αἰπδν</span> <span class='ocrx_word' id='word_1_260' title='bbox 892 3271 962 3328; x_wconf 66' lang='grc' dir='ltr'>τους</span> 
     </span>
    </p>
   </div>
   <div class='ocr_carea' id='block_1_2' title="bbox 0 0 1027 3464">
    <p class='ocr_par' dir='ltr' id='par_1_6' title="bbox 0 0 1027 3464">
     <span class='ocr_line' id='line_1_38' title="bbox 0 0 1027 3464; baseline 0 0"><span class='ocrx_word' id='word_1_261' title='bbox 0 0 1027 3464; x_wconf 95' lang='lat' dir='ltr'> </span> 
     </span>
    </p>
   </div>
  </div>
 </body>
</html>
