2040 3464
84 108 195 173 82-87]
412 113 575 162 ΕΤΤΕΡΙΙΗ.
837 108 885 159 147

84 189 132 248 καὶ
149 187 204 264 τήν
219 189 272 267 μέν
285 190 510 268 σπουδαιοτάτην
528 190 632 251 αῦτέων
650 188 726 265 φασὶ
745 185 824 258 εἴναι,
837 186 887 246 τοῦ

83 275 135 335 ούκ
149 274 229 337 ὅσιον
241 281 373 355 ποιεῦμαι
386 277 419 338 τό
433 277 538 356 οὔνομα
552 279 598 337 ἐπὶ
610 275 727 354 τοιούτῳ
740 273 887 354 πρήγματι

83 361 238 440 ὀνομάζειν,
254 365 308 441 τήν
326 366 356 425 δὲ
376 366 505 442 δευτέρην
523 363 664 425 δεικνύασι
682 362 886 438 ὑποδεεστέρην

82 476 115 510 τε
130 451 231 528 ταύτης
250 454 296 511 καὶ
313 453 520 530 εὐτελεστέρην,
533 452 587 528 τήν
602 453 632 512 δὲ
648 452 743 528 τρίτην
758 449 885 509 εῦτελεσ·

82 539 178 614 τάτην·
200 538 361 615 φράσαντες
377 541 407 600 δὲ
424 540 611 601 πυνθάνονται
629 538 694 616 παρ’
708 537 798 597 αῦτιῦν
814 534 885 596 κατά

83 624 180 700 ἥντινα
198 627 357 703 βούλονταί
364 635 429 705 ’σφι
447 629 640 703 σκευασθῆναι
656 625 706 687 τόν
724 624 820 700 νεκρόν
830 650 838 694 ;
860 625 886 683 οἶ

83 717 136 789 μὲν
155 713 189 789 δή
210 714 343 785 ἐκποδῶν,
363 717 458 795 μισθῷ
476 715 714 797 ὁμολογήσαντες,
735 711 884 772 α’παλλάσ-

83 826 193 861 σονται·
221 805 248 862 οἶ
269 803 298 862 δὲ
321 803 540 879 ύπολειπόμενοι
564 810 593 863 ἐν
617 802 752 879 οἰκήμασι
775 798 827 859 ὧδε
849 798 885 860 τά

83 889 293 950 σπουδαιότατα
305 891 495 970 ταριχεύουσι·
512 897 610 968 πρῶτα
622 893 674 967 μὲν
688 892 793 966 σκολιῷ
807 886 884 962 σιδή-

82 1001 123 1053 ρῳ
137 976 182 1035 διά
200 982 255 1037 τῶν
267 979 436 1055 μυξωτήρων
452 978 584 1059 ἐξάγουσι
602 979 652 1039 τόν
668 978 835 1056 ἐγκέφαλον,
849 973 886 1034 τοὶ

83 1067 136 1139 μὲν
149 1063 233 1124 αῦτοῦ
247 1065 318 1126 οὕτω
331 1066 476 1147 ἐξάγοντες
489 1067 524 1125 τά
538 1068 567 1125 δὲ
584 1067 726 1147 ἐγχέοντες
739 1063 884 1139 φάρμακα·

83 1151 155 1227 μετά
173 1152 210 1224 δέ,
224 1154 295 1233 λίθῳ
313 1155 466 1232 Αἰθιοπικῷ
483 1152 543 1224 ὀξέϊ
560 1154 789 1232 παρασχίσαντες
808 1148 885 1226 παρά

83 1239 136 1314 τήν
148 1239 287 1318 λαπάρην,
303 1242 334 1311 ἐξ
349 1241 386 1302 ὧν
400 1243 476 1302 εἶλον
491 1243 543 1316 τήν
557 1242 665 1317 κοιλίην
678 1243 784 1297 πᾶσαν·
807 1242 884 1295 ἐκκα-

85 1326 217 1404 θήραντες
235 1328 265 1387 δὲ
281 1328 368 1405 αύτήν
386 1331 432 1388 καὶ
451 1330 634 1405 διηθήσαντες
653 1328 716 1405 οἴνῳ
731 1323 883 1402 φοινικηίῳ,

85 1415 162 1477 αῦτις
175 1416 317 1492 διηθέουσι
331 1416 489 1494 θυμιήμασι
499 1417 715 1494 τετριμμένοισι·
731 1414 825 1471 ἔπειτα
834 1411 886 1485 τήν

85 1503 168 1577 νηδύν
188 1503 314 1580 σμύρνης
335 1503 474 1580 ἀκηράτου
495 1504 685 1582 τετριμμένης,
709 1501 755 1559 καὶ
777 1499 884 1573 κασίης,

85 1592 132 1648 καὶ
147 1595 202 1650 τῶν
214 1591 310 1651 ἄλλων
323 1592 472 1668 θυωμάτων
488 1592 565 1667 πλήν
578 1593 738 1667 λιβανωτοῦ
755 1585 884 1661 πλήσανι

83 1704 137 1746 τες,
152 1679 346 1756 συρράπτουσι
360 1679 459 1739 ὀπίσω·
477 1683 565 1738 ταῦτα
578 1680 607 1737 δὲ
620 1677 795 1754 ποιήσαντες,
809 1699 883 1750 ταρι-

84 1766 201 1843 χεύουσι
214 1766 299 1845 λίτρῳ
308 1767 459 1845 κρύψαντες
469 1767 574 1845 ἡμέρας
585 1764 787 1844 ἐβδομήκοντα·
801 1764 884 1820 πλεῦ·

85 1879 134 1915 νας
160 1855 189 1912 δὲ
210 1856 329 1914 τουτέων
354 1854 403 1913 ούκ
428 1856 519 1925 ἐξεστι
541 1855 705 1933 ταριχεύειν.
748 1849 832 1910 ἐπεάν
856 1849 885 1908 δὲ

84 1942 249 2016 παρέλθωσι
273 1947 302 2001 αἱ
323 1943 525 2019 ἐβδομήκοντα,
546 1943 699 2006 λούσαντες
719 1940 769 2000 τόν
790 1938 887 2014 νεκρόν

85 2030 301 2090 κατειλίσσουσι
311 2034 368 2090 πᾶν
377 2030 460 2089 αὐτοῦ
471 2031 503 2090 τό
515 2036 598 2107 σῶμα
607 2030 733 2092 σινδόνος
743 2028 885 2105 βυσσίνης

84 2121 231 2194 τελαμῶσι
247 2120 524 2195 κατατετμημένοισι,
539 2119 718 2197 ύποχρίοντες
736 2121 774 2195 τῷ
789 2114 884 2191 κόμμι·

83 2208 123 2283 τῷ
145 2204 179 2280 δή
198 2205 259 2264 οἷντὶ
278 2206 384 2281 κόλλης
404 2206 440 2265 τά
458 2205 555 2265 πολλοί
574 2209 709 2286 χρέωνται
727 2203 885 2284 Αἰγύπτιοι·

85 2293 210 2353 ἐνθεῦτεν
224 2293 253 2352 δέ
270 2293 492 2370 παραδεξάμενοί
504 2321 553 2370 μιν
570 2299 596 2353 οἱ
612 2293 810 2372 προσήκοντες,
824 2315 884 2348 ποι·

85 2384 178 2440 εῦνται
190 2381 301 2450 ξύλινον
313 2381 401 2441 τύπον
415 2381 626 2460 ἀνθρωποειδέα·
648 2380 833 2456 ποιησάμενοι
847 2377 884 2446 δὲ,

85 2474 236 2549 ἐσεργνῦσι
248 2469 297 2529 τόν
310 2469 415 2547 νεκρόν·
437 2473 483 2529 καὶ
502 2471 738 2546 κατακληίσαντες
752 2466 822 2526 οίτω
837 2466 885 2540 θη-

83 2557 260 2633 σαυρίζουσι·
287 2557 328 2639 [ἐν
352 2556 482 2635 οἰκήματι
510 2558 622 2636 θηκαίῳ,
647 2555 773 2617 ἱστάντες
800 2551 886 2628 ὄρθῦν

83 2642 156 2721 πρός
167 2647 273 2722 τοῖχον·
290 2644 360 2704 οὕτω
373 2648 425 2720 μὲν
437 2645 502 2709 τοῦς
515 2645 550 2704 τά
563 2644 795 2704 πολυτελέστατα
805 2664 884 2699 σκευ-

85 2731 185 2802 άζουσι
198 2731 331 2815 νεκρούς]
364 2733 435 2796 Τοῦς
448 2733 477 2791 δέ
490 2732 525 2792 τά
538 2734 614 2809 μέσα
627 2730 818 2808 βουλομένους
834 2727 884 2802 τήν
893 2724 928 2785 δέ

85 2819 116 2879 δὲ
135 2820 324 2896 πολυτεληίην
344 2820 507 2901 φεύγοντας,
529 2820 697 2892 σκευάζουσι
717 2815 777 2876 ὧδε·
803 2812 887 2874 ἐπεάν

84 2907 151 2970 τοῦς
164 2911 325 2985 κλυστῆρας
338 2908 505 2982 πλήσωνται
514 2899 570 2967 Ιτοῦ
585 2907 641 2967 άπὸ
659 2907 756 2983 κέδρου
769 2903 884 2977 α’λείφα·

85 3021 133 3058 τος
141 2997 297 3075 γινομένου,
309 3001 338 3055 ἐν
348 2995 384 3056 ὧν
396 2998 525 3071 ἔπλησαν
534 3000 584 3055 τοῦ
595 2999 692 3071 νεκροῦ
701 2994 757 3069 Ἰτήν
768 2990 886 3065 κοιλίην,

87 3082 151 3142 οὔτε
169 3082 356 3160 ἀναταμόντες
374 3082 459 3143 αὐτόν
480 3081 543 3143 οὔτε
564 3083 705 3152 ἐξελόντες
724 3081 776 3157 τήν
795 3077 887 3154 νηδύν,

87 3170 159 3229 κατὰ
172 3170 202 3229 δὲ
214 3170 266 3247 τήν
282 3170 364 3249 ἕδρην
377 3168 581 3250 ἐσηθήσαντες·
607 3172 655 3233 καλ
667 3161 910 3245 {nmmum}

244 3262 256 3276 Α
301 3259 309 3279 '
337 3261 346 3281 Ι
420 3262 427 3281 ι

77 3255 195 3329 Κλύσμα
218 3285 270 3336 7ης
291 3287 390 3324 Οπισω
413 3263 496 3337 Οδοῦ,
518 3261 721 3348 ταριχεύουσι,
737 3258 798 3321 τὶς
814 3267 937 3327 *nmmo*
