2040 3464
89 110 198 172 ³³-371'
439 108 552 157 ιιιιιια
858 109 885 159 ιτ

87 187 169 253 οὗτος
186 195 213 253 ές
228 191 264 249 τά
280 191 406 265 Κροίσου
422 190 503 259 οἰκία,
517 189 588 248 κατὰ
599 186 700 265 νόμους
711 187 776 250 τούς
792 192 889 265 ἔτιχω-

87 278 163 353 ρίους
184 278 339 352 καθαρσίου
364 277 455 335 ε’δέετο
480 280 608 353 κυρῆσαι·
636 280 761 351 Κροῖσος
786 275 818 334 δέ
840 301 890 351 μιν

87 363 215 442 ε’κάθῃρε·
235 365 310 444 (ἔστι
324 365 355 423 δὲ
367 365 553 440 παραπλησίη
566 362 585 438 ἤ
599 363 734 439 κάθαρσις
745 367 822 422 τοῖσι
834 372 889 421 Λν-

87 450 164 509 δοῖσι
179 452 225 509 καὶ
239 455 317 511 τοῖσι
327 451 477 529 Ἔλλησι·)
499 453 560 509 ε’πεί
572 476 605 509 τε
624 451 654 509 δὲ
670 450 707 509 τά
723 451 889 527 νομιζόμεια

87 539 204 613 ἐποίησε
215 537 233 596 ό
246 542 378 615 Κροῖσος,
392 537 557 598 ἐπυνθάνετο
570 537 668 598 ὁκόθεν
680 564 711 596 τε
723 539 770 596 καὶ
781 540 824 601 τίς
836 539 888 613 εἴη,

86 626 178 705 λέγων
199 625 274 685 τάδε·
296 626 455 702 ’(οἶνθρωπε,
475 627 517 688 τίς
539 651 571 684 τε
593 625 645 684 εἰδν
668 627 713 683 καὶ
735 626 816 685 κόθεν
837 630 888 700 πῆς

86 713 208 793 Φρυγίης
220 713 293 788 ἥκων
306 715 430 776 ἐπίστιος
443 714 504 789 ε’μοὶ
518 714 622 792 ε’γένεος
638 715 700 772 τίια
711 739 743 772 τε
755 711 888 790 άιδρῶνί

86 806 222 880 γυναικῶν
239 800 421 876 ε’φάνευσας;”
441 801 457 860 ό
476 801 506 859 δὲ
523 800 667 877 ἀμείβετο·
693 799 736 858 “ὦ
754 802 887 876 βασιλεῦ,

87 889 207 965 Γορδίεω
225 891 277 966 μὲν
295 893 346 948 τοῦ
365 887 461 948 Μίδειύ
481 892 537 965 εἰμι
556 893 629 959 παῖς,
651 887 838 965 ούιομάζομαι
857 889 888 948 δὲ

82 975 249 1054 Ἄδρηστος·
271 976 411 1052 φονεύσας
430 976 460 1034 δὲ
480 974 619 1051 ἀδελφεόν
637 980 772 1052 ἐμεωυτοῦ
791 975 885 1044 άέκων,

86 1064 201 1140 πάρειμι
214 1064 416 1140 ἐξεληλαμένος
427 1089 458 1123 τε
469 1062 525 1123 ύπὸ
538 1067 587 1122 τοῦ
599 1064 704 1140 πατρός
717 1065 762 1122 καὶ
776 1069 887 1140 ἐστερη-

86 1152 169 1226 μένος
187 1151 321 1211 πάντων.”
362 1153 488 1228 Κροῖσος
507 1150 539 1210 δέ
558 1177 607 1227 μιν
627 1149 761 1226 ἀμείβετο
780 1151 886 1211 τοῖσδε·

87 1236 212 1315 “άνδρῶν
226 1264 258 1297 τε
275 1243 366 1314 φίλων
381 1238 525 1318 τυγχάνεις
541 1240 652 1318 ἔκγονος
665 1237 715 1298 εἰύν
728 1239 774 1297 καὶ
787 1238 886 1314 ε’λήλυ·

87 1325 139 1387 θας
154 1330 181 1388 ἐς
197 1326 307 1400 φίλους,
326 1327 392 1384 ἔνθα
411 1324 602 1403 ἀμηχανήσεις
619 1324 761 1402 χρήματος
779 1325 887 1389 ούδειδς

87 1413 175 1484 μένων
188 1418 217 1473 έν
228 1413 374 1490 ἡμετέρου·
415 1412 567 1489 συμφορήν
580 1412 609 1470 δὲ
622 1411 724 1487 ταύτην
737 1412 773 1475 οἷς
785 1413 887 1488 κουφό-

85 1526 158 1560 ’τοτα
170 1502 262 1577 φέρων
275 1500 425 1578 κερδανέεις
437 1498 599 1560 πλεῖστον.”
639 1498 655 1558 ό
671 1502 722 1576 μὲν
734 1500 768 1576 δη
782 1499 888 1561 δίαιταν

87 1588 146 1665 εἶχε
160 1594 188 1648 έν
201 1590 338 1666 Κροίσου.

135 1675 184 1735 Ἐν
200 1675 230 1734 δὲ
248 1681 287 1755 τῷ
302 1676 374 1756 αύτῷ
391 1675 481 1756 χρόνῳ
495 1674 591 1755 τούτῳ,
608 1680 637 1735 έν
656 1679 694 1754 τῷ
714 1677 816 1756 Μυσίῳ
833 1675 932 1737 Gal-36

86 1763 187 1842 λύμπῳ
197 1765 265 1827 συός
273 1768 370 1842 χρῆμα
378 1766 483 1843 γίνεται
491 1763 575 1843 μέγα·
589 1762 760 1841 ὁρμειύμενος
770 1764 799 1823 δὲ
808 1761 887 1829 οὗτος

87 1857 117 1910 ἐκ
123 1856 172 1911 τοῦ
181 1851 274 1929 οὔρεος
280 1852 379 1911 τούτου
386 1851 422 1912 τά
429 1855 483 1911 τῶν
490 1856 598 1911 Μυσῶν
606 1853 673 1932 ἔργα
681 1853 885 1931 διαφθείρεσκε·

85 1940 211 1998 πολλάκι
224 1938 254 1997 δὲ
267 1943 294 1998 οἱ
307 1940 405 1998 Μυσοὶ
417 1939 458 1998 ἐπ’
470 1938 553 1999 αὐτόν
564 1939 729 2008 ἐξελθόντες,
740 1941 887 2001 ποιέεσκον

87 2029 138 2100 μὲν
154 2027 232 2086 οὐδὲν
249 2025 342 2094 κακόν,
359 2027 484 2106 ἔπασχον
501 2027 530 2085 δὲ
547 2026 617 2103 πρός
635 2026 728 2086 αύτοῦ·
749 2028 830 2092 τέλος
847 2028 885 2098 δὲ,

86 2113 249 2191 α’πικόμενοι
266 2113 342 2190 παρὰ
359 2113 409 2173 τόν
426 2117 553 2190 Κροῖσον
572 2118 627 2173 τῶν
644 2119 753 2176 Μυσῶν
771 2113 886 2196 ἄγγελοι

86 2203 184 2283 ἔλεγον
196 2201 270 2261 τάδε·
292 2201 334 2259 “ὦ
349 2203 482 2277 βασιλεῦ,
495 2200 544 2264 ύδς
560 2206 658 2280 χρῆμα
674 2202 809 2282 μέγιστον
827 2203 886 2262 άνε-

87 2289 163 2365 φάνη
172 2289 240 2366 η’μῖν
254 2294 282 2349 έν
293 2293 330 2367 τῇ
341 2288 426 2368 χάρη,
438 2288 469 2351 ὃς
482 2288 519 2347 τά
532 2290 599 2369 ἔργα
615 2290 777 2365 διαφθείρει·
796 2295 895 2351 τοῦτον

86 2375 305 2453 προθυμεόμενοι
321 2377 407 2436 ἑλέειν
424 2375 455 2434 ού
472 2375 619 2452 δυνάμεθα·
640 2381 688 2436 νῦν
704 2375 740 2436 ὧν
752 2378 887 2454 προσδεό-

85 2463 159 2539 μεθά
172 2490 231 2534 σευ,
245 2463 294 2524 τόν
309 2465 396 2522 παῖδα
415 2465 460 2522 καὶ
479 2463 600 2543 λογάδας
618 2464 725 2539 νεηνίας
741 2466 787 2523 καὶ
805 2465 887 2529 κύνας

86 2553 255 2629 συμπέμψαι
267 2551 342 2627 ἡμῖν,
358 2551 393 2614 ὥς
409 2550 442 2610 ἄν
454 2576 503 2627 μιν
517 2551 651 2627 ἐξέλωμεν
665 2556 695 2610 ἐκ
707 2555 757 2626 τῆς
769 2552 886 2631 χώρης.”

87 2642 113 2697 οἱ
125 2641 177 2716 μὲν
187 2639 221 2714 δή
234 2639 336 2698 τούτων
347 2639 463 2698 ἐδέοντο·
477 2643 602 2714 Κροῖσος
612 2639 642 2698 δὲ
650 2639 826 2715 μνημονεύων
835 2645 886 2699 τοῦ

86 2725 193 2803 ὀνείρου
201 2726 237 2785 τά
248 2726 313 2784 ἔπεα
326 2727 407 2805 ἔλεγέ
418 2733 475 2801 σφι
483 2725 557 2784 τάδε·
572 2724 691 2789 απαιδός
702 2728 754 2802 μὲν
763 2727 826 2802 πέρι
835 2731 887 2786 τοῦ

87 2816 155 2888 ε’μιιῦ
166 2811 207 2888 μψ
220 2814 365 2889 μνησθῆτε
378 2814 427 2872 ἔτι·
446 2812 478 2872 ού
487 2812 542 2892 γάρ
552 2811 586 2872 ἂν
598 2812 664 2890 ύμῖν
676 2815 885 2891 συμπέμψαιμι·

86 2899 222 2981 νεόγαμός
234 2925 264 2959 τε
277 2900 330 2980 γάρ
345 2905 414 2968 ε’στι,
426 2900 472 2958 καὶ
484 2899 571 2960 ταῦτά
584 2904 610 2959 οἶ
623 2904 671 2959 νῦν
683 2901 773 2974 μέλει·
789 2901 886 2962 Λυδῶν

86 2988 181 3063 μέντοι
190 2987 313 3067 λογάδας
326 2987 413 3046 καὶτὰ
424 2986 587 3067 κυνηγέσιον
597 3013 653 3045 παν
663 2988 831 3066 συμπέμψω,
841 2989 887 3048 καὶ

87 3074 302 3150 διακελεύσομαι
318 3078 395 3134 τοῖσι
414 3079 495 3142 ἰοῦσι,
510 3074 579 3133 εἶναι
595 3073 630 3136 ὦς
648 3073 894 3149 προθυμοτάτοισι

87 3162 258 3232 συνεξελέειν
273 3160 340 3240 ὑμῖν
357 3162 392 3224 τό
411 3163 509 3243 θηρίον
530 3167 562 3224 ὲκ
579 3165 634 3240 τῆς
649 3160 768 3243 χύιρηςῖὶ
810 3159 966 3218 ’ἳιίυταῖι

77 3246 227 3326 αμειψατο·
251 3249 484 3335 α’ποχρεωμένων
507 3254 542 3317 δὲ
566 3253 708 3316 τούτοισι
726 3252 787 3310 τιῖιν
806 3247 951 3306 mnarum

149 3333 166 3377 8
