2040 3464
137 110 184 157 τοι
433 113 617 160 ’πτοιοτοπ
883 107 934 174 [τι

135 189 264 262 βασιλέῖ.
304 189 471 267 ἐπέστησαν
488 193 518 251 δὲ
536 190 617 250 αὐτοι
634 193 768 267 τέσσερες
781 191 828 250 καὶ
845 192 936 250 εἰκοσι

136 278 267 346 μυριάδες
283 281 440 358 Αἰγυπτίων
456 285 513 339 τῶν
529 281 660 357 μαχίμων
673 286 701 342 ἐς
717 280 782 342 τοίς
799 279 937 342 Αἰθίοπας

134 364 257 434 τούτους,
268 366 302 425 δι’
315 369 406 442 αἰτίην
417 368 536 442 τοιήνδε·
550 368 596 425 ἐπὶ
603 369 784 445 Ψαμμιτίχου
795 368 936 441 βασιλέος

137 456 263 525 φυλακαὶ
282 455 460 514 κατέστασαν
477 457 506 514 ἔν
522 480 554 514 τε
569 454 760 532 Ἐλεφαντίνῃ
777 453 848 513 πόλι
862 455 934 530 πρός

137 542 285 612 Αἰθιόπων,
300 546 346 600 καὶ
366 549 395 600 ἐν
409 541 546 621 Δάφνῃσι
564 546 633 618 τῇσι
647 544 831 620 Πηλουσίῃσι
844 540 936 622 [ἄλλη

136 628 178 709 δὲ]
205 630 276 705 πρός
297 630 439 706 Ἀραβίων
460 656 493 690 τε
516 631 563 688 καὶ
584 630 687 705 Σόρων,
712 631 758 688 καὶ
782 635 812 688 ἐν
836 632 936 709 Μαρέῃ

136 718 207 794 πρός
222 718 332 793 Λιβόης
348 718 435 793 ἄλλη.
476 720 516 776 ἔτι
536 719 566 776 δὲ
586 717 629 776 ἐπ’
649 721 715 793 ἐμεῦ
735 719 782 776 καί
802 718 936 794 Περσέων

139 806 211 863 κατὰ
222 806 310 864 ταότοί
324 809 353 863 αἰ
367 807 493 881 φυλακαὶ
505 807 612 883 έχουσι,
626 805 662 868 ιός
675 807 721 863 καί
738 807 785 863 ἐπὶ
797 807 936 881 Ψαμμιτί·

136 917 190 970 χου
203 891 286 965 ἦσαν·
308 895 354 951 καί
371 895 427 972 γαρ
440 899 470 953 έν
486 893 674 970 Ἐλεφαντίνῃ
691 895 803 969 Πέρσαι
818 894 935 970 φρουρέ·

136 1006 210 1050 αυσι,
224 982 270 1039 καί
284 986 313 1040 ἐν
327 981 472 1060 Δάφνῃσι.
512 982 578 1044 τους
591 980 628 1039 ὧν
642 982 676 1055 δή
691 983 859 1060 Αἰγυπτίους
871 984 935 1057 τρία

137 1068 200 1127 (ua
215 1070 430 1145 φρυυρίσαντας
450 1070 554 1137 ἀπέλυε
575 1069 663 1131 οὐδεὶς
682 1074 733 1144 τῆς
753 1075 888 1146 φρουρῆς·
908 1073 936 1129 οἰ

138 1155 169 1214 δὲ
202 1158 430 1234 βουλευσόμενοι
463 1159 509 1215 καὶ
542 1162 623 1235 κοινῷ
648 1158 725 1238 λόγῳ
751 1159 935 1236 χρησόμενοι,

136 1243 237 1307 πάντες
262 1245 318 1304 ιίπό
339 1251 389 1305 τοῦ
410 1241 590 1323 Ψαμμιτίχου
610 1245 784 1308 ἀποστάντες
802 1244 888 1320 ἧῐσαν
908 1251 936 1309 ἐς

138 1334 295 1408 Αἰθιοπίην·
324 1335 501 1412 Ψαμμίτιχος
514 1334 544 1392 δὲ
556 1333 711 1408 πυθόμενος
726 1334 828 1392 ἐδίωκε·
858 1333 894 1396 ιός
906 1334 936 1392 δέ

137 1423 288 1496 κατέλαβε,
313 1422 403 1481 ἐδέετο
428 1421 526 1480 πολλὰ
549 1422 647 1500 λέγων,
671 1423 720 1479 καί
741 1428 833 1495 σφεας
856 1423 936 1485 θεοὺς

136 1510 279 1588 πατρῴους
292 1509 442 1569 ἀπολιπεῖν
455 1510 505 1568 οόκ
519 1511 558 1578 ἔα,
572 1511 617 1566 καὶ
630 1510 720 1578 τέκνα,
735 1512 781 1566 καί
793 1512 935 1588 γυναῖκας·

137 1600 193 1656 τῶν
206 1598 237 1657 δέ
247 1623 309 1656 τινα
322 1599 435 1676 λέγεται
448 1597 574 1665 δείξαντα
587 1597 620 1654 τό
635 1598 739 1655 αἰδοῖον
752 1600 838 1656 εἰπεῖν
849 1599 899 1657 “a
917 1625 936 1657 α

137 1682 172 1744 εἰν
184 1690 267 1745 τοῦτο
284 1683 312 1763 ᾖ,
334 1687 450 1745 ἔσεσθαι
468 1685 580 1744 αὐτοῖσι
596 1686 714 1743 ἐνθαῦτα
730 1687 775 1742 καὶ
789 1686 872 1744 τέκνα
889 1687 937 1744 καί

136 1773 292 1852 γυναῖκας.”
332 1771 409 1832 οὗτοι
429 1775 491 1831 ἐπεί
514 1800 545 1833 τε
571 1780 598 1836 ἐς
618 1775 767 1849 Αἰθιοπίην
793 1773 935 1845 ἀπίκοντο,

137 1861 244 1920 διδοῦσι
265 1862 357 1935 σφέας
376 1860 477 1924 αὗτοός
495 1866 534 1940 τῷ
553 1861 693 1920 Αἰθιόπων
713 1863 843 1937 βασιλέϊ·
868 1863 884 1922 ό
905 1863 937 1923 δέ

138 1955 230 2024 σφεας
250 1950 318 2029 τῷδε
341 1949 539 2025 ἀντιδωρέεται·
570 1949 645 2024 ἧσιίν
666 1953 693 2009 οἱ
714 1950 845 2025 διάφοροί
863 1977 936 2015 τινες

135 2038 281 2117 γεγονότες
296 2043 351 2098 τῶν
363 2039 513 2097 Αἰθιόπων·
533 2038 646 2100 τούτους
662 2039 771 2097 ἐκέλευε
790 2038 936 2107 ἐξελόντας

136 2125 188 2201 τήν
201 2126 308 2186 ἐκείνων
319 2131 374 2207 γῆν
387 2128 493 2186 οἰκέειν·
514 2126 617 2186 τοότων
633 2127 663 2184 δὲ
681 2127 894 2187 ἐσοικισθέντων
908 2134 936 2191 ἐς

136 2214 201 2276 τούς
214 2217 357 2284 Αἰθίοπας,
374 2215 543 2291 ἡμερώτεροι
557 2214 693 2295 γεγόνασι
710 2215 850 2284 Αἰθίοπες,
863 2215 936 2291 ἤθεα

135 2302 271 2378 μαθόντες
285 2304 433 2389 Αἰγύπτια.

90 2389 124 2454 ⁸1
176 2394 270 2470 Μέχρι
286 2395 338 2469 μέν
357 2419 405 2452 νυν
420 2393 562 2469 τεσσέρων
580 2396 674 2468 μηνῶν
692 2391 784 2450 πλόου
802 2391 848 2449 καί
867 2391 935 2453 ὁδοῦ

135 2479 301 2560 ’μνιόσκεται
318 2480 333 2540 ό
350 2485 462 2551 Νεῖλος,
475 2481 565 2556 πόρεξ
580 2486 629 2540 τοῦ
647 2486 675 2539 έν
690 2480 820 2560 Λίγίπτῳ
833 2480 936 2556 ῥεόμα·

134 2592 191 2630 τος·
206 2568 349 2648 (τοσοῦτοι
358 2568 414 2648 γιίρ
425 2571 654 2647 συμβαλλομένῳ
664 2574 749 2644 μῆνες
760 2568 936 2644 εὑρίσκονται

136 2653 361 2733 α’ναισιμούμενοι
379 2659 409 2727 ἐξ
424 2657 624 2732 Ἐλεφαντίνης
640 2657 816 2735 πορευομένῳ
830 2661 857 2719 ἐς
869 2657 936 2720 τούς

135 2742 316 2820 Λότομόλους
335 2744 470 2824 τούτους)
491 2746 547 2820 ῥέει
567 2746 596 2804 δὲ
618 2745 673 2803 α’πό
695 2746 814 2821 ἑσπέρης
835 2769 867 2803 τε
888 2747 935 2804 καὶ

138 2830 218 2904 η’λίου
232 2832 368 2910 δυσμέων.
395 2833 428 2892 τό
443 2834 472 2891 δὲ
487 2832 542 2892 α’πό
553 2833 641 2901 τοῦδε,
654 2832 742 2895 οὐδεὶς
753 2835 809 2910 ἔχει
820 2834 936 2908 σαφέως

135 2917 253 2995 φρόσαι·
268 2924 369 2997 ἐρῆμος
378 2920 432 2999 γάρ
445 2926 506 2979 ἐστι
516 2919 534 2995 ἦ
546 2920 624 2999 χιόρη
635 2919 705 2996 αὕτη
717 2920 771 2978 όπό
784 2919 934 2996 καύματος.

88 3008 125 3068 82
134 3006 227 3066 ’Λλλοί
239 3007 304 3067 τόδε
317 3010 368 3084 μὲν
381 3007 490 3082 ἤκουσα
503 3007 607 3083 ἀνδρῶν
622 3009 789 3084 Κυρηναίων,
799 3009 932 3084 φαμένων

124 3095 223 3154 ἐλθεῖν
231 3120 265 3155 τε
274 3096 320 3156 ἐπὶ
333 3094 367 3156 τό
377 3094 526 3173 Ἄμμωνος
539 3096 711 3175 χρηστήριον
720 3096 765 3154 καὶ
779 3094 933 3157 οἰπικέσθαι

108 3181 140 3238 ἐς
152 3180 267 3261 λόγους
280 3183 430 3268 Ἐτεάρχῳ
443 3191 483 3268 τῷ
496 3185 663 3264 Ἀμμωνίων
681 3185 805 3261 βασιλέιι
829 3184 875 3240 καί
887 3209 941 3246 κως

15 3350 17 3355 ,
91 3263 132 3319 θ’
158 3266 265 3342 λίνων
289 3273 399 3338 ἄλλων
426 3275 593 3341 ἐπικέσθαι
618 3280 645 3341 ἰς
673 3273 788 3351 λέσχην
814 3268 883 3344 περὶ
904 3269 961 3327 τοὶ
