2040 3464
135 109 182 154 υοο
442 110 626 158 ἯΡοΔουοι·
872 109 935 174 nv,

133 187 185 261 μὲν
197 188 330 264 χειμῶνός
343 194 405 248 ἐστι
418 188 546 264 ὅσοσπέρ
560 194 630 257 ἐστι,
638 186 728 268 ὀλίγῳ
741 213 772 247 τε
785 187 876 264 μέζων
888 193 937 262 τῆς

135 277 233 333 ἑωυτοῦ
254 275 356 350 φύσιος
375 277 490 356 γίνεται·
516 275 593 335 ὕεται
613 275 668 357 γάρ
688 276 707 350 ή
727 302 765 354 γ.·1
790 273 861 350 αῦτη
887 278 937 334 τοῦ

134 366 268 439 χειμῶνος
288 363 405 439 πάμπαν
423 363 519 444 ὀλίγῳ,
536 367 639 440 νιφετῷ
657 363 687 421 δὲ
705 363 798 421 πάντα
816 363 935 440 χρέεται·

135 452 185 507 τοῦ
207 450 237 506 δέ
259 451 351 525 θέρεος
371 450 398 525 ή
411 450 480 529 χιιῦν
501 451 520 525 ἡ
542 456 571 510 ἐν
593 454 632 528 τῷ
657 455 774 529 χειμῶνι
798 454 936 522 πεσοῦσα,

136 539 222 593 ἐοῦσα
235 536 414 613 ἀμφιλαφής,
428 539 566 614 τηκομένη
580 538 717 603 πάντοθεν
730 537 839 597 ἐσδιδοῖ
851 543 878 600 ἐς
889 537 937 597 τὸν

131 620 255 700 Ἴστρον·
276 624 344 700 αῦτη
357 651 388 683 τε
402 625 435 700 δή
448 625 467 700 ἡ
480 626 549 704 χιών
563 624 715 684 ἐσδιδοῦσα
729 630 756 688 ές
769 624 856 684 αύτδν
869 651 925 700 συμ

136 711 263 786 πληθύει,
275 714 321 769 καὶ
334 711 439 788 ὄμβροι
451 714 559 771 πολλοί
569 739 600 771 τε
614 712 659 771 καὶ
672 711 781 788 λάβροι
794 712 850 771 σῦν
859 712 929 790 αὐτῇ

136 797 177 856 ῦει
189 799 243 878 γάρ
257 799 290 873 δή
305 798 338 858 τῦ
351 800 439 875 θέρος·
460 800 519 878 ὅσῳ
532 800 562 858 δὲ
573 799 662 858 πλέον
676 799 718 858 ἐπ’
727 799 829 860 ἑωυτῦν
841 799 913 875 ὕδωρ
923 828 939 859 ο

136 885 216 960 ἥλιος
227 888 373 946 ἐπέλκεται
386 890 460 965 ἐντῷ
474 888 547 964 θέρεϊ
559 885 578 963 ἢ
592 892 667 964 ἐντῷ
675 892 799 965 χειμῶνι,
813 887 939 966 τοσούτῳ

137 973 172 1030 τά
188 974 405 1055 συμμισγόμενα
418 979 456 1052 τῷ
470 973 573 1052 Ἴστρῳ
586 973 795 1033 πολλαπλάσια
812 979 875 1034 ἐστι
890 980 939 1033 τοῦ

139 1062 232 1136 θέρεος
239 1060 310 1137 ήπερ
319 1066 369 1121 τοῦ
376 1066 520 1140 χειμῶνος·
535 1062 725 1137 ἀντιτιθέμενα
733 1062 763 1119 δὲ
771 1066 860 1120 ταῦτα
869 1061 939 1120 άντι-

140 1148 263 1224 σήκωσις
275 1150 387 1228 γίνεται,
398 1149 469 1208 ὥστε
482 1149 546 1208 ἴσον
558 1175 607 1226 μιν
620 1150 673 1207 αἰεὶ
687 1149 841 1222 φαίνεσθαι
851 1148 939 1209 ἐόντα.

91 1239 127 1295 51
182 1237 232 1298 Εἷς
248 1239 301 1312 μὲν
318 1237 351 1311 δή
370 1241 424 1295 τῶν
439 1241 573 1313 ποταμῶν
592 1239 669 1296 τοῖσι
690 1235 821 1314 Σκύθησί
839 1241 902 1296 ἐστι
924 1235 940 1295 ά

133 1323 257 1400 Ἴστρος·
277 1325 348 1399 μετά
367 1325 397 1382 δὲ
412 1329 519 1393 τοῦτον,
539 1323 637 1399 Τύρης·
658 1322 689 1385 δς
705 1321 761 1381 <ivd
779 1324 876 1400 βορέω
890 1326 940 1399 μὲν

139 1410 242 1487 άνέμου
256 1410 383 1487 ὁρμᾶται,
396 1410 510 1489 ἄρχεται
524 1411 553 1469 δὲ
566 1411 634 1487 ῥέων
649 1415 678 1468 ἐκ
691 1411 792 1487 λίμνης
805 1411 938 1491 μεγάλης,

139 1499 269 1574 ήούρίζει
282 1499 333 1574 τήν
344 1524 376 1558 τε
396 1498 534 1573 Σκυθικήν
548 1499 594 1556 καὶ
607 1499 658 1573 τήν
672 1499 795 1573 Νευρίδα
808 1503 874 1579 γῆν·
896 1500 939 1558 ε’πῖ

140 1586 169 1644 δὲ
185 1591 223 1664 τῷ
238 1586 357 1662 στόματι
377 1585 462 1645 αὐτοῦ
476 1587 651 1660 κατοίκηνται
659 1583 807 1660 Ἕλληνες,
822 1587 849 1644 οἳ
862 1590 940 1662 Τυρῖ·

92 1677 131 1732 52
140 1699 185 1731 ται
202 1675 357 1733 καλέονται.
399 1675 496 1749 Τρίτος
509 1673 539 1732 δὲ
552 1673 669 1735 Ὕπανις
681 1673 808 1748 ποταμδς
821 1673 940 1749 ὁρμᾶται

139 1763 191 1836 μὲν
206 1767 235 1818 ἐκ
248 1765 297 1835 τῆς
311 1763 455 1834 Σκυθικῆς,
469 1761 525 1836 ῥέει
539 1761 568 1819 δὲ
582 1765 611 1818 ἐκ
625 1761 726 1835 λίμνης
738 1760 875 1840 μεγάλης,
889 1761 940 1836 τήν

139 1849 221 1923 πέριξ
238 1850 367 1923 νέμονται
388 1849 468 1906 ῖτποι
488 1847 580 1928 άγριοι
600 1848 703 1905 λευκοί·
733 1848 864 1907 καλέεται
882 1849 940 1924 δή

139 1937 225 2009 λίμνη
246 1935 315 2010 αὕτη
339 1936 427 2011 ὀρθῶς
448 1935 541 2011 μήτηρ
564 1934 702 1997 ’Υπάύιος
731 1940 761 1992 ἐκ
783 1935 887 2011 ταύτης
904 1935 941 1996 ὧν

140 2023 299 2081 ἀνατέλλων
322 2023 337 2082 ὁ
354 2023 471 2085 Ὕπανις
494 2022 627 2098 ποταμὸς,
646 2023 703 2097 ῥέει
723 2023 769 2079 ἐπὶ
789 2025 843 2096 μὲν
859 2024 941 2084 πέντε

140 2110 262 2185 ἡμερέων
272 2111 362 2169 πλόον
375 2111 485 2188 βραχύς
498 2110 543 2168 καὶ
556 2109 660 2190 γλυκῦς
670 2111 717 2177 ἔτι,
726 2109 782 2168 άπὸ
792 2110 822 2168 δὲ
832 2110 940 2184 τούτου,

141 2197 210 2273 πρῦς
224 2198 374 2272 θαλάσσης
386 2198 527 2273 τεσσέρων
540 2197 662 2274 ἡμερέων
675 2195 774 2266 πλόον,
789 2199 889 2274 πικράς
903 2204 941 2258 αἰ-

141 2290 200 2347 νῶς·
223 2284 325 2343 ἐκδιδοῖ
338 2285 392 2364 γάρ
414 2290 441 2347 ἐς
460 2275 544 2344 αύτῦν
566 2283 652 2360 κρήνη
667 2284 762 2359 πικρή,
777 2284 849 2344 οὕτω
868 2286 903 2361 δή
915 2312 942 2346 τι

141 2377 227 2431 ἐοῦσα
248 2372 341 2449 πικρή,
362 2372 381 2446 ἢ
404 2372 520 2452 μεγάθεΐ
543 2371 649 2448 σμικρή
674 2375 768 2441 ἐοῦσα,
792 2377 874 2452 κιρνᾷ
893 2375 942 2434 τδν

135 2460 254 2519 Ὕπανιν
269 2460 349 2518 ἐόντα
364 2459 491 2534 ποταμὸν
504 2464 533 2519 ἐν
547 2459 672 2538 ὀλίγοισι
684 2460 782 2538 μέγαν·
804 2461 868 2520 ἔστι
880 2461 943 2538 δέή

142 2547 229 2624 κρήνη
245 2546 313 2621 αῦτη
331 2552 360 2605 ἐν
376 2545 484 2621 ούροισι
505 2545 596 2623 χώρης
608 2549 659 2619 τῆς
671 2571 702 2603 τε
715 2544 860 2621 οἷροτήρων
873 2549 943 2610 Σκυ-

140 2636 209 2694 θέων
225 2636 271 2692 καὶ
286 2633 457 2704 Ἀλαζώνων·
480 2632 584 2709 οὕνομα
600 2632 630 2690 δὲ
647 2636 682 2709 τῇ
700 2631 794 2711 κρήνη,
812 2635 860 2693 καὶ
878 2634 943 2696 ὅθεν

139 2725 195 2798 ῥέει
208 2727 246 2800 τῷ
258 2720 346 2800 χοίρῳ,
362 2721 496 2783 Σκυθιστὶ
508 2722 560 2796 μὲν
572 2719 752 2795 Ἐξαμπαῖος,
763 2720 835 2779 κατά
849 2722 944 2799 δὲτὴν

139 2810 283 2884 Ἑλλήνων
293 2814 431 2890 γλῶσσαν
444 2806 514 2883 Ἱραὶ
528 2807 598 2866 ὁδοί·
619 2806 775 2886 συνάγουσι
788 2807 819 2866 δὲ
831 2807 869 2868 τά
882 2811 945 2887 πέρ·

139 2925 215 2975 ματα
232 2897 247 2957 ά
263 2923 294 2956 τε
312 2897 401 2973 Τύρης
418 2896 464 2953 καὶ
482 2895 497 2953 ὁ
512 2894 630 2958 Ὕπανις
643 2894 713 2953 κατά
726 2893 897 2969 Ἀλάζωνας,
910 2898 944 2959 τὰ

140 2986 170 3045 δὲ
183 2985 239 3045 οἷπὸ
252 2985 359 3054 τούτου,
374 2984 555 3060 ἀποστρέψας
569 2982 695 3059 ἑκάτερος
706 2982 763 3058 ῥέει
777 2982 899 3061 εὐρύνων
911 2985 944 3046 τά

134 3075 238 3142 μέσον.

78 3163 122 3221 53
166 3164 307 3243 Τέταρτος
324 3161 355 3224 δέ
372 3158 553 3239 Βορυσθένης
570 3155 702 3233 ποταμός·
722 3156 754 3219 ὃς
767 3161 830 3219 ἐστι
844 3161 944 3243 μέγισ

118 3251 173 3316 τίς
193 3279 230 3313 τε
251 3252 331 3331 μετά
353 3251 478 3330 1Ἰσπρον
500 3246 619 3315 τούτων,
643 3244 691 3302 καλ
711 3247 956 3310 πολυυᾳκὶστςκος
