2040 3464
98 113 207 177 ιι-ιο]
446 116 580 162 emm.
855 107 904 156 ιω

99 190 198 251 λεύειν·
227 191 361 271 Πέρσησι
387 193 418 252 δέ
444 192 542 252 πολλά
569 191 788 270 ἐπαρησάμενος,
811 194 835 250 εἰ
859 191 902 268 μὴ

97 278 306 355 α’νακτησαίατο
327 279 419 340 ὀπίσω
442 280 495 355 τήν
517 279 608 358 ἀρχὴν
632 280 678 338 καὶ
698 277 763 341 τούς
784 279 902 359 Μάγους

96 366 235 436 τισαίατο,
250 367 341 443 άπῆκε
357 367 457 427 ἐωυτδν
475 368 521 425 ἐπὶ
540 367 669 442 κεφαλήν
683 365 822 442 φέρεσθαι
841 365 898 426 άπδ

96 458 148 514 τοῦ
171 454 281 535 πύργου
304 455 388 514 κάτω.
429 454 607 532 Πρηξάσπης
627 453 679 530 μέν
701 479 758 523 νυν,
780 452 831 513 ἐιδν
850 454 900 515 τόν

97 541 189 602 πάντα
202 543 304 620 χρόνον
317 542 387 619 άνηρ
402 542 522 618 δόκιμος,
538 543 609 601 οὕτω
624 541 800 617 ἐτελεύτησε.

139 634 176 690 Οί
196 631 226 690 δὲ
246 630 280 706 δη
301 631 371 690 ἑπτά
390 635 445 690 τῶν
466 630 607 707 Περσέων,
629 629 665 692 οϊς
688 628 898 706 ἐβουλεύσαντο
909 631 947 692 76

96 715 196 778 αὐτίκα
216 718 379 797 ἐπιχειρέειν
391 723 468 779 τοῖσι
489 718 619 799 Μάγοισι
636 718 682 777 καὶ
701 717 742 794 μὴ
756 717 900 794 ὑπερβάλ-

99 807 208 875 λεσθαι,
240 805 327 882 ἤϊσαν
353 806 498 883 εὐξάμενοι
523 811 600 865 τοῖσι
627 807 727 874 θεοῖσι,
754 809 809 864 τῶν
835 806 899 883 περὶ

100 894 278 970 Πρηξάσπεα
295 893 476 972 πρηχθέντων
490 894 591 957 εἰδότες
605 893 693 953 οὐδέν.
728 893 756 953 ἐν
769 918 800 952 τε
816 893 850 968 δὴ
864 921 899 974 τη

96 979 151 1058 ὁδῷ
172 981 249 1061 μέση
273 983 433 1060 στείχοντες
455 983 586 1062 ἐγίνοντο,
612 982 659 1041 καὶ
681 980 717 1040 τά
737 982 801 1055 περὶ
822 987 899 1059 Πρη-

96 1068 208 1136 ξάσπεα
227 1070 364 1151 γεγονότα
385 1069 579 1130 ἐπυνθάνοντο·
614 1070 733 1128 ἐνθαῦτα
753 1069 900 1132 ἐκστάντες

95 1160 146 1230 τῆς
165 1157 231 1216 όδοῦ
250 1159 381 1217 ἐδίδοσαν
395 1156 473 1220 αὖτίς
492 1165 581 1234 σφισι
594 1157 705 1237 λόγους,
719 1159 746 1214 οἶ
759 1159 811 1232 μέν
824 1156 899 1233 άμφϊ

95 1244 147 1303 τόν
159 1244 281 1322 Ὀτάνην
296 1245 392 1327 πάγχυ
411 1245 569 1308 κελεύοντες
589 1244 811 1322 ὑπερβαλέσθαι,
829 1246 899 1321 μηδὲ

96 1332 238 1394 οἰδεόντων
257 1337 312 1394 τῶν
331 1333 502 1414 πρηγμάτων
523 1333 705 1401 ἐπιτίθεσθαι,
726 1335 753 1391 οἱ
773 1332 803 1391 δὲ
823 1332 898 1409 α’μφὶ

94 1418 145 1479 τόν
172 1426 293 1498 Δαρεῖον
320 1422 418 1480 αὐτίκα
450 1447 481 1481 τε
511 1421 580 1481 ἰέναι
608 1422 653 1480 καὶ
683 1419 720 1480 τά
747 1419 899 1501 δεδογμένα

94 1507 206 1580 ποιέειν,
220 1510 291 1585 μηδὲ
309 1509 553 1586 ύπερβάλλεσθαι·
575 1507 747 1585 ὠθιζομένων
761 1507 784 1566 δ’
798 1508 897 1582 αὐτῶν,
927 1513 929 1518 ’

95 1596 184 1673 ἐφάνη
213 1598 314 1675 ἰρήκων
340 1599 411 1658 ἑπτά
438 1598 536 1678 ζεύγεα
563 1597 612 1656 δύο
639 1600 774 1677 αἰγυπιῶν
801 1596 899 1678 ζεύγεα

94 1683 227 1745 διάκοντά
248 1713 280 1746 τε
301 1686 347 1744 καὶ
368 1688 504 1746 τίλλοντα
526 1686 572 1745 καὶ
594 1684 770 1762 άμύσσοντα·
796 1685 898 1750 ἰδόντες

93 1771 124 1829 δὲ
149 1778 236 1833 ταῦτα
259 1778 286 1833 οἱ
311 1775 387 1844 ἑπτά,
410 1775 462 1849 τήν
487 1801 518 1833 τε
542 1775 662 1850 Δαρείου
685 1773 787 1836 πάντες
807 1774 898 1835 αἴνεον

92 1860 206 1939 γνώμην
221 1863 267 1920 καὶ
281 1864 376 1922 ἔπειτα
389 1862 475 1938 ἤϊσαν
488 1863 534 1921 ἐπὶ
545 1862 582 1922 τά
595 1862 746 1938 βασιληία,
760 1862 896 1940 τεθαρση·

92 1947 171 2011 κότες
197 1954 274 2009 τοῖσι
295 1950 396 2027 ὄρνισι.
437 1951 592 2011 Ἐπιστᾶσι
619 1951 650 2010 δὲ
670 1952 716 2009 ἐπὶ
736 1950 786 2014 τοϊς
805 1952 943 2016 πύλας77

92 2037 198 2116 ἐγίνετο
221 2038 279 2098 οἶόν
300 2066 327 2098 τι
350 2040 459 2118 Δαρείῳ
480 2039 498 2115 ἦ
519 2039 616 2120 γνάμη
638 2041 729 2117 ἔφερε·
755 2040 894 2101 καταιδεό·

91 2150 170 2199 μενοι
182 2124 238 2206 γάρ
253 2130 279 2185 οἱ
294 2127 416 2202 φύλακοι
430 2127 529 2204 ἄνδρας
542 2128 607 2190 τούς
615 2127 749 2205 Περσέων
759 2128 892 2204 πράντους,

91 2214 139 2270 καὶ
153 2213 231 2273 ούδὲν
249 2219 375 2274 τοιοῦτον
393 2215 595 2278 ὑποπτεύοντες
614 2217 645 2285 ἐξ
662 2215 751 2275 αὐτῶν
770 2218 894 2286 ἔσεσθαι,

90 2302 229 2376 παρίεσαν
253 2304 314 2382 θείη
340 2307 440 2382 πομπῇ
463 2303 645 2381 χρεωμένους·
680 2303 736 2362 οὐδ’
761 2305 895 2381 ε’πειράτα

90 2387 188 2452 ούδείς·
209 2393 312 2450 ἐπείτε
326 2391 355 2450 δέ
368 2393 516 2468 παρῆλθον
530 2397 557 2453 ἐς
569 2391 620 2466 την
634 2390 731 2466 αι’λῆν,
744 2391 894 2468 ἐνέκυρσαν
918 2406 923 2414 ’

90 2481 165 2536 τοῖσι
178 2477 228 2541 τοϊς
244 2479 379 2559 ἀγγελίας
396 2479 552 2555 ἐσφέρουσι
572 2478 739 2557 εὐνούχοισι,
755 2479 784 2537 οϊ
801 2486 893 2555 σφεας

89 2565 218 2642 ἱστόρεον
232 2565 247 2625 ὅ
263 2593 291 2626 τι
308 2567 437 2629 θέλοντες
452 2567 555 2642 ἥκοιεν·
577 2568 621 2624 καὶ
642 2567 659 2624 ό
659 2593 701 2642 μα
722 2567 894 2644 ἱστορέοντες

90 2652 203 2717 τούτους
218 2658 296 2714 τοῖσι
315 2659 485 2732 πυλουροῖσι
501 2654 641 2724 άπείλεον,
655 2657 699 2714 ὅτι
713 2655 806 2732 σφέας
822 2683 891 2734 παρ·

88 2745 168 2817 η’καν,
182 2743 266 2822 ϊσχον
279 2770 310 2802 τε
323 2743 517 2820 βουλομένους
529 2751 594 2805 τοϊς
609 2742 679 2801 ἑπτά
695 2749 724 2806 ἐς
741 2744 774 2803 τδ
793 2744 892 2820 πρόσω

88 2831 225 2906 παριέναι·
246 2834 274 2892 ot
288 2832 317 2890 δὲ
330 2832 576 2908 διακελευσάμενοι
597 2832 644 2890 καὶ
662 2833 842 2908 σπασάμενοι
854 2833 891 2893 τιϊ

88 2920 247 2998 ἐγχειρίδια,
268 2919 382 2982 τούτους
403 2923 455 2996 μὲν
471 2919 535 2983 τούς
555 2919 688 2999 ἴσχοντας
705 2920 789 2980 αὐτοῦ
804 2921 891 3001 ταύτῃ

87 3007 295 3086 συγκεντέουσι,
307 3008 386 3067 αὐτοὶ
400 3009 429 3066 δὲ
442 3006 527 3082 ἤϊσαν
538 3008 630 3087 δρόμῳ
644 3013 671 3070 ἐς
683 3008 732 3068 τάν
743 3008 889 3086 ἀνδρεῶνα.

87 3097 125 3154 Οϊ
141 3095 170 3152 δέ
189 3095 286 3175 Μάγοι
303 3099 401 3175 ἔτυχον
419 3096 575 3173 ἀμφότεροι
590 3101 740 3172 τηνικαῦτα
757 3097 848 3160 ἐόντες
859 3099 942 3157 τεῖ8

87 3184 150 3250 ἔσω,
175 3184 221 3241 καὶ
244 3183 279 3243 τά
302 3184 359 3245 άπδ
381 3184 576 3263 Πρηξάσπεος
596 3184 743 3268 γευόμενα
761 3189 792 3241 ἐυ
815 3184 925 3256 ᾓαυλϊχ

78 3271 199 3346 ἔχοντες·
232 3273 293 3332 ἐπεὶ
319 3275 357 3337 ὧν
384 3277 463 3339 εἶδοι·
487 3277 560 3342 τους
584 3274 748 3355 εϊυούχους
772 3265 946 3340 ῒὶδῦϊΝϊὛ
