2040 3464
128 112 176 160 *ιιι
436 113 620 161 Ἡνοκοκοκ
639 147 642 152 .
858 109 927 172 [ιιι.

125 189 250 266 ἀμύσσει
275 190 326 253 τῶς
352 189 469 267 μήτρας·
496 190 682 268 αύξανόμενός
707 216 738 250 τε
765 188 800 264 δή
826 195 930 270 πολλῷ
996 185 1000 198 “

125 281 238 354 μᾶλλον
264 280 415 336 ἐσικνέεται
442 278 636 358 καταγνόφων·
674 279 764 340 πέλας
789 303 821 336 τε
865 278 884 352 ἦ
911 277 929 338 ὅ

124 364 205 427 τόκος
225 366 294 435 ἐστὶ,
315 366 410 425 καὶτὰ
432 367 564 443 παράπαν
584 367 711 425 λείπεται
729 364 832 424 αὐτέων
851 365 929 446 ύγιὲς

80 451 209 511 109ούδέ
226 453 264 512 ἔν.
300 452 353 515 Ὣς
367 453 396 512 δὲ
412 456 458 512 καὶ
476 458 506 514 αἱ
524 454 630 533 ἔχιδναί
641 479 672 512 τε
688 453 734 511 καὶ
751 456 778 511 οἷ
796 457 825 511 ἔν
842 452 929 528 ’Apa-

128 540 222 616 βίοισι
247 539 400 619 ύπόπτεροι
426 541 513 618 ὄφιες,
537 547 561 601 εἰ
588 542 712 622 ἐγίνοντο
736 539 773 601 ῶς
795 538 815 616 ἦ
839 539 930 615 φύσις

126 628 237 688 αὐτοῖσι
259 628 386 708 ὑπάρχει,
407 629 458 689 οὐκ
482 629 516 689 ἂν
536 628 572 704 ἦν
591 628 722 705 βιώσιμα
743 626 928 703 ἀνθρώποισι·

127 721 175 775 νῦν
188 716 220 787 δ’,
234 715 318 776 ε’πεοὶν
332 716 497 793 θορνύωνται
512 716 583 777 κατοὶ
601 715 705 797 ζεύγεα,
719 716 766 773 καὶ
780 721 809 774 ἐν
823 713 929 794 αύτῇῇ

127 804 143 863 ὁ
163 806 247 881 ἔρσην
264 808 300 881 τῇ
318 803 470 880 ἔκποιήσει,
484 804 649 882 α’πιευμένου
668 803 753 863 αὐτοῦ
766 802 817 878 τήν
829 804 927 883 γονήν,

126 892 144 966 ἡ
163 891 252 967 θήλεα
268 891 384 951 ἅπτεται
401 896 453 968 τῆς
468 892 566 969 δειρῆς,
587 893 633 951 καὶ
652 895 775 966 ἐμφῦσα,
791 889 841 949 οὐκ
855 889 929 951 ἀνίει

126 980 192 1055 πρὶν
218 977 252 1038 ἂν
278 979 413 1061 διαφόγη.
454 979 472 1039 ὅ
497 982 549 1056 μὲν
575 980 609 1055 δή
637 980 722 1056 ἔρσην
753 977 928 1054 ἀποθνήσκει

126 1067 219 1146 τρόπῳ
234 1071 273 1145 τῷ
291 1069 431 1147 εἰρημένῳ·
453 1067 471 1142 ἡ
488 1068 518 1127 δὲ
535 1067 624 1144 θήλεα
642 1068 717 1126 τίσιν
732 1064 841 1141 τοιήνδε
857 1065 928 1126 ἀπο·

127 1156 195 1214 τίνει
216 1159 255 1233 τῷ
278 1155 379 1231 ἔρσενι·
412 1159 451 1233 τῷ
473 1159 552 1236 γονεῖ
573 1155 743 1232 τιμωρέοντα
766 1155 806 1212 ἔτι
833 1159 864 1213 ἔν
889 1159 929 1234 τῇ

126 1243 229 1323 γαστρὶ
243 1242 323 1303 ε’όντα
341 1244 377 1303 τοὶ
392 1245 474 1303 τέκνα
491 1244 607 1303 διεσθίει
623 1242 675 1318 τήν
692 1241 809 1319 μήτραν,
824 1241 928 1317 διαφα-

125 1331 212 1412 γόντα
233 1332 262 1389 δὲ
281 1331 333 1407 τήν
349 1331 431 1407 νηδύν
451 1331 544 1407 αὐτῆς,
566 1330 637 1390 οὕτω
656 1329 707 1405 τήν
726 1329 836 1389 ἔκδυσιν
850 1332 928 1389 ποιέ-

126 1444 194 1478 εται·
215 1422 242 1478 οἱ
258 1418 288 1477 δὲ
308 1417 393 1477 ἄλλοι
409 1418 496 1495 ὄφιες,
514 1418 604 1482 ε’όντες
620 1416 771 1494 ἀνθρώπων
785 1417 817 1475 οὐ
839 1417 928 1494 δηλή·

125 1533 214 1583 μονες,
238 1509 366 1567 τίκτουσί
386 1534 417 1567 τε
440 1508 487 1579 οἷοὶ,
516 1509 562 1566 καὶ
588 1508 740 1567 ἐκλέπουσι
762 1506 874 1566 πολλόν
898 1533 929 1567 τι

124 1600 220 1673 χρῆμα
246 1600 300 1655 τῶν
325 1597 435 1655 τέκνων.
477 1599 506 1654 αἱ
527 1599 579 1671 μὲν
602 1594 636 1669 δή
658 1619 707 1654 νυν
728 1593 833 1671 ἔχιδναι
855 1596 928 1656 κατοῖ

124 1687 220 1742 πᾶσαν
234 1683 286 1758 τήν
303 1687 357 1764 γῆν
376 1684 441 1743 εἰσί·
463 1687 489 1742 οἱ
505 1684 535 1742 δὲ
550 1682 702 1756 ὑπόπτεροι
719 1683 809 1743 ε’όντες
827 1681 928 1758 οἷθρόοι

125 1771 180 1828 εἰσὶ
202 1776 230 1829 ἐν
246 1775 281 1848 τῇ
301 1770 432 1848 Ἀραβίῃ,
450 1771 495 1829 καὶ
516 1770 623 1848 οὐδαμῇ
643 1769 729 1846 ἄλλῃ·
751 1768 822 1828 κατὰ
841 1776 928 1831 τοῦτο

125 1857 253 1917 δοκέουσι
266 1860 371 1916 πολλοὶ
385 1860 463 1918 εἶναι.

79 1946 135 2004 110
177 1946 232 2005 Τόν
257 1949 309 2022 μὲν
335 1946 369 2020 δή
396 1948 555 2022 λιβανωτόν
584 1951 683 2007 τοῦτον
710 1946 780 2006 οὕτω
807 1952 927 2008 κτῶνται

124 2032 264 2110 Ἀράβιοι,
284 2033 336 2107 τήν
357 2034 386 2092 δὲ
406 2036 507 2110 κασίην
528 2034 588 2094 ὦδε·
610 2036 692 2094 ἔπεοὶν
713 2033 927 2109 καταδήσωνται

124 2122 253 2200 βύρσῃσι
267 2123 313 2180 καὶ
334 2123 453 2198 δέρμασι
471 2123 588 2182 ἄλλοισι
607 2128 663 2181 πᾶν
678 2123 711 2182 τό
726 2122 810 2199 σῶμα
829 2123 876 2180 καὶ
891 2124 926 2183 τό

124 2209 284 2286 πρόσωπον,
307 2210 382 2284 πλην
409 2209 498 2269 αὐτῶν
524 2216 580 2270 τῶν
606 2210 771 2287 ὀφθαλμῶν,
795 2211 926 2288 ἔρχονται
997 2256 1002 2262 -

126 2299 172 2357 ε’πὶ
190 2298 241 2373 τήν
258 2299 367 2373 κασίην·
396 2298 415 2372 ή
437 2299 466 2356 δὲ
488 2303 517 2358 ε’ν
538 2300 623 2378 λίμνη
640 2297 740 2373 φύεται
763 2296 795 2356 ού
818 2300 925 2376 βαθέῃ·

125 2387 188 2463 περὶ
215 2387 244 2445 δὲ
270 2386 356 2461 αύτήν
384 2387 430 2443 καὶ
453 2392 481 2444 ἔν
508 2385 579 2464 αὐτῇ
606 2385 749 2456 αὐλίζεταί
768 2411 818 2444 κου
840 2386 926 2463 θηρία

125 2475 258 2552 πτερωτοὶ,
279 2479 347 2553 τῇσι
368 2476 507 2550 νυκτερίσι
527 2475 698 2552 προσείκελα
718 2473 856 2551 μάλιστα·
878 2476 926 2534 καὶ

124 2565 231 2644 τέτριγε
246 2562 343 2622 δεινόν·
364 2563 410 2620 καὶ
424 2568 451 2623 ἐς
469 2561 559 2638 α’λκήν
577 2563 692 2639 ἄλκιμα·
713 2563 748 2621 τοὶ
767 2562 800 2637 δή
814 2562 924 2639 ἀπαμυ-

125 2652 256 2726 νομένους
282 2651 338 2709 οἷπὸ
364 2655 420 2710 τῶν
446 2649 612 2728 ὀφθαλμῶν,
641 2650 711 2710 οὕτω
737 2651 847 2727 δρέπειν
873 2651 926 2727 τήν

79 2739 134 2798 lll
145 2740 252 2815 κασίην.
295 2740 334 2798 Τό
352 2739 381 2797 δὲ
397 2737 431 2814 δή
451 2738 625 2816 κιννάμωμον
640 2741 679 2798 ἔτι
698 2739 801 2798 τούτων
816 2739 926 2815 θωυμα-

126 2827 259 2903 στότερον
279 2828 464 2907 συλλέγουσι·
493 2827 559 2886 ὅκου
585 2829 636 2902 μὲν
661 2827 717 2906 ηοὶρ
740 2828 854 2907 γίνεται,
878 2829 926 2886 καὶ

125 2913 185 2989 ἥτις
207 2941 256 2990 μιν
274 2920 312 2995 γῆ
333 2914 352 2990 ή
375 2915 521 2991 τρέφουσό
545 2921 614 2984 ἐστι,
637 2914 686 2973 ούκ
709 2917 806 2993 ἔχουσι
828 2918 926 2975 εἰπεῖν·

126 3002 201 3077 πλήν
215 3002 266 3071 ὅτι,
275 3002 350 3081 λόγῳ
364 3003 451 3062 οἰκότι
464 3003 624 3081 χρεόμενοι,
635 3007 663 3061 ἐν
675 3003 781 3063 τοιοίδε
793 3001 928 3081 χωρίοισέ

118 3091 202 3164 φασί
214 3117 288 3154 τινες
308 3089 377 3151 αύτό
395 3090 518 3167 φύεσθαι
531 3098 560 3151 ε’ν
572 3095 648 3150 τοῖσι
662 3090 677 3150 ὁ
692 3089 829 3152 Διόνυσος
848 3092 928 3168 ε’τροί·

58 3172 84 3255 Ι
105 3185 162 3255 φη·
185 3179 306 3259 ὄρνιθας
326 3181 359 3243 δὲ
382 3183 504 3266 λέγουσι
522 3178 649 3262 μεηόλας
664 3178 772 3254 φορέειν
789 3180 879 3234 ταῖιια
890 3177 930 3238 τὰ

130 3262 226 3346 ἷθφεα,
240 3271 283 3334 τοὶ
298 3272 388 3354 η’μεῖς
401 3273 464 3336 ἀπὸ
475 3271 616 3334 Φοινίκων
631 3265 768 3340 μαθόντες
777 3261 950 3332 ᾺΝΧΝΝ
