2040 3464
92 99 203 163 40-43]
423 101 556 149 οικιιικ.
844 106 889 151 221

89 205 121 239 τε
138 179 179 258 μή
199 179 323 251 ἐναλλάξ
340 180 394 257 ἤδη
413 180 447 241 τό
469 180 524 242 ἀπό
546 181 645 242 τούτου
664 186 693 241 αϊ
710 181 832 262 εὐτυχίαι
848 207 893 242 τοι

88 272 167 326 ταῖσι
180 269 300 328 πάθαισι
314 270 521 344 προσπίπτωσι,
536 269 629 349 τρόπῳ
649 275 687 348 τῷ
701 272 732 338 ἐξ
749 274 813 346 ἐμεῦ
826 269 892 330 ὕπο-

89 358 202 435 κειμένῳ
222 356 312 414 ἀκέο.”
353 361 448 417 Ταῦτα
467 357 662 434 ἐπιλεξάμενος
676 358 691 417 ὁ
706 358 936 434 Πολυκράτης41

89 445 135 501 καὶ
149 443 201 522 νόῳ
215 442 314 519 λαβαϊν
330 443 365 508 ὥς
382 449 409 504 οἱ
428 443 456 503 εὖ
476 444 559 504 ὗπετί
576 471 621 504 ετο
636 443 769 521 Ἀμασις,
784 446 890 520 ἐδίζητο

88 532 130 589 ἐπ’
155 529 176 609 ᾧ
197 531 231 591 ἂν
254 531 383 608 μάλιστα
404 533 456 608 τήν
477 532 571 612 ψυχὴν
591 532 712 609 ἀσηθείη
726 532 891 611 ἀπολομένῳ

87 623 143 678 τῶν
170 623 327 696 κειμηλίων·
357 621 499 698 διζήμενος
523 620 545 678 δ’
571 621 680 697 εὕρισκε
707 621 780 680 τόδε·
807 621 841 697 ἦν
865 625 892 680 οἱ

88 709 213 788 σφρηγὶς
223 709 274 784 τήν
285 709 384 785 ἐφόρεε
394 709 564 786 χρυσόδετος
575 708 740 788 σμαράγδου
749 712 801 785 μὲν
809 711 890 768 λίθου

88 800 184 857 έοῦσαν
204 798 284 876 ἔργον
298 797 327 854 δὲ
340 796 375 871 ἧν
389 796 532 873 Θεοδώρου
542 800 592 854 τοῦ
603 798 762 870 Τηλεκλέος
773 798 890 872 Σαμίου·

88 884 147 940 ἐπεὶ
161 882 198 942 ὦν
211 884 314 959 ταίπην
330 887 356 943 οἳ
376 883 466 943 ἐδόκεε
487 885 668 958 ἀποβαλέειν,
685 885 774 942 ἐποίεε
788 884 889 943 τοιάδε·

87 969 303 1046 πεντηκόντερον
324 971 477 1046 πληρώσας
499 971 603 1047 ἀνδρῶν
625 973 715 1046 ἐσέβη
743 977 770 1032 ἐς
794 970 889 1046 αὐτήν·

86 1055 157 1131 μετά
171 1057 207 1126 δὲ,
220 1057 370 1138 ἀναγαγεῖν
384 1060 493 1117 ἐκέλευε
507 1063 534 1120 ἐς
546 1057 579 1116 τό
593 1059 726 1138 πέλαγος·
745 1058 780 1120 οἷς
794 1059 823 1117 δὲ
833 1058 890 1118 ἀπό

86 1148 137 1218 τῆς
150 1145 240 1220 νήσου
255 1145 318 1208 ἑκάς
336 1147 452 1225 ἐγένετο,
467 1146 663 1221 περιελόμενος
679 1147 731 1220 τήν
745 1147 891 1226 σφρηγῖδα

87 1231 196 1291 πάντων
207 1233 340 1309 όρεόντων
347 1237 401 1292 τῶν
410 1232 564 1307 συμπλόων
574 1235 665 1310 ῥίπτει
676 1238 702 1294 ἐς
712 1233 744 1292 τό
755 1234 888 1313 πέλαγος·

86 1324 169 1378 τοῦτο
183 1321 213 1378 δὲ
226 1320 347 1396 ποιήσας
361 1321 492 1388 ἀπέπλεε,
504 1321 670 1395 ἀπικόμενος
684 1321 713 1379 δὲ
727 1326 754 1382 ἐς
766 1321 801 1380 τοὶ
816 1321 890 1379 οϊκία

87 1412 223 1486 συμφορῇ
247 1413 358 1487 ἐχρῆτο.
401 1409 521 1487 Πέμπτη
543 1409 572 1466 δὲ
593 1407 611 1484 ἢ
632 1409 696 1485 ἕκτη
721 1408 809 1486 ήμέρη
831 1407 888 1469 ἀπό
898 1411 936 1468 42

86 1495 189 1554 τούτων
202 1497 267 1556 τάδε
281 1500 307 1554 οἱ
321 1495 465 1571 συνήνεικε
478 1497 620 1575 γενέσθαι·
642 1495 711 1572 ἀνήρ
728 1495 822 1559 ἀλιεύς
838 1500 888 1554 λα-

86 1584 147 1656 βων
162 1586 242 1663 ἰχθῦν
251 1586 340 1664 μέγαν
350 1610 380 1642 τε
392 1585 438 1641 καὶ
453 1583 547 1653 καλόν,
559 1583 639 1660 ἠξίου
652 1610 701 1660 μιν
712 1583 890 1660 Πολυκράτεϊ

86 1671 173 1747 δῶρον
187 1672 311 1747 δοθῆναι·
333 1674 425 1747 φέρων
439 1671 472 1747 δή
487 1673 532 1730 ἐπὶ
545 1672 595 1734 τοϊς
614 1671 698 1747 θύρας
712 1672 890 1749 Πολυκράτεϊ

87 1759 141 1833 έφη
153 1760 258 1818 ἐθέλειν
269 1762 360 1819 ἐλθεῖν
373 1765 399 1822 ἐς
413 1760 486 1837 ὄψιν·
504 1760 684 1838 χωρήσαντος
695 1760 725 1817 δέ
738 1763 764 1818 οἱ
777 1759 887 1835 τούτου,

87 1847 166 1924 ἔλεγε
180 1846 270 1908 διδοιϊς
284 1847 334 1906 τόν
349 1847 437 1925 ἰχθῦν·
456 1858 473 1881 “
483 1847 503 1904 ὦ
513 1850 647 1923 βασιλεῦ,
659 1847 712 1929 ε’γαϊ
726 1847 806 1907 τόνδε
817 1848 888 1908 ἔλαϊν

87 1932 136 1990 οὐκ
150 1933 298 1992 ἐδικαίωσα
312 1935 408 2010 φέρειν
422 1941 449 1996 ἐς
463 1935 576 2014 ἀγορήν,
594 1937 691 2012 καίπερ
708 1963 741 2016 γε
755 1937 806 1995 εὀϊν
819 1936 887 1996 ἀπο-

86 2023 275 2098 χειροβίωτος·
302 2021 380 2080 ἀλλά
393 2049 442 2099 μοι
456 2023 546 2082 ἐδόκεε
560 2029 610 2082 σεῦ
624 2050 655 2082 τε
670 2025 738 2082 εἶναι
751 2023 828 2094 ἄξιος
842 2026 887 2082 καὶ

86 2112 136 2182 τῆς
154 2113 208 2184 σῆς
225 2107 324 2188 ἀρχῆς·
352 2112 400 2168 σοὶ
423 2110 457 2185 δή
473 2137 521 2186 μιν
543 2113 635 2187 φέρων
658 2112 779 2188 δίδωμι.”
821 2111 886 2171 όδέ

86 2196 184 2269 ήσθεϊς
196 2201 273 2256 τοῖσι
287 2200 366 2256 ἔπεσι
385 2198 532 2274 ἀμείβεται
550 2199 655 2258 τοῖσδε·
677 2210 695 2234 “
707 2200 793 2276 κάρτα
809 2226 840 2258 τε
857 2199 887 2258 εὗ

87 2285 221 2359 ἐποίησας
243 2287 288 2343 καὶ
308 2286 389 2364 χάρις
411 2287 510 2362 διπλέη
532 2291 586 2345 τῶν
607 2313 637 2345 τε
659 2287 752 2368 λόγων
769 2288 815 2345 καὶ
834 2293 887 2346 τοῦ

86 2371 182 2447 διόρου·
211 2375 259 2431 καί
278 2400 312 2432 σε
334 2376 379 2432 ἐπὶ
401 2375 510 2433 δεῖπνον
535 2373 696 2449 καλέομεν.”
738 2373 754 2433 ό
777 2377 829 2450 μὲν
853 2375 886 2451 δή

86 2459 180 2522 ἀλιειϊς
192 2462 266 2542 μέγα
283 2461 444 2537 ποιεόμενος
462 2466 549 2519 ταῦτα
567 2460 610 2536 ἧϊε
630 2467 656 2523 ἐς
674 2461 709 2520 τά
732 2462 814 2520 οἰκία·
838 2463 887 2522 τόν

86 2548 117 2606 δὲ
132 2551 211 2626 ἰχθῦν
229 2549 377 2625 τάμνοντες
397 2554 423 2608 οῖ
441 2550 605 2625 θεράποντες
624 2549 785 2625 εὖρίσκουσι
803 2554 831 2608 ἐν
851 2556 887 2628 τῇ

86 2636 164 2711 νηδύϊ
181 2636 264 2695 αὐτοῦ
282 2642 414 2696 ἐνεοῦσαν
437 2637 489 2712 τήν
512 2637 709 2713 Πολυκράτεος
731 2637 886 2718 σφρηγῖδα·

86 2724 122 2786 ὦς
141 2725 170 2782 δὲ
186 2725 258 2783 εἶδόν
274 2752 304 2783 τε
321 2727 367 2782 καὶ
384 2726 490 2799 ἔλαβον
505 2724 636 2803 τάχιστα,
653 2727 752 2800 ἔφερον
771 2750 885 2802 κεχαρη-

86 2811 165 2874 κότες
191 2812 266 2888 παρά
290 2813 339 2872 τόν
363 2812 554 2888 Πολυκράτεα,
585 2811 703 2875 διδόντες
727 2813 758 2871 δέ
783 2815 810 2871 οἱ
836 2812 887 2887 τήν

84 2901 231 2980 σφρηγῖδα
254 2902 351 2979 ἔλεγον
375 2900 442 2978 ὅτεῳ
465 2900 558 2978 τρόπῳ
586 2900 692 2976 εὖρέθη·
725 2900 773 2959 τόν
798 2901 827 2958 δὲ
851 2900 886 2964 ὥς

86 2990 192 3063 ἐσῆλθε
213 2990 287 3048 θεῖον
308 2988 429 3047 εἶναιτὸ
451 2992 575 3067 πρῆγμα,
597 2989 700 3068 γράφει
718 2993 745 3051 ἐς
765 2989 887 3064 βιβλίον

85 3075 176 3135 πάντα
189 3076 224 3134 τοὶ
237 3076 395 3151 ποιήσαντά
407 3102 456 3152 μιν
467 3075 512 3134 οἶα
526 3076 764 3151 καταλελαβήκεε,
775 3075 886 3155 γράψας

85 3164 124 3232 δὲ,
138 3169 165 3225 ἐς
179 3165 320 3243 Αἴγυπτον
331 3166 457 3241 ἐπέθηκε.
498 3162 725 3241 Ἐπιλεξάμενος
734 3164 772 3221 δε
784 3161 813 3220 B*
826 3169 907 3234 ληνα-
916 3161 961 3212 ⁸3³

77 3275 125 3312 σις
134 3250 168 3309 τό
169 3252 299 3328 βιβλίον
306 3253 339 3315 τό
354 3254 436 3334 παρά
450 3259 503 3317 τοῦ
511 3253 730 3334 Πολυκράτεος
742 3241 939 3326 ἦκῦνιῖϊωδὶ
