2040 3464
101 111 239 174 νου-ιω]
430 113 563 162 emm.
849 118 897 165 τοι

98 191 207 267 θύμησε
224 195 274 266 τῆς
290 191 422 270 χλανίδος
439 193 485 250 καὶ
500 192 587 267 αὐτήν
604 193 772 269 προσελθῶν
793 193 901 255 ῶνέετο·

97 279 114 337 ὁ
128 280 157 338 δὲ
172 282 307 343 Συλοσῶν
321 279 407 355 ὁρίων
420 279 470 339 τῶν
484 284 605 356 Δαρεῖον
622 281 751 360 μεγάλως
772 283 900 358 ἐπιθυμέ-

97 392 165 428 οντα
178 372 228 442 τῆς
240 368 382 445 χλανίδος,
398 368 459 445 θείῃ
469 367 541 446 τάχη
554 368 709 446 χρεώμενος
722 370 809 449 λέγει·
823 370 899 450 “ε’γῶ

95 455 200 531 ταύτην
226 456 325 514 πωλέω
351 458 403 530 μὲν
429 454 539 517 οὕδενός
565 455 719 533 χρήματος·
750 457 846 534 δίδωμι
869 458 899 517 δὲ

95 540 190 605 άλλως
205 543 294 620 εἴπερ
309 541 379 601 οὕτω
393 542 435 600 δεῖ
443 542 601 622 γενέσθαι·”
615 543 723 606 πάντως
731 570 776 604 τοι
786 547 898 611 αἰνέσας

94 634 183 689 ταῦτα
196 630 211 690 ὁ
226 635 344 706 Δαρεῖος
357 631 577 706 παραλαμβάνει
590 631 623 689 τά
639 632 712 706 εἷμα.
746 632 762 691 ὁ
775 635 827 708 μὲν
841 634 875 709 δὴ
886 635 944 697 140

95 719 232 781 Συλοσῶν
245 717 387 793 ήπίστατό
400 721 427 777 οἱ
439 721 523 777 τοῦτο
536 717 715 778 ἀπολωλέναι
728 719 761 778 δι’
776 719 896 796 εὔηθίην·

94 805 130 867 ὥς
150 806 180 864 δὲ
199 810 249 865 τοῦ
266 804 369 883 χρόνου
386 807 590 882 προβαίνοντος
604 806 767 882 Καμβύσης
782 833 814 867 τε
832 807 896 869 ἀπέ-

94 893 160 951 θανε
181 894 226 952 καὶ
245 898 283 970 τῷ
297 893 388 974 Μάγῳ
403 894 598 969 ἐπανέστησαν
611 898 638 952 οἱ
652 895 729 965 ἔπτοὶ,
739 896 784 953 καὶ
798 901 828 954 ἐκ
841 901 896 957 τῶν

94 980 163 1039 έπτά
192 986 310 1058 Δαρεῖος
335 982 387 1057 τήν
408 983 567 1057 βασιληίην
589 984 665 1060 έσχε,
688 982 854 1043 πυνθάνεται
877 985 894 1046 α’

94 1071 230 1130 Συλοσῶν
244 1069 278 1132 ῶς
292 1069 310 1144 ή
324 1070 466 1145 βασιληίη
480 1070 678 1145 περιεληλύθοι
693 1076 720 1131 ἐς
733 1075 832 1131 τοῦτον
844 1072 894 1132 τάν

92 1155 187 1232 ἀνδρα,
201 1162 240 1236 τῷ
254 1160 316 1216 κοτὲ
330 1156 413 1219 αὖτάς
433 1157 513 1215 ἔδωκε
531 1161 560 1214 έν
575 1157 706 1236 Αἰγύπτῳ
721 1157 843 1232 δεηθέντι
856 1160 890 1219 τῶ

92 1245 165 1318 εἷμα·
187 1245 296 1321 α’ναβάς
313 1245 342 1303 δὲ
360 1250 387 1308 ἐς
401 1245 437 1303 τά
459 1247 557 1307 Σοῦσα
575 1245 646 1314 ἵζετο
668 1249 695 1306 ές
712 1244 748 1302 τά
767 1245 893 1323 πρόθυρα

90 1335 145 1390 τῶν
165 1334 304 1407 βασιλέος
331 1333 430 1402 οἰκίων,
456 1334 502 1390 καὶ
528 1333 583 1407 ἔφη
608 1334 728 1407 Δαρείου
750 1331 893 1412 εάεργέτης

91 1419 169 1478 εἶναι·
187 1420 322 1501 ἀγγέλλει
334 1425 422 1479 ταῦτα
437 1418 559 1482 ἀκούσας
573 1419 589 1478 ὁ
603 1419 742 1495 πυλουρδς
755 1425 793 1498 τῷ
806 1423 891 1495 βασι-

89 1509 143 1576 λέϊ,
158 1508 174 1567 ὁ
188 1508 217 1566 δὲ
232 1509 381 1584 θαυμάσας
394 1510 472 1587 λέγει
489 1509 560 1584 πρὸς
573 1507 666 1567 αίτόν·
688 1518 705 1542 “
716 1508 762 1565 καὶ
774 1509 816 1571 τίς
832 1514 892 1570 ἔστι

88 1594 232 1670 Ἑλλήνων
254 1597 404 1677 εὐεργέτης,
419 1594 440 1673 ᾧ
456 1596 509 1674 ε’γῶ
526 1596 708 1671 προαιδεῦμαι
722 1596 822 1655 νεωστὶ
839 1599 891 1672 μὲν

88 1681 139 1757 τήν
160 1683 251 1762 ἀρχήν
272 1687 358 1762 ἔχων;
381 1684 544 1759 ἀναβέβηκε
565 1684 595 1741 δὲ
614 1684 656 1746 τίς
678 1681 707 1764 [ἢ
729 1682 828 1764 οὐδείς]
853 1711 891 1745 ιεω

87 1770 153 1846 παρ’
174 1772 262 1848 ήμέας
284 1772 389 1841 αὗτῶν;
419 1774 473 1849 ἔχω
495 1773 524 1829 δὲ
547 1772 629 1849 χρέος
650 1771 685 1834 ῶς
706 1775 792 1830 εἰπεῖν
812 1771 891 1833 οὐδὲν

88 1857 186 1934 ἀνδρὸς
200 1860 351 1935 Ἕλληνος.
386 1860 459 1935 ὅμως
473 1861 502 1918 δὲ
515 1858 600 1919 αὐτὸν
613 1860 753 1938 παράγετε
768 1861 830 1929 ἔσω,
846 1861 890 1921 ἵνα

88 1947 163 2005 εἰδέω
183 1950 213 2006 τί
232 1949 320 2008 θέλων
340 1948 417 2028 λέγει
437 1945 551 2006 ταῦτα.”
585 1952 695 2028 παρῆγε
714 1948 730 2006 ὁ
750 1950 889 2025 πυλουρὸς

86 2034 136 2093 τάν
157 2038 337 2098 Συλοσῶντα·
365 2035 472 2094 στάντα
493 2035 523 2093 δὲ
550 2041 577 2098 ές
600 2037 691 2112 μέσον
713 2034 837 2112 εἷράτευν
861 2040 888 2097 οἶ

86 2125 214 2198 ἑρμηνέες
233 2125 275 2186 τίς
292 2149 324 2183 τε
342 2124 392 2198 εἴη,
408 2125 454 2182 καὶ
469 2124 499 2183 τί
514 2122 636 2198 ποιήσας
655 2123 799 2204 ειῗεργέτης
813 2125 887 2200 φησὶ

86 2211 155 2269 εἶναι
168 2213 324 2286 βασιλέος;
347 2212 407 2270 εἶπε
425 2211 461 2271 ῶν
478 2211 493 2270 ὁ
511 2213 647 2274 Συλοσῶν
663 2212 755 2270 πάντα
772 2212 807 2269 τοὶ
823 2212 887 2289 περὶ

84 2297 136 2373 τήν
159 2300 280 2378 χλανίδα
303 2300 447 2380 γενόμενα,
468 2300 514 2357 καὶ
536 2299 571 2361 ῶς
595 2299 678 2362 ου’-τάς
700 2301 741 2372 εἴη
763 2303 850 2362 κεῖνος
870 2300 886 2360 ὁ

84 2385 157 2449 δούς·
178 2387 326 2464 ἀμείβεται
345 2389 416 2464 πρῶς
432 2393 521 2447 ταῦτα
543 2392 669 2463 Δαρεῖος·
696 2386 744 2444 “ὦ
764 2387 885 2465 γενναιό-

81 2500 148 2534 τατε
163 2475 277 2552 ἀνδρῶν,
287 2476 324 2535 σύ
338 2480 426 2538 κεῖνος
440 2475 465 2533 εἶ
478 2474 508 2538 ῶς
522 2476 583 2550 ἐμοὶ
598 2474 727 2549 οὐδεμίαν
742 2474 836 2550 ἔχοντί
848 2501 886 2534 κω

82 2562 198 2639 δύναμιν
220 2564 327 2632 ἔδωκας,
350 2569 374 2622 εἰ
392 2565 438 2621 καὶ
456 2562 579 2639 σμικρά;
602 2562 667 2620 ἀλλ’
684 2561 721 2622 ῶν
743 2562 792 2636 ἴση
813 2587 846 2642 γε
863 2562 883 2638 ή

80 2650 162 2729 χάρις
179 2651 279 2728 ὁμοίως
301 2651 336 2714 ῶς
350 2656 373 2710 εἰ
387 2656 435 2710 νῦν
449 2652 530 2710 κοθέν
543 2677 570 2708 τι
583 2652 656 2730 μέγα
671 2649 802 2725 λάβοιμι·
824 2649 884 2709 ἀνθ’

82 2736 120 2797 ῶν
139 2765 183 2798 τοι
203 2739 311 2818 χρυσῶν·
328 2740 373 2797 καὶ
390 2737 510 2819 ἄργυρον
527 2737 649 2796 ἄπλετον
666 2738 770 2813 δίδωμι,
788 2735 824 2800 ῶς
841 2738 885 2813 μή

81 2829 147 2886 κοτέ
161 2843 209 2886 ’τοι
229 2827 422 2904 μεταμελήσει
442 2830 563 2903 Δαρεῖον
582 2824 632 2885 τάν
651 2823 829 2887 Ὑστάσπεος
853 2826 883 2884 εὖ

80 2915 257 2991 ποιήσαντι·”
283 2917 362 2995 λέγει
382 2914 452 2990 πρός
471 2917 559 2973 ταῦτα
579 2913 596 2972 ὁ
617 2914 763 2977 Συλοσῶν·
792 2923 809 2946 ·‘
819 2913 881 2988 ἐμοὶ

79 3002 152 3079 μήτε
168 3003 285 3083 χρυσῶν,
304 3003 325 3062 ὦ
342 3005 477 3078 βασιλεῦ,
490 3000 562 3078 μήτε
579 2999 700 3082 ἄργυρον
715 2999 800 3068 δίδου,
814 2999 882 3058 ἀλλ’

79 3090 298 3169 ἀνασωσάμενός
314 3116 365 3167 μοι
383 3090 430 3153 δός
442 3090 495 3166 τήν
506 3089 627 3166 πατρίδα
640 3088 745 3165 Σάμον,
758 3087 811 3163 τήν
825 3092 881 3159 νῦν,

79 3178 220 3254 ἀδελφεοῦ
239 3182 290 3239 τοῦ
310 3182 379 3256 ἐμοῦ
398 3175 602 3259 Πολυκράτεος
623 3175 823 3238 ἀποθανίιντος
838 3173 902 3231 λιτὶ

74 3265 209 3336 Ὀροίτεω,
226 3268 283 3344 ἔχει
298 3268 403 3334 δοῦλος
417 3268 573 3350 ἡμέτερος·
595 3268 711 3341 ταίτηι·
725 3260 844 3336 μοιὶῖἢ
853 3255 928 3311 ΕΜ
