2040 3464
128 57 176 106 360
441 59 620 108 ἨΡΟΛΟΤΟΤ

128 138 266 215 νέμονται,
278 145 351 218 τρεῖς
362 138 432 218 ὥρας
446 146 474 200 ἐν
488 144 574 219 ἑωυτῇ
588 140 666 210 οἷξίας
680 139 817 217 θάματος·
833 143 931 216 πρῶτα

128 229 181 303 μὲν
190 226 246 308 γάρ
254 229 290 288 ταὶ
300 228 523 305 παραθαλάσσια
533 234 588 288 τῶν
598 233 710 306 καρπῶν
720 227 792 308 ὀργᾷ
802 227 931 304 α’μᾶσθαί

128 341 159 374 τε
173 317 219 374 καὶ
232 319 399 398 τρυγᾶσθαι·
420 317 524 377 τούτων
541 319 570 377 δὲ
587 317 860 398 συγκεκομισμένων,
876 322 931 376 τῶν

129 403 392 480 ύπερθαλασσιδίων
418 407 515 486 χώρων
541 407 576 465 τό
599 407 675 482 μέσα
701 405 773 486 ὀργᾷ
797 407 931 486 συγκομί-

130 493 236 562 ζεσθαι,
264 494 299 553 τά
326 495 446 570 βουνούς
474 495 618 554 καλέουσι·
653 493 877 574 συγκεκόμισταί
901 520 932 552 τε

130 577 211 643 οὗτος
229 582 244 641 6
260 584 349 659 μέσος
365 584 471 660 καρπός
489 585 535 642 καὶ
549 582 564 643 6
579 589 608 642 ἐν
620 587 656 661 τῇ
675 581 866 660 κατυπερτάτῃ
882 587 932 657 τῆς

130 675 182 750 γῆς
199 673 364 732 πεπαίνεταί
374 698 405 732 τε
419 673 465 730 καὶ
483 671 564 753 ὀργᾷ·
586 671 658 730 ὥστε
678 671 831 729 ἐκπέταται’
841 696 873 730 τε
887 672 932 729 καὶ

131 762 347 838 καταβέβρωται
368 762 384 821 6
404 765 513 839 πρῶτος
537 761 649 838 καρπός,
672 761 717 818 καὶ
738 758 753 819 6
773 763 934 822 τελευταῖος

131 851 381 931 συμπαραγίνεται.
424 850 494 910 οὕτω
513 849 555 908 ἐπ’
569 849 641 909 ὀκτῶ
653 854 742 925 μῆνας
759 849 934 925 Κυρηναίους

130 935 226 1015 ὀπάρη
241 940 343 1016 ἐπέχει.
364 943 452 998 ταῦτα
464 940 517 1015 μέν
532 965 579 999 νυν
590 939 635 997 ἐπὶ
647 941 786 997 τοσοῦτον
801 935 934 1012 εἰρήσθω.

83 1027 142 1084 200
185 1029 222 1084 Οἱ
240 1026 270 1084 δὲ
287 1028 440 1104 Φερετίμης
457 1027 573 1104 τιμωροὶ
592 1027 704 1104 Πέρσαι
723 1025 784 1084 ἐπεί
794 1051 825 1085 τε
840 1030 870 1083 ἐκ
883 1030 935 1101 τῆς

131 1115 274 1195 Αἰγίπαν
293 1115 443 1179 σταλέντες
460 1114 515 1175 ύπό
531 1119 582 1175 τοῦ
594 1114 749 1192 Ἀρυάνδεω
767 1113 888 1173 α’πίκατο
907 1120 935 1177 ἐς

130 1202 181 1278 την
200 1204 321 1281 Βάρκην,
336 1203 515 1282 ἐπολιόρκεον
527 1203 579 1279 τὴν
595 1202 680 1263 πόλιν
693 1201 934 1282 ἐπαγγελλόμενοι

135 1292 271 1352 ἐκδιδόναι
290 1293 354 1356 τούς
375 1293 478 1355 αἰτίους
499 1297 548 1352 τοῦ
570 1291 658 1367 φόνου
681 1294 730 1350 τοῦ
752 1289 934 1366 Ἀρκεσίλεω·

131 1385 187 1439 τῶν
200 1382 230 1440 δὲ
241 1385 299 1441 πᾶν
308 1381 364 1462 γάρ
377 1380 412 1456 ἦν
425 1381 458 1441 τό
469 1383 578 1456 πλῆθος
587 1380 737 1457 μεταίτιον,
748 1377 797 1438 ούκ
808 1379 935 1439 ἐδέκοντο

131 1469 196 1532 τούς
218 1469 329 1551 λόγους,
351 1471 470 1530 ἐνθαῦτα
491 1470 525 1545 δη
547 1467 727 1544 ἐπολιόρκεον
745 1467 796 1542 τὴν
821 1468 936 1545 Βάρκην

134 1558 179 1615 ἐπὶ
194 1563 284 1634 μῆνας
301 1559 385 1628 ἐννέα,
406 1557 576 1634 ὀρύσσοντές
595 1583 626 1616 τε
647 1556 792 1638 ὀρύγματα
812 1554 935 1634 ὀπόγαια

136 1646 259 1723 φέροντα
286 1652 313 1709 ἐς
335 1647 368 1706 τό
396 1651 488 1727 τεῖχος
515 1648 561 1705 καὶ
593 1645 764 1723 προσβολάς
802 1646 937 1722 καρτεράς

133 1734 301 1811 ποιεύμενοι.
327 1735 363 1794 τά
376 1737 428 1811 μέν
446 1762 494 1796 νυν
512 1735 657 1816 ὀρύγματα
670 1732 740 1809 ὀνῆρ
753 1733 876 1814 χαλκεύς
890 1734 936 1793 οἷν-

134 1827 197 1899 εῦρε
213 1824 355 1904 ἐπιχάλκω
372 1823 480 1894 ἀσπίδι,
496 1823 548 1884 ὧδε
564 1824 758 1900 ἐπιφρασθείς·
777 1824 937 1900 περιφέρων

135 1911 221 1987 αύτὴν
238 1912 315 1975 ε’ντός
331 1916 381 1972 τοῦ
396 1914 502 1991 τείχεος
518 1914 662 1991 προσέσχε
680 1912 751 1988 πρός
766 1911 799 1971 τό
816 1910 937 1972 δάπεδον

134 2003 184 2074 τῆς
206 1998 315 2063 πόλιος·
343 2000 379 2060 vd
400 2004 452 2076 μὲν
475 2001 508 2076 δν)
531 2001 608 2060 ἅλλα
630 2003 695 2060 ἔσκε
723 1999 803 2076 κωφό
825 1999 897 2077 πρός
918 2000 937 2061 6

136 2089 286 2167 προσῖσχε,
303 2089 373 2147 κατά
392 2089 421 2147 δέ
436 2089 470 2147 τά
487 2088 668 2166 ὀρυσσόμενα
681 2087 785 2166 ἤχεσκε
799 2087 815 2147 6
828 2089 938 2166 χαλκός

135 2181 184 2252 τῆς
196 2175 324 2239 άσπίδος·
346 2176 567 2254 ἀντορύσσοντες
581 2177 603 2236 δ’
614 2176 648 2237 ἂν
660 2176 746 2256 ταύτῃ
761 2181 787 2236 οἶ
801 2183 938 2255 Βαρκαῖοι

135 2266 253 2326 ἔκτεινον
264 2269 319 2325 τῶν
333 2268 467 2343 Περσέων
480 2265 545 2329 τούς
557 2267 766 2347 γεωρυχέοντας.
788 2269 873 2326 τοῦτο
886 2270 939 2342 μὲν

135 2353 169 2428 δὴ
184 2353 254 2414 οὕτω
265 2355 401 2430 ἐξευρέθη·
422 2355 473 2418 τάς
486 2355 515 2413 δέ
529 2355 699 2430 προσβολάς
709 2353 897 2432 ἀπεκρούοντο
912 2359 938 2414 οἶ

90 2443 143 2500 201
156 2446 298 2520 Βαρκαῖοι.
342 2442 452 2519 Χρόνον
468 2444 497 2502 δὲ
514 2444 547 2519 δὴ
562 2443 674 2503 πολλόν
686 2444 870 2519 τριβομένων,
893 2446 939 2503 καὶ

135 2530 292 2591 πιπτόντων
311 2531 478 2608 ἀμφοτέρων
497 2537 613 2591 πολλῶν
635 2533 680 2590 καὶ
701 2530 751 2591 ούκ
771 2529 867 2607 ἧσσον
883 2537 940 2594 τῶν

136 2620 277 2695 Περσέων,
286 2618 412 2695 ’Ἄμασις
425 2618 440 2679 6
455 2620 613 2701 στρατηγός
623 2625 672 2679 τοῦ
683 2622 766 2690 πεζοῦ
777 2624 940 2698 μηχανᾶται

135 2707 236 2766 τοιάδε·
253 2708 350 2784 μαθών
362 2707 427 2771 τούς
438 2710 601 2784 Βαρκαίους,
616 2709 651 2772 ὦς
662 2708 731 2766 κατά
746 2711 797 2784 μὲν
810 2709 843 2767 τό
859 2714 938 2789 ἰσχυ-

135 2795 187 2872 ρόν
203 2795 253 2855 ούκ
271 2796 375 2873 αἱρετοὶ
394 2796 447 2856 εἶεν
466 2797 539 2876 δόλιρ
557 2797 587 2854 δέ
603 2799 715 2872 αἱρετοὶ,
730 2798 817 2855 ποιέει
834 2799 939 2858 τοιάδε·

135 2883 231 2946 νυκτός
244 2884 353 2961 τάφρον
367 2883 465 2961 ὀρύξας
479 2885 583 2961 εὗρέην,
599 2886 717 2944 ἐπέτεινε
731 2886 803 2954 ξύλα
816 2885 937 2945 α’σθενέα

127 2971 200 3052 ν’πέρ
217 2971 314 3051 αὐτῆς·
336 2973 489 3052 κατύπερθε
503 2974 532 3032 δὲ
546 2978 683 3049 ἐπιπολῆς
696 2978 750 3032 τῶν
764 2973 855 3043 ξύλων
869 2979 933 3054 χοῦι

112 3067 173 3142 γᾷς
189 3065 373 3148 ἐπεφόρησε,
395 3066 550 3148 ποιέωντῇ
570 3061 645 3145 άλλη
660 3068 699 3144 γῇ
718 3062 857 3122 ἰσόπεδον·
881 3063 927 3140 ἅμι

99 3149 206 3235 ἤμθὶῃ
227 3157 261 3219 δέ
275 3163 308 3226 ἐς
323 3160 437 3248 λόγους
455 3156 652 3239 προεκαλέετο
665 3153 900 3227 ταδςλλαρκάιαυς·

87 3235 128 3298 δὲ
150 3241 338 3321 ἆσπαστῶς
354 3253 553 3336 ὑπήκουσαν,
577 3253 608 3316 ἐς
628 3246 646 3310 ῗ)
670 3251 727 3321 ῦῷῑ
744 3241 812 3300 ἶῦδῑ
832 3238 914 3313 ΜΘΝ
