2040 3464
118 107 166 153 τοι
425 106 608 154 mmmm*
856 103 917 168 [Ν.

117 191 168 245 τοῦ
185 184 276 244 πλόου
295 187 340 243 καὶ
355 185 406 260 τήν
425 188 548 262 ε’ρημίην,
562 185 674 260 ἀπῆλθε
687 182 787 254 όπίσω,
802 182 858 243 οὐδ’
872 189 918 243 ε’π·

119 275 231 331 ετέλεσε
248 273 297 332 τόν
315 275 429 342 ἐπέταξέ
447 277 473 332 οἱ
491 272 510 347 ή
529 271 622 348 μήτηρ
643 270 755 331 ἄεθλον·
780 272 918 351 θυγατέρα

118 360 173 441 γάρ
195 361 327 436 Ζωπύρου
347 366 396 420 τοῦ
417 361 591 441 Μεγαβύζου
612 360 751 436 ἐβιήσατο
769 359 917 436 παρθένον·

120 450 214 508 ἔπειτα
233 450 390 525 μέλλοντος
408 448 492 508 αὐτοῦ
510 449 554 508 διὰ
570 449 673 523 ταύτην
686 447 738 523 τήν
751 452 843 524 αἰτίην
855 447 918 507 ἅνα-

120 538 339 596 σκολοπιεῖσθαι
358 536 413 596 ύπό
434 537 542 613 Ξέρξεω
557 537 705 612 βασιλέας,
723 535 741 611 ή
757 536 851 612 μήτηρ
869 541 919 595 τοῦ

122 625 294 693 Σατάσπεος,
312 629 398 683 ἐοῦσα
419 626 539 701 Δαρείου
560 624 693 699 ἀδελφεή,
714 623 918 700 παραιτήσατο,

122 714 204 789 φᾶσά
222 717 248 772 οἱ
269 713 337 788 αὐτή
353 715 426 789 μέζω
443 715 542 789 ζημίην
558 711 703 787 ἐπιθήσειν
715 711 787 788 ήπερ
806 716 918 771 ἐκεῖνον·

122 801 233 876 Λιβύην
245 801 300 881 γάρ
315 805 341 859 οἱ
354 800 476 881 ἀνάγκην
491 800 607 859 ἔσεσθαι
619 799 796 876 περιπλώειν,
811 804 839 862 ἔς
854 799 871 858 ὃ
886 798 919 860 ἂν

121 891 253 964 α’πίκηται
271 891 428 966 περιπλέων
441 888 527 964 αὐτήν
541 895 568 952 ἐς
580 887 630 948 τόν
643 887 781 965 Ἀράβιον
802 888 918 948 κόλπον·

122 977 358 1057 συγχωρήσαντος
371 977 400 1036 δὲ
410 977 518 1054 Ξέρξεω
532 977 577 1034 ε’πὶ
590 975 724 1046 τούτοισι,
736 975 751 1035 ό
766 975 919 1052 Σατάσπης

123 1065 290 1142 α’πικόμενος
305 1070 331 1127 ές
344 1065 485 1145 Αἴγυπτον
494 1065 540 1123 καὶ
552 1063 653 1140 λαβών
662 1065 711 1123 νέα
723 1091 755 1124 τε
766 1065 812 1121 καὶ
821 1065 920 1128 ναύτας

122 1152 198 1230 παρά
211 1153 322 1223 τούτων,
338 1154 419 1211 ἔπλεε
432 1153 508 1229 παρά
521 1152 695 1228 Ἡρακληίας
708 1151 829 1227 στήλας·
851 1152 919 1211 διεκ-

122 1242 240 1304 πλώσας
260 1243 289 1300 δὲ
311 1242 356 1299 καὶ
377 1241 489 1318 κάμψας
508 1241 541 1301 τό
559 1240 729 1318 ἅκρωτήριον
742 1246 793 1316 τῆς
809 1240 920 1317 Λιβύης

121 1335 159 1408 τῷ
179 1329 284 1406 οὕνομα
304 1328 420 1393 Σολόεις
441 1330 510 1398 ἐστὶ,
532 1331 614 1388 ἔπλεε
634 1328 704 1406 πρός
726 1330 920 1405 μεσαμβρίην·

124 1418 249 1495 περήσας
265 1418 294 1476 δὲ
312 1417 463 1477 θάλασσαν
481 1418 593 1492 πολλήν
610 1423 639 1476 ἐν
656 1421 796 1477 πολλοῖσι
809 1418 918 1493 μήνεσι,

122 1508 183 1565 ε’πεί
200 1532 231 1565 τε
251 1511 300 1565 τοῦ
320 1509 439 1567 πλεῦνος
463 1506 515 1563 αἰεὶ
539 1505 603 1574 ἔδεε,
624 1504 808 1583 ἀποστρέψας
829 1506 919 1565 ὀπίσω

121 1594 244 1652 οἷπέπλεε
259 1600 285 1656 ε’ς
299 1595 449 1673 Αἴγυπτον·
468 1599 497 1650 ἐκ
511 1593 541 1651 δὲ
553 1593 654 1668 ταύτης
668 1591 837 1670 ἀπικόμενος
844 1594 919 1670 παρὰ

122 1684 249 1757 βασιλέα
269 1683 381 1759 Ξέρξεα,
400 1683 479 1761 ἔλεγε
500 1681 556 1756 φοῖς
571 1681 607 1741 τὰ
627 1681 799 1758 προσωτάτω
817 1681 919 1759 όνθριό-

121 1796 190 1832 πους
214 1770 348 1847 σμικρούς
371 1771 550 1846 παραπλέειν,
575 1770 673 1845 ἐσθῆτι
697 1772 840 1848 φοινικηίῃ
865 1771 919 1829 δια-

120 1859 299 1936 χρεωμένους·
323 1859 356 1927 οἳ,
371 1858 439 1920 ὅκως
458 1862 542 1932 σφεῖς
556 1859 723 1939 καταγοίατο
736 1862 772 1936 τῇ
786 1860 840 1935 νηῒ,
856 1860 919 1935 φεύ·

122 1972 226 2026 γεσκον
243 1947 313 2022 πρός
332 1946 367 2005 τά
388 1946 470 2022 οὔρεα
490 1947 633 2008 λείποντες
645 1945 695 2008 τὰς
708 1945 819 2009 πόλιας·
842 1947 919 2007 αύτοὶ

122 2035 151 2092 δὲ
177 2033 293 2093 ἀδικέειν
318 2034 395 2093 ούδέν
418 2032 548 2103 ἐσιόντες,
569 2033 703 2110 πρόβατα
726 2034 755 2092 δὲ
779 2039 872 2110 μοῦνα
892 2037 920 2105 ἐξ

121 2122 224 2182 αὐτέων
244 2123 411 2199 λαμβάνειν·
431 2127 481 2181 τοῦ
502 2123 532 2181 δὲ
551 2122 591 2199 μή
608 2126 789 2199 περιπλῶσαι
809 2124 920 2200 Λιβύην

121 2214 271 2279 παντελῶς,
286 2211 373 2269 αἴτιον
386 2210 449 2269 τόδε
464 2212 551 2290 ἔλεγε,
564 2210 597 2269 τό
612 2215 713 2283 πλοῖον
725 2210 759 2270 τό
773 2212 920 2287 πρόσωού

122 2299 238 2358 δυνατόν
252 2301 291 2356 ἔτι
309 2299 481 2374 προβαίνειν,
496 2297 562 2357 ἀλλ’
577 2299 750 2378 ἐνίσχεσθαι·
772 2300 880 2376 Ξέρξης
892 2301 919 2359 δέ

124 2386 156 2446 οὔ
171 2391 197 2446 οἱ
211 2386 409 2467 συγγινώσκων
417 2388 509 2467 λέγειν
523 2385 640 2462 ἀληθέα,
655 2387 704 2445 οὐκ
719 2387 921 2448 ἐπιτελέσαντά

120 2503 150 2535 τε
171 2476 219 2536 τόν
239 2475 420 2552 προκείμενον
440 2475 542 2534 ἄεθλον
566 2474 782 2544 ἀνεσκολόπισε,
802 2476 856 2551 τήν
875 2476 921 2553 α’ρ·

122 2566 206 2643 χαίην
227 2564 304 2639 δίκην
326 2568 466 2638 ἐπιτιμῶν.
500 2563 599 2622 τούτου
622 2565 652 2623 δὲ
677 2568 728 2623 τοῦ
755 2565 921 2630 Σατάσπεος

123 2653 252 2730 εὐνοῦχος
267 2651 372 2728 α’πέδρη
387 2657 414 2714 ἐς
428 2649 532 2726 Σάμον,
547 2652 609 2710 ἐπεί
622 2678 653 2711 τε
667 2650 786 2711 ε’πύθετο
799 2654 922 2732 τάχιστα

121 2741 170 2801 τόν
189 2740 327 2800 δεσπότεα
345 2740 567 2814 τετελευτηκότα,
583 2741 652 2818 έχων
664 2740 797 2817 χρήματα
810 2741 922 2822 μεγάλα

123 2829 159 2889 τά
173 2829 278 2905 Σάμιος
287 2828 355 2904 α’νήρ
367 2828 496 2905 κατέσχε·
510 2831 560 2887 τοῦ
572 2829 756 2905 ἐπιστάμενος
765 2828 799 2888 τό
809 2829 922 2908 οὕνομα,

124 2917 191 2976 {mv
205 2916 384 2992 ἐπιλήθομαι.

78 3008 112 3064 44
154 3010 211 3080 Τῆς
231 3005 260 3063 δὲ
279 3004 379 3079 Ἀσίης
396 3003 432 3064 ταὶ
451 3004 548 3063 πολλοὶ
567 3004 622 3064 ύπδ
644 3003 766 3081 Δαρείου
784 3005 923 3085 ἐξευρέθη

116 3091 150 3158 ὅς
163 3092 345 3172 βουλόμενος
360 3092 448 3153 Ἰνδόν
461 3092 597 3170 ποταμόν,
612 3092 642 3156 ὃς
656 3093 854 3170 κροκοδείλους
867 3095 923 3155 δεύ·

106 3208 193 3262 τερος
213 3182 300 3250 οὗτος
315 3187 453 3264 ποταμῶν
467 3181 577 3244 πάντων
590 3180 752 3258 παρέχεται,
762 3187 864 3242 τουτον
876 3181 924 3242 τόν

96 3277 244 3354 ποταμόν
268 3277 380 3339 εἰδέναι
403 3280 439 3357 τῇ
469 3279 499 3337 ἐς
522 3272 679 3334 θάλασσαν
706 3266 822 3333 ἱκδιλυοῖ,
841 3269 941 3338 πἐμκα
