2040 3464
99 122 190 187 8-11]
388 125 614 174 ΜπΛΠοΜπυΗ.
850 126 897 173 283

97 202 145 262 σύ·
167 203 221 262 εἴτε
238 203 324 263 αὐτοῦ
342 204 493 276 κατοικίζω,
509 203 602 282 χώρης
618 203 673 283 γάρ
692 203 780 278 τῆσδε
798 203 851 280 ἔχω
863 203 897 262 τό

97 289 198 367 κράτος
211 290 289 366 αύτῆ,
305 292 359 350 ε’ίτε
376 291 534 367 ἀποπέμπω
547 291 623 367 παρά
641 292 677 350 σέ
685 289 709 359 ;”
728 289 780 364 τῆν
796 292 848 367 μὲν
861 289 896 366 δῆ

97 382 184 437 ταῦτα
197 383 356 453 ἐπειρωτᾶν·
375 378 425 439 τόν
439 379 468 438 δὲ
480 378 599 459 λέγουσι
616 378 686 453 πρὸς
698 382 786 437 ταῦτα
800 381 894 437 εἰπεῖν·

97 474 115 501 “
123 465 206 525 ἐπεάν
215 465 401 542 ἀνδρωθέντας
411 467 486 542 ἴδηαι
495 465 561 528 τοῦς
573 466 682 535 παῖδας,
695 465 760 524 τάδε
774 469 893 525 ποιεῦσα

95 552 145 613 οῦκ
159 551 193 612 ἂν
209 553 387 629 α’μαρτάνοις·
407 555 457 613 τόν
472 556 524 630 μὲν
537 552 572 612 ἂν
592 553 660 632 ὁρᾷς
680 553 769 612 αὐτῶν
781 553 844 612 τόδε
860 552 894 612 τό

95 642 177 710 τόξον
193 639 244 700 ὦδε
262 641 532 719 διατεινόμενον,καί
549 645 587 719 τῷ
606 642 726 717 ζωστῆρι
743 641 811 719 τῷδε
824 641 894 700 κατὰ

94 729 160 788 τάδε
191 729 366 806 ζωννύμενον,
396 735 497 790 τοῦτον
526 732 578 806 μὲν
611 730 698 804 τῆσδε
726 733 776 803 τῆς
801 728 893 807 χώρης

94 817 226 894 οἰκήτορα
249 823 338 877 ποιεῦ·
373 817 404 880 ὃς
427 818 450 876 δ’
472 817 506 877 ἂν
525 818 629 877 τούτων
650 821 705 877 τών
732 819 817 896 ἔργων
837 820 893 876 τῶν

94 906 261 981 ε’ντέλλομαι
283 906 408 981 λίπηται,
434 907 555 981 ἔκπεμπε
579 911 610 964 ε’κ
635 909 686 981 τῆς
711 905 812 983 χώρης·
846 905 893 964 καὶ

92 997 180 1052 ταῦτα
190 997 317 1062 ποιεῦσα,
326 993 396 1068 αύτή
405 1020 436 1053 τε
447 993 596 1069 εῦφρανέαι
606 995 652 1052 καὶ
664 993 700 1052 τά
709 994 892 1068 ἐντεταλμένα

92 1080 247 1155 ποιῆσεις.”
287 1081 343 1140 Τόν
366 1085 418 1159 μὲν
442 1081 475 1156 δῆ
499 1080 647 1158 εἰρύσαντα
672 1085 729 1140 τῶν
751 1080 838 1149 τόξων
859 1080 892 1140 τιί
902 1083 939 1142 10

93 1168 194 1245 ἕτερον,
210 1169 271 1248 (δύο
283 1168 338 1249 γοίρ
353 1169 386 1244 δῆ
401 1170 514 1246 φορέειν
529 1169 596 1233 τέως
608 1169 772 1247 Ἡρακλέα)
786 1169 832 1226 καὶ
843 1168 892 1228 τόν

92 1258 222 1333 ζωστῆρα
242 1257 423 1334 προδέξαντα,
451 1256 621 1332 παραδοῦναι
640 1255 673 1315 τό
694 1255 776 1324 τόξον
795 1281 827 1314 τε
847 1257 893 1314 καί
910 1324 913 1330 Ι

90 1344 140 1403 τόν
158 1347 287 1422 ζωστῆρα
304 1347 403 1424 ἔχοντα
420 1345 462 1404 ἐπ’
481 1344 566 1421 ἄκρης
583 1349 633 1420 τῆς
653 1345 806 1420 συμβολῆς
826 1344 889 1418 φιά-

90 1436 146 1508 λην
170 1436 302 1512 χρυσέην,
323 1433 434 1493 διδόντα
458 1435 488 1492 δὲ
515 1432 767 1492 ἀπαλλάσσεσθαι·
787 1431 839 1507 τῆν
859 1431 890 1502 δ’,

91 1520 154 1578 ε’πεί
170 1525 197 1579 οἰ
217 1523 381 1602 γενομένους
400 1521 464 1584 τοῦς
484 1522 585 1584 παῖδας
608 1520 788 1597 ἀνδρωθῆναι,
808 1524 891 1579 τοῦτο

89 1609 142 1683 μέν
168 1615 224 1685 σφι
253 1609 393 1684 οὐνόματα
423 1610 533 1678 θέσθαι,
565 1613 603 1688 τῷ
631 1606 695 1685 μὲνΙ
713 1607 891 1688 Ἀγάθυρσον

90 1695 190 1768 αὐτῶν,
203 1701 242 1775 τῷ
262 1696 285 1756 δ’
304 1698 427 1777 ἑπομένῳ
444 1696 579 1766 Γελωνόν,
594 1695 704 1772 Σκύθην
722 1696 752 1755 δὲ
770 1700 809 1776 τῷ
828 1722 891 1755 νεω-

89 1783 172 1863 τάτῳ·
202 1789 284 1845 τοῦτο
306 1786 335 1844 δὲ
355 1789 406 1860 τῆς
427 1789 580 1861 ἐπιστολῆς
605 1785 782 1862 μεμνημένην
803 1783 890 1860 αύτῆν

89 1876 209 1946 ποιῆσαι
228 1874 264 1932 τοὶ
292 1873 485 1950 ἐντεταλμένα·
514 1875 560 1932 καὶ
580 1873 614 1949 δῆ
642 1873 690 1932 δύο
718 1873 770 1949 μέν
790 1876 891 1932 αἰτῶν

76 1958 203 2031 παίδων,
223 1961 274 2020 τόν
296 1988 326 2020 τε
346 1960 524 2041 Ἀγάθυρσον
545 1961 591 2020 καὶ
610 1960 661 2020 τόν
681 1959 816 2031 Γελωνόν,
837 1961 887 2020 οῦκ

90 2048 165 2111 οἵους
177 2076 208 2108 τε
220 2050 384 2129 γενομένους
404 2050 544 2120 ἐξικέσθαι
562 2048 632 2126 πρδς
647 2048 696 2109 τᾶν
709 2049 890 2125 προκείμενον

90 2134 201 2208 ιῖεθλον,
223 2138 353 2215 οἴχεσθαι
380 2143 410 2196 ἐκ
436 2142 486 2213 τῆς
512 2137 605 2216 χώρης
626 2137 815 2214 ἐκβληθέντας
834 2136 889 2197 ύπό

89 2228 140 2300 τῆς
164 2224 336 2306 γειναμένης,
361 2226 411 2286 τόν
437 2226 467 2285 δὲ
493 2226 629 2286 νεώτατον
656 2225 745 2285 αὐτῶν
769 2226 888 2302 Σκύθην,

91 2314 299 2384 ἐπιτελέσαντα,
312 2318 477 2391 καταμεῖναι
493 2320 523 2373 ἐν
541 2318 578 2392 τῆ
597 2313 684 2393 χώρη·
706 2314 752 2372 καὶ
768 2313 824 2373 άπὸ
839 2317 891 2392 μὲν

91 2402 201 2466 Σκύθεω
217 2408 267 2463 τοῦ
283 2403 440 2481 Ἡρακλέος
456 2402 589 2484 γενέσθαι
601 2403 666 2465 τοῦς
683 2403 735 2461 αἰεὶ
748 2402 891 2478 βασιλέας

89 2490 251 2570 γινομένους
271 2491 408 2556 Σκυθέων·
429 2490 485 2551 άπὸ
506 2491 535 2550 δὲ
554 2495 605 2566 τῆς
626 2490 731 2567 φιάλης
752 2491 792 2548 ἔτι
809 2491 854 2548 καὶ
871 2495 898 2554 ἐς

89 2576 155 2637 τόδε
174 2578 279 2654 φιάλας
299 2585 329 2638 ἐκ
349 2583 404 2639 τῶν
424 2579 572 2655 ζωστήρων
587 2579 700 2655 φορέειν
721 2577 837 2647 Σκύθας,
855 2577 889 2637 τῦ

89 2665 124 2741 δῆ
138 2671 242 2743 μοῦνον
254 2668 477 2746 μηχανήσασθαι
490 2668 542 2742 τῆν
554 2667 662 2744 μητέρα
671 2666 774 2744 Σκύθῃ.
801 2671 890 2726 ταῦτα

109 2756 120 2811 ὲ
131 2753 276 2830 Ἑλλήνων
291 2755 379 2815 οἰτόν
394 2755 504 2814 Πόντον
517 2754 651 2816 οἰκέοντες
664 2753 791 2834 λέγουσι.

124 2839 210 2902 Ἐστι
223 2843 252 2902 δὲ
271 2846 316 2902 καὶ
334 2843 423 2906 ἄλλος
441 2843 527 2923 λόγος
547 2844 617 2921 ἔχων
631 2840 690 2912 ὧδε,
704 2847 742 2921 τῷ
761 2841 931 2917 μάλισταῙΙ

89 2930 232 3011 λεγομένῳ
252 2931 335 2994 αύτός
352 2932 531 3007 πρόσκειμαι·
553 2925 662 2995 Σκύθας
677 2930 741 2993 τοῦς
759 2929 888 3006 νομάδας,

88 3018 229 3083 οἰκέοντας
256 3025 285 3079 ἐν
310 3025 346 3098 τῇ
372 3019 465 3098 Ἀσίη,
499 3017 614 3099 πολέμῳ
643 3016 808 3080 πιεσθέντας
834 3018 888 3077 im)

89 3108 303 3188 Μασσαγετέων
316 3110 445 3187 οἴχεσθαι
464 3107 615 3183 διαβάντας
630 3107 758 3183 ποταμόν
769 3105 897 3180 Ἀράξεα

90 3196 136 3255 ἐπὶ
148 3200 204 3276 γῆν
216 3196 269 3270 τῆν
281 3197 451 3277 Κιμμερίην·
473 3196 526 3276 τὴν
539 3196 598 3282 γὰρ
618 3200 669 3257 νῦν
688 3189 922 3287 νέμονταιῖαςῦζ

79 3284 134 3351 θαι,
150 3281 221 3360 αὕτη
234 3284 351 3351 λέγεται
364 3286 402 3349 τὸ
414 3287 550 3352 παλαιὸν
566 3277 848 3362 εἰναιᾎιρμεοὶυν·
872 3289 951 3326 “2³³³
