<?xml version="1.0" encoding="UTF-8"?>
<!DOCTYPE html PUBLIC "-//W3C//DTD XHTML 1.0 Transitional//EN"
    "http://www.w3.org/TR/xhtml1/DTD/xhtml1-transitional.dtd">
<html xmlns="http://www.w3.org/1999/xhtml" xml:lang="en" lang="en">
 <head>
  <title>
</title>
<meta http-equiv="Content-Type" content="text/html;charset=utf-8" />
  <meta name='ocr-system' content='tesseract 3.04.00' />
  <meta name='ocr-capabilities' content='ocr_page ocr_carea ocr_par ocr_line ocrx_word'/>
</head>
<body>
  <div class='ocr_page' id='page_1' title='image "./recensuitjoseph00herogoog_0030.png"; bbox 0 0 2040 3464; ppageno 0'>
   <div class='ocr_carea' id='block_1_1' title="bbox 69 108 965 3337">
    <p class='ocr_par' dir='ltr' id='par_1_1' title="bbox 97 108 897 354">
     <span class='ocr_line' id='line_1_1' title="bbox 98 108 895 172; baseline -0.003 -13"><span class='ocrx_word' id='word_1_1' title='bbox 98 110 190 172; x_wconf 82' lang='grc' dir='ltr'>ι-ιι]</span> <span class='ocrx_word' id='word_1_2' title='bbox 451 108 564 157; x_wconf 71' lang='lat' dir='ltr'>mm.</span> <span class='ocrx_word' id='word_1_3' title='bbox 880 111 895 157; x_wconf 83' lang='grc' dir='ltr'>ι</span> 
     </span>
     <span class='ocr_line' id='line_1_2' title="bbox 97 186 897 269; baseline 0.001 -22"><span class='ocrx_word' id='word_1_4' title='bbox 97 188 273 248; x_wconf 80' lang='grc' dir='ltr'>συνεκδύεται</span> <span class='ocrx_word' id='word_1_5' title='bbox 290 189 336 247; x_wconf 82' lang='grc' dir='ltr'>καὶ</span> <span class='ocrx_word' id='word_1_6' title='bbox 351 189 403 264; x_wconf 83' lang='grc' dir='ltr'>τήν</span> <span class='ocrx_word' id='word_1_7' title='bbox 420 189 486 247; x_wconf 82' lang='grc' dir='ltr'>αἰδῶ</span> <span class='ocrx_word' id='word_1_8' title='bbox 502 187 583 269; x_wconf 89' lang='grc' dir='ltr'>γυνή.</span> <span class='ocrx_word' id='word_1_9' title='bbox 623 186 713 247; x_wconf 83' lang='grc' dir='ltr'>πάλαι</span> <span class='ocrx_word' id='word_1_10' title='bbox 729 187 759 247; x_wconf 80' lang='grc' dir='ltr'>δὲ</span> <span class='ocrx_word' id='word_1_11' title='bbox 773 186 809 247; x_wconf 84' lang='grc' dir='ltr'>τά</span> <span class='ocrx_word' id='word_1_12' title='bbox 823 187 897 248; x_wconf 82' lang='grc' dir='ltr'>καλά</span> 
     </span>
     <span class='ocr_line' id='line_1_3' title="bbox 97 274 897 354; baseline 0.004 -22"><span class='ocrx_word' id='word_1_13' title='bbox 97 275 268 352; x_wconf 81' lang='grc' dir='ltr'>ἀνθρώποισι</span> <span class='ocrx_word' id='word_1_14' title='bbox 279 275 428 354; x_wconf 82' lang='grc' dir='ltr'>ἐξεύρηται,</span> <span class='ocrx_word' id='word_1_15' title='bbox 444 281 474 334; x_wconf 82' lang='grc' dir='ltr'>ἐκ</span> <span class='ocrx_word' id='word_1_16' title='bbox 486 279 541 335; x_wconf 79' lang='grc' dir='ltr'>τῶν</span> <span class='ocrx_word' id='word_1_17' title='bbox 553 274 703 351; x_wconf 79' lang='grc' dir='ltr'>μανθάνειν</span> <span class='ocrx_word' id='word_1_18' title='bbox 713 275 763 334; x_wconf 87' lang='grc' dir='ltr'>δεῖ·</span> <span class='ocrx_word' id='word_1_19' title='bbox 778 279 807 334; x_wconf 89' lang='grc' dir='ltr'>ε’ν</span> <span class='ocrx_word' id='word_1_20' title='bbox 818 278 897 335; x_wconf 85' lang='grc' dir='ltr'>τοῖσι</span> 
     </span>
    </p>

    <p class='ocr_par' dir='ltr' id='par_1_2' title="bbox 69 361 965 3337">
     <span class='ocr_line' id='line_1_4' title="bbox 98 361 894 443; baseline 0 -22"><span class='ocrx_word' id='word_1_21' title='bbox 98 361 126 420; x_wconf 73' lang='grc' dir='ltr'>ἓν</span> <span class='ocrx_word' id='word_1_22' title='bbox 143 363 207 422; x_wconf 90' lang='grc' dir='ltr'>τόδε</span> <span class='ocrx_word' id='word_1_23' title='bbox 224 364 294 432; x_wconf 81' lang='grc' dir='ltr'>ἐστὶ,</span> <span class='ocrx_word' id='word_1_24' title='bbox 311 364 442 422; x_wconf 83' lang='grc' dir='ltr'>σκοπέειν</span> <span class='ocrx_word' id='word_1_25' title='bbox 457 362 520 422; x_wconf 80' lang='grc' dir='ltr'>τινά</span> <span class='ocrx_word' id='word_1_26' title='bbox 535 362 571 422; x_wconf 85' lang='grc' dir='ltr'>τοὶ</span> <span class='ocrx_word' id='word_1_27' title='bbox 587 365 697 422; x_wconf 77' lang='grc' dir='ltr'>ἑωυτοῦ·</span> <span class='ocrx_word' id='word_1_28' title='bbox 718 367 772 443; x_wconf 88' lang='grc' dir='ltr'>ε’γω</span> <span class='ocrx_word' id='word_1_29' title='bbox 790 363 819 421; x_wconf 87' lang='grc' dir='ltr'>δὲ</span> <span class='ocrx_word' id='word_1_30' title='bbox 836 362 894 421; x_wconf 86' lang='grc' dir='ltr'>πεί·</span> 
     </span>
     <span class='ocr_line' id='line_1_5' title="bbox 96 450 897 530; baseline 0.002 -23"><span class='ocrx_word' id='word_1_31' title='bbox 96 450 181 526; x_wconf 91' lang='grc' dir='ltr'>θομαι</span> <span class='ocrx_word' id='word_1_32' title='bbox 195 450 299 526; x_wconf 83' lang='grc' dir='ltr'>ἐκείνην</span> <span class='ocrx_word' id='word_1_33' title='bbox 313 450 382 509; x_wconf 84' lang='grc' dir='ltr'>εἶναι</span> <span class='ocrx_word' id='word_1_34' title='bbox 394 450 507 509; x_wconf 89' lang='grc' dir='ltr'>πασέων</span> <span class='ocrx_word' id='word_1_35' title='bbox 519 453 655 530; x_wconf 76' lang='grc' dir='ltr'>γυναικῶν</span> <span class='ocrx_word' id='word_1_36' title='bbox 668 450 833 525; x_wconf 82' lang='grc' dir='ltr'>καλλίστην,</span> <span class='ocrx_word' id='word_1_37' title='bbox 847 450 897 509; x_wconf 89' lang='grc' dir='ltr'>καί</span> 
     </span>
     <span class='ocr_line' id='line_1_6' title="bbox 94 534 923 618; baseline 0.004 -24"><span class='ocrx_word' id='word_1_38' title='bbox 94 561 146 595; x_wconf 89' lang='grc' dir='ltr'>σεο</span> <span class='ocrx_word' id='word_1_39' title='bbox 160 537 257 613; x_wconf 88' lang='grc' dir='ltr'>δέομαι</span> <span class='ocrx_word' id='word_1_40' title='bbox 274 536 314 613; x_wconf 81' lang='grc' dir='ltr'>μή</span> <span class='ocrx_word' id='word_1_41' title='bbox 332 537 445 597; x_wconf 91' lang='grc' dir='ltr'>δέεσθαι</span> <span class='ocrx_word' id='word_1_42' title='bbox 461 534 596 612; x_wconf 81' lang='grc' dir='ltr'>άνόμων.”</span> <span class='ocrx_word' id='word_1_43' title='bbox 636 534 670 594; x_wconf 80' lang='lat' dir='ltr'>‘O</span> <span class='ocrx_word' id='word_1_44' title='bbox 689 538 741 612; x_wconf 75' lang='grc' dir='ltr'>μὲν</span> <span class='ocrx_word' id='word_1_45' title='bbox 754 536 788 612; x_wconf 84' lang='grc' dir='ltr'>δή</span> <span class='ocrx_word' id='word_1_46' title='bbox 802 539 892 618; x_wconf 90' lang='grc' dir='ltr'>λέγων</span> <span class='ocrx_word' id='word_1_47' title='bbox 906 538 923 597; x_wconf 84' lang='grc'><strong>9</strong></span> 
     </span>
     <span class='ocr_line' id='line_1_7' title="bbox 93 623 894 704; baseline 0.004 -22"><span class='ocrx_word' id='word_1_48' title='bbox 93 630 209 684; x_wconf 83' lang='grc' dir='ltr'>τοιαῦτα</span> <span class='ocrx_word' id='word_1_49' title='bbox 231 623 400 704; x_wconf 82' lang='grc' dir='ltr'>α’πεμάχετο,</span> <span class='ocrx_word' id='word_1_50' title='bbox 421 624 563 702; x_wconf 79' lang='grc' dir='ltr'>ἀρρωδέων</span> <span class='ocrx_word' id='word_1_51' title='bbox 584 623 625 700; x_wconf 90' lang='grc' dir='ltr'>μή</span> <span class='ocrx_word' id='word_1_52' title='bbox 645 649 673 684; x_wconf 88' lang='grc' dir='ltr'>τι</span> <span class='ocrx_word' id='word_1_53' title='bbox 694 627 720 683; x_wconf 87' lang='grc' dir='ltr'>οἰ</span> <span class='ocrx_word' id='word_1_54' title='bbox 740 625 772 694; x_wconf 82' lang='grc' dir='ltr'>ἐξ</span> <span class='ocrx_word' id='word_1_55' title='bbox 792 623 894 685; x_wconf 80' lang='grc' dir='ltr'>αὐτέων</span> 
     </span>
     <span class='ocr_line' id='line_1_8' title="bbox 93 710 958 794; baseline -0.001 -23"><span class='ocrx_word' id='word_1_56' title='bbox 93 713 206 794; x_wconf 89' lang='grc' dir='ltr'>γένηται</span> <span class='ocrx_word' id='word_1_57' title='bbox 220 712 313 773; x_wconf 91' lang='grc' dir='ltr'>κακόν·</span> <span class='ocrx_word' id='word_1_58' title='bbox 330 713 386 772; x_wconf 77' lang='grc' dir='ltr'>ὅδὲ</span> <span class='ocrx_word' id='word_1_59' title='bbox 399 711 647 790; x_wconf 86' lang='grc' dir='ltr'>οἷμείβετοτοῖσδε·</span> <span class='ocrx_word' id='word_1_60' title='bbox 665 721 682 747; x_wconf 84' lang='grc'><strong>“</strong></span> <span class='ocrx_word' id='word_1_61' title='bbox 691 710 791 789; x_wconf 86' lang='grc' dir='ltr'>θάρσει</span> <span class='ocrx_word' id='word_1_62' title='bbox 803 711 891 794; x_wconf 88' lang='grc' dir='ltr'>Γύγη·</span> <span class='ocrx_word' id='word_1_63' title='bbox 944 733 958 786; x_wconf 71' lang='lat'>1</span> 
     </span>
     <span class='ocr_line' id='line_1_9' title="bbox 92 798 892 881; baseline 0.004 -24"><span class='ocrx_word' id='word_1_64' title='bbox 92 800 139 858; x_wconf 82' lang='grc' dir='ltr'>καὶ</span> <span class='ocrx_word' id='word_1_65' title='bbox 156 799 197 876; x_wconf 84' lang='grc' dir='ltr'>μή</span> <span class='ocrx_word' id='word_1_66' title='bbox 215 801 308 876; x_wconf 84' lang='grc' dir='ltr'>φοβεῦ</span> <span class='ocrx_word' id='word_1_67' title='bbox 328 799 400 877; x_wconf 90' lang='grc' dir='ltr'>μήτε</span> <span class='ocrx_word' id='word_1_68' title='bbox 418 803 474 876; x_wconf 78' lang='grc' dir='ltr'>ἐμὲ,</span> <span class='ocrx_word' id='word_1_69' title='bbox 492 798 527 863; x_wconf 81' lang='grc' dir='ltr'>ὥς</span> <span class='ocrx_word' id='word_1_70' title='bbox 547 825 598 858; x_wconf 87' lang='grc' dir='ltr'>σεο</span> <span class='ocrx_word' id='word_1_71' title='bbox 618 798 788 876; x_wconf 76' lang='grc' dir='ltr'>πειράμενον</span> <span class='ocrx_word' id='word_1_72' title='bbox 803 798 892 881; x_wconf 89' lang='grc' dir='ltr'>λόγον</span> 
     </span>
     <span class='ocr_line' id='line_1_10' title="bbox 92 886 893 967; baseline 0 -21"><span class='ocrx_word' id='word_1_73' title='bbox 92 886 179 957; x_wconf 87' lang='grc' dir='ltr'>τόνδε,</span> <span class='ocrx_word' id='word_1_74' title='bbox 197 887 269 964; x_wconf 88' lang='grc' dir='ltr'>μήτε</span> <span class='ocrx_word' id='word_1_75' title='bbox 286 892 404 967; x_wconf 88' lang='grc' dir='ltr'>γυναῖκα</span> <span class='ocrx_word' id='word_1_76' title='bbox 422 886 474 963; x_wconf 81' lang='grc' dir='ltr'>τήν</span> <span class='ocrx_word' id='word_1_77' title='bbox 494 886 572 965; x_wconf 84' lang='grc' dir='ltr'>ε’μήν,</span> <span class='ocrx_word' id='word_1_78' title='bbox 588 886 629 963; x_wconf 79' lang='grc' dir='ltr'>μί</span> <span class='ocrx_word' id='word_1_79' title='bbox 646 913 674 947; x_wconf 92' lang='grc' dir='ltr'>τι</span> <span class='ocrx_word' id='word_1_80' title='bbox 692 913 738 946; x_wconf 86' lang='grc' dir='ltr'>τοι</span> <span class='ocrx_word' id='word_1_81' title='bbox 758 887 789 957; x_wconf 81' lang='grc' dir='ltr'>ἐξ</span> <span class='ocrx_word' id='word_1_82' title='bbox 807 886 893 966; x_wconf 74' lang='grc' dir='ltr'>αὐτῆς</span> 
     </span>
     <span class='ocr_line' id='line_1_11' title="bbox 91 973 890 1056; baseline 0.001 -24"><span class='ocrx_word' id='word_1_83' title='bbox 91 974 205 1055; x_wconf 89' lang='grc' dir='ltr'>γένηται</span> <span class='ocrx_word' id='word_1_84' title='bbox 217 974 342 1051; x_wconf 80' lang='grc' dir='ltr'>βλάβος·</span> <span class='ocrx_word' id='word_1_85' title='bbox 360 974 450 1054; x_wconf 83' lang='grc' dir='ltr'>οἶρχήν</span> <span class='ocrx_word' id='word_1_86' title='bbox 460 974 514 1056; x_wconf 79' lang='grc' dir='ltr'>γάρ</span> <span class='ocrx_word' id='word_1_87' title='bbox 529 974 582 1055; x_wconf 77' lang='grc' dir='ltr'>ε’γαί</span> <span class='ocrx_word' id='word_1_88' title='bbox 595 974 798 1054; x_wconf 81' lang='grc' dir='ltr'>μηχανήσομαι</span> <span class='ocrx_word' id='word_1_89' title='bbox 811 973 890 1046; x_wconf 77' lang='grc' dir='ltr'>οἰτω,</span> 
     </span>
     <span class='ocr_line' id='line_1_12' title="bbox 92 1060 890 1144; baseline 0.001 -24"><span class='ocrx_word' id='word_1_90' title='bbox 92 1060 166 1121; x_wconf 78' lang='grc' dir='ltr'>ὥστε</span> <span class='ocrx_word' id='word_1_91' title='bbox 182 1063 253 1139; x_wconf 86' lang='grc' dir='ltr'>μηδὲ</span> <span class='ocrx_word' id='word_1_92' title='bbox 269 1063 369 1139; x_wconf 83' lang='grc' dir='ltr'>μαθεῖν</span> <span class='ocrx_word' id='word_1_93' title='bbox 386 1088 435 1139; x_wconf 87' lang='grc' dir='ltr'>μιν</span> <span class='ocrx_word' id='word_1_94' title='bbox 451 1062 591 1139; x_wconf 82' lang='grc' dir='ltr'>ὀφθεῖσαν</span> <span class='ocrx_word' id='word_1_95' title='bbox 607 1061 663 1122; x_wconf 84' lang='grc' dir='ltr'>ύπδ</span> <span class='ocrx_word' id='word_1_96' title='bbox 683 1065 743 1122; x_wconf 85' lang='grc' dir='ltr'>σεῦ·</span> <span class='ocrx_word' id='word_1_97' title='bbox 765 1061 819 1144; x_wconf 75' lang='grc' dir='ltr'>ε’γο)</span> <span class='ocrx_word' id='word_1_98' title='bbox 834 1062 890 1144; x_wconf 87' lang='grc' dir='ltr'>γάρ</span> 
     </span>
     <span class='ocr_line' id='line_1_13' title="bbox 91 1148 889 1232; baseline 0.001 -23"><span class='ocrx_word' id='word_1_99' title='bbox 91 1175 127 1209; x_wconf 85' lang='grc' dir='ltr'>σε</span> <span class='ocrx_word' id='word_1_100' title='bbox 140 1155 168 1213; x_wconf 91' lang='grc' dir='ltr'>ε’ς</span> <span class='ocrx_word' id='word_1_101' title='bbox 180 1150 213 1209; x_wconf 84' lang='grc' dir='ltr'>τὸ</span> <span class='ocrx_word' id='word_1_102' title='bbox 228 1151 330 1228; x_wconf 82' lang='grc' dir='ltr'>οἴκημα</span> <span class='ocrx_word' id='word_1_103' title='bbox 343 1155 372 1210; x_wconf 78' lang='grc' dir='ltr'>ἐν</span> <span class='ocrx_word' id='word_1_104' title='bbox 385 1154 423 1229; x_wconf 74' lang='grc' dir='ltr'>τῷ</span> <span class='ocrx_word' id='word_1_105' title='bbox 437 1148 596 1227; x_wconf 75' lang='grc' dir='ltr'>κοιμώμεθα</span> <span class='ocrx_word' id='word_1_106' title='bbox 606 1149 708 1210; x_wconf 78' lang='grc' dir='ltr'>ὄπισθε</span> <span class='ocrx_word' id='word_1_107' title='bbox 720 1154 771 1227; x_wconf 78' lang='grc' dir='ltr'>τῆς</span> <span class='ocrx_word' id='word_1_108' title='bbox 781 1150 889 1232; x_wconf 85' lang='grc' dir='ltr'>οἰνοιγο-</span> 
     </span>
     <span class='ocr_line' id='line_1_14' title="bbox 90 1236 890 1316; baseline 0.003 -21"><span class='ocrx_word' id='word_1_109' title='bbox 90 1238 174 1314; x_wconf 80' lang='grc' dir='ltr'>μένης</span> <span class='ocrx_word' id='word_1_110' title='bbox 188 1237 271 1316; x_wconf 87' lang='grc' dir='ltr'>θύρης</span> <span class='ocrx_word' id='word_1_111' title='bbox 284 1237 392 1314; x_wconf 81' lang='grc' dir='ltr'>στήσω·</span> <span class='ocrx_word' id='word_1_112' title='bbox 408 1237 479 1314; x_wconf 78' lang='grc' dir='ltr'>μετά</span> <span class='ocrx_word' id='word_1_113' title='bbox 489 1237 511 1297; x_wconf 87' lang='grc' dir='ltr'>δ’</span> <span class='ocrx_word' id='word_1_114' title='bbox 526 1240 574 1314; x_wconf 80' lang='grc' dir='ltr'>ἐμὲ</span> <span class='ocrx_word' id='word_1_115' title='bbox 585 1236 739 1298; x_wconf 79' lang='grc' dir='ltr'>ἐσελθόντα</span> <span class='ocrx_word' id='word_1_116' title='bbox 751 1239 890 1315; x_wconf 90' lang='grc' dir='ltr'>παρέσται</span> 
     </span>
     <span class='ocr_line' id='line_1_15' title="bbox 91 1324 890 1406; baseline 0.003 -23"><span class='ocrx_word' id='word_1_117' title='bbox 91 1326 136 1383; x_wconf 82' lang='grc' dir='ltr'>καὶ</span> <span class='ocrx_word' id='word_1_118' title='bbox 156 1324 175 1401; x_wconf 89' lang='grc' dir='ltr'>ή</span> <span class='ocrx_word' id='word_1_119' title='bbox 195 1325 264 1406; x_wconf 86' lang='grc' dir='ltr'>γυνή</span> <span class='ocrx_word' id='word_1_120' title='bbox 284 1324 305 1401; x_wconf 85' lang='grc' dir='ltr'>ή</span> <span class='ocrx_word' id='word_1_121' title='bbox 325 1324 377 1402; x_wconf 84' lang='grc' dir='ltr'>ε’μή</span> <span class='ocrx_word' id='word_1_122' title='bbox 399 1329 426 1388; x_wconf 77' lang='grc' dir='ltr'>ἐς</span> <span class='ocrx_word' id='word_1_123' title='bbox 446 1329 548 1385; x_wconf 90' lang='grc' dir='ltr'>κοῖτον.</span> <span class='ocrx_word' id='word_1_124' title='bbox 570 1329 657 1384; x_wconf 90' lang='grc' dir='ltr'>κεῖται</span> <span class='ocrx_word' id='word_1_125' title='bbox 677 1325 706 1384; x_wconf 82' lang='grc' dir='ltr'>δὲ</span> <span class='ocrx_word' id='word_1_126' title='bbox 730 1324 819 1405; x_wconf 80' lang='grc' dir='ltr'>ἀγχοῦ</span> <span class='ocrx_word' id='word_1_127' title='bbox 839 1330 890 1402; x_wconf 82' lang='grc' dir='ltr'>τῆς</span> 
     </span>
     <span class='ocr_line' id='line_1_16' title="bbox 90 1410 890 1490; baseline 0.004 -19"><span class='ocrx_word' id='word_1_128' title='bbox 90 1411 190 1472; x_wconf 80' lang='grc' dir='ltr'>ε’σόδου</span> <span class='ocrx_word' id='word_1_129' title='bbox 214 1412 321 1490; x_wconf 90' lang='grc' dir='ltr'>θρόνος·</span> <span class='ocrx_word' id='word_1_130' title='bbox 350 1413 396 1472; x_wconf 90' lang='grc' dir='ltr'>ε’πὶ</span> <span class='ocrx_word' id='word_1_131' title='bbox 421 1417 521 1472; x_wconf 83' lang='grc' dir='ltr'>τοῦτον</span> <span class='ocrx_word' id='word_1_132' title='bbox 543 1417 599 1471; x_wconf 77' lang='grc' dir='ltr'>τῶν</span> <span class='ocrx_word' id='word_1_133' title='bbox 622 1412 736 1489; x_wconf 82' lang='grc' dir='ltr'>ἱματίων</span> <span class='ocrx_word' id='word_1_134' title='bbox 763 1410 834 1472; x_wconf 82' lang='grc' dir='ltr'>κατά</span> <span class='ocrx_word' id='word_1_135' title='bbox 861 1413 890 1474; x_wconf 79' lang='grc' dir='ltr'>ἓν</span> 
     </span>
     <span class='ocr_line' id='line_1_17' title="bbox 90 1497 890 1578; baseline 0.005 -21"><span class='ocrx_word' id='word_1_136' title='bbox 90 1499 209 1560; x_wconf 81' lang='grc' dir='ltr'>ἕκαστον</span> <span class='ocrx_word' id='word_1_137' title='bbox 225 1500 377 1560; x_wconf 80' lang='grc' dir='ltr'>ἐκδύνουσα</span> <span class='ocrx_word' id='word_1_138' title='bbox 394 1499 484 1576; x_wconf 87' lang='grc' dir='ltr'>θήσει,</span> <span class='ocrx_word' id='word_1_139' title='bbox 499 1499 545 1558; x_wconf 91' lang='grc' dir='ltr'>καὶ</span> <span class='ocrx_word' id='word_1_140' title='bbox 564 1499 622 1558; x_wconf 86' lang='grc' dir='ltr'>κατ’</span> <span class='ocrx_word' id='word_1_141' title='bbox 638 1497 760 1578; x_wconf 87' lang='grc' dir='ltr'>ήουχίην</span> <span class='ocrx_word' id='word_1_142' title='bbox 776 1501 890 1576; x_wconf 83' lang='grc' dir='ltr'>πολλήν</span> 
     </span>
     <span class='ocr_line' id='line_1_18' title="bbox 89 1586 888 1664; baseline 0.004 -19"><span class='ocrx_word' id='word_1_143' title='bbox 89 1589 201 1664; x_wconf 83' lang='grc' dir='ltr'>παρέξει</span> <span class='ocrx_word' id='word_1_144' title='bbox 220 1613 265 1647; x_wconf 93' lang='grc' dir='ltr'>τοι</span> <span class='ocrx_word' id='word_1_145' title='bbox 285 1587 453 1664; x_wconf 90' lang='grc' dir='ltr'>θεήσασθαι.</span> <span class='ocrx_word' id='word_1_146' title='bbox 496 1586 579 1647; x_wconf 80' lang='grc' dir='ltr'>ἐπεάν</span> <span class='ocrx_word' id='word_1_147' title='bbox 597 1588 627 1646; x_wconf 79' lang='grc' dir='ltr'>δὲ</span> <span class='ocrx_word' id='word_1_148' title='bbox 645 1586 701 1646; x_wconf 82' lang='grc' dir='ltr'>α’πδ</span> <span class='ocrx_word' id='word_1_149' title='bbox 719 1589 770 1646; x_wconf 84' lang='grc' dir='ltr'>τοῖ</span> <span class='ocrx_word' id='word_1_150' title='bbox 787 1586 888 1664; x_wconf 89' lang='grc' dir='ltr'>θρόνου</span> 
     </span>
     <span class='ocr_line' id='line_1_19' title="bbox 88 1672 931 1755; baseline 0.001 -22"><span class='ocrx_word' id='word_1_151' title='bbox 88 1676 189 1754; x_wconf 82' lang='grc' dir='ltr'>στείχῃ</span> <span class='ocrx_word' id='word_1_152' title='bbox 203 1677 248 1735; x_wconf 86' lang='grc' dir='ltr'>ε’πί</span> <span class='ocrx_word' id='word_1_153' title='bbox 261 1675 313 1750; x_wconf 86' lang='grc' dir='ltr'>τήν</span> <span class='ocrx_word' id='word_1_154' title='bbox 327 1674 407 1752; x_wconf 84' lang='grc' dir='ltr'>εύνήν</span> <span class='ocrx_word' id='word_1_155' title='bbox 421 1674 491 1735; x_wconf 80' lang='grc' dir='ltr'>κατά</span> <span class='ocrx_word' id='word_1_156' title='bbox 506 1673 594 1735; x_wconf 81' lang='grc' dir='ltr'>νιότου</span> <span class='ocrx_word' id='word_1_157' title='bbox 609 1701 640 1734; x_wconf 87' lang='grc' dir='ltr'>τε</span> <span class='ocrx_word' id='word_1_158' title='bbox 657 1672 741 1751; x_wconf 78' lang='grc' dir='ltr'>αύτῆς</span> <span class='ocrx_word' id='word_1_159' title='bbox 753 1675 828 1755; x_wconf 80' lang='grc' dir='ltr'>γένη,</span> <span class='ocrx_word' id='word_1_160' title='bbox 840 1676 888 1735; x_wconf 88' lang='grc' dir='ltr'>σοὶ</span> <span class='ocrx_word' id='word_1_161' title='bbox 930 1684 931 1687; x_wconf 69' lang='grc'>’</span> 
     </span>
     <span class='ocr_line' id='line_1_20' title="bbox 87 1761 886 1842; baseline 0.003 -22"><span class='ocrx_word' id='word_1_162' title='bbox 87 1764 195 1838; x_wconf 91' lang='grc' dir='ltr'>μελέτω</span> <span class='ocrx_word' id='word_1_163' title='bbox 214 1763 249 1823; x_wconf 76' lang='grc' dir='ltr'>τά</span> <span class='ocrx_word' id='word_1_164' title='bbox 270 1764 394 1824; x_wconf 81' lang='grc' dir='ltr'>ε’νθεῖτεν</span> <span class='ocrx_word' id='word_1_165' title='bbox 414 1763 482 1826; x_wconf 86' lang='grc' dir='ltr'>ὅκως</span> <span class='ocrx_word' id='word_1_166' title='bbox 502 1761 545 1839; x_wconf 93' lang='grc' dir='ltr'>μή</span> <span class='ocrx_word' id='word_1_167' title='bbox 565 1788 601 1823; x_wconf 90' lang='grc' dir='ltr'>σε</span> <span class='ocrx_word' id='word_1_168' title='bbox 623 1762 722 1842; x_wconf 81' lang='grc' dir='ltr'>ὄψεται</span> <span class='ocrx_word' id='word_1_169' title='bbox 743 1762 819 1823; x_wconf 84' lang='grc' dir='ltr'>ἰόντα</span> <span class='ocrx_word' id='word_1_170' title='bbox 840 1763 886 1822; x_wconf 87' lang='grc' dir='ltr'>διαὶ</span> 
     </span>
     <span class='ocr_line' id='line_1_21' title="bbox 87 1849 933 1932; baseline -0.001 -23"><span class='ocrx_word' id='word_1_171' title='bbox 87 1849 216 1928; x_wconf 88' lang='grc' dir='ltr'>θυρέων.”</span> <span class='ocrx_word' id='word_1_172' title='bbox 255 1849 289 1910; x_wconf 89' lang='lat'>‘0</span> <span class='ocrx_word' id='word_1_173' title='bbox 303 1852 355 1927; x_wconf 77' lang='grc' dir='ltr'>μὲν</span> <span class='ocrx_word' id='word_1_174' title='bbox 369 1850 411 1926; x_wconf 84' lang='grc' dir='ltr'>δή,</span> <span class='ocrx_word' id='word_1_175' title='bbox 427 1850 463 1913; x_wconf 68' lang='grc' dir='ltr'>οἷς</span> <span class='ocrx_word' id='word_1_176' title='bbox 479 1849 528 1910; x_wconf 77' lang='grc' dir='ltr'>οὐκ</span> <span class='ocrx_word' id='word_1_177' title='bbox 545 1849 657 1910; x_wconf 83' lang='grc' dir='ltr'>ἐδύνατο</span> <span class='ocrx_word' id='word_1_178' title='bbox 672 1851 838 1932; x_wconf 70' lang='grc' dir='ltr'>διαφυγέειν,</span> <span class='ocrx_word' id='word_1_179' title='bbox 852 1849 887 1927; x_wconf 85' lang='grc' dir='ltr'>ἦν</span> <span class='ocrx_word' id='word_1_180' title='bbox 897 1853 933 1910; x_wconf 87' lang='grc'>10</span> 
     </span>
     <span class='ocr_line' id='line_1_22' title="bbox 87 1936 887 2015; baseline 0.001 -19"><span class='ocrx_word' id='word_1_181' title='bbox 87 1939 205 2014; x_wconf 74' lang='grc' dir='ltr'>ἑτοῖμος·</span> <span class='ocrx_word' id='word_1_182' title='bbox 222 1936 239 1998; x_wconf 86' lang='grc' dir='ltr'>ό</span> <span class='ocrx_word' id='word_1_183' title='bbox 253 1938 283 1997; x_wconf 77' lang='grc' dir='ltr'>δὲ</span> <span class='ocrx_word' id='word_1_184' title='bbox 297 1938 462 2014; x_wconf 80' lang='grc' dir='ltr'>Κανδαύλης</span> <span class='ocrx_word' id='word_1_185' title='bbox 481 1939 541 1998; x_wconf 84' lang='grc' dir='ltr'>ε’πεὶ</span> <span class='ocrx_word' id='word_1_186' title='bbox 557 1937 648 1998; x_wconf 85' lang='grc' dir='ltr'>ε’δόκεε</span> <span class='ocrx_word' id='word_1_187' title='bbox 662 1937 718 2015; x_wconf 84' lang='grc' dir='ltr'>ὥρη</span> <span class='ocrx_word' id='word_1_188' title='bbox 731 1942 782 2015; x_wconf 79' lang='grc' dir='ltr'>τῆς</span> <span class='ocrx_word' id='word_1_189' title='bbox 795 1939 887 2015; x_wconf 88' lang='grc' dir='ltr'>κοίτης</span> 
     </span>
     <span class='ocr_line' id='line_1_23' title="bbox 86 2023 886 2107; baseline 0.003 -24"><span class='ocrx_word' id='word_1_190' title='bbox 86 2024 164 2095; x_wconf 86' lang='grc' dir='ltr'>εἰναι,</span> <span class='ocrx_word' id='word_1_191' title='bbox 174 2023 264 2107; x_wconf 79' lang='grc' dir='ltr'>ἤγαγε</span> <span class='ocrx_word' id='word_1_192' title='bbox 276 2025 326 2086; x_wconf 83' lang='grc' dir='ltr'>τόν</span> <span class='ocrx_word' id='word_1_193' title='bbox 336 2025 428 2106; x_wconf 87' lang='grc' dir='ltr'>Γύγεα</span> <span class='ocrx_word' id='word_1_194' title='bbox 441 2030 468 2089; x_wconf 79' lang='grc' dir='ltr'>ἐς</span> <span class='ocrx_word' id='word_1_195' title='bbox 481 2026 514 2086; x_wconf 58' lang='lat' dir='ltr'>ro*</span> <span class='ocrx_word' id='word_1_196' title='bbox 526 2026 636 2102; x_wconf 81' lang='grc' dir='ltr'>οἴκημα·</span> <span class='ocrx_word' id='word_1_197' title='bbox 656 2027 702 2084; x_wconf 84' lang='grc' dir='ltr'>καὶ</span> <span class='ocrx_word' id='word_1_198' title='bbox 715 2025 786 2102; x_wconf 87' lang='grc' dir='ltr'>μετοί</span> <span class='ocrx_word' id='word_1_199' title='bbox 798 2030 886 2086; x_wconf 80' lang='grc' dir='ltr'>ταῦτα</span> 
     </span>
     <span class='ocr_line' id='line_1_24' title="bbox 85 2110 885 2193; baseline 0.005 -23"><span class='ocrx_word' id='word_1_200' title='bbox 85 2110 184 2171; x_wconf 87' lang='grc' dir='ltr'>αύτίκα</span> <span class='ocrx_word' id='word_1_201' title='bbox 193 2117 286 2189; x_wconf 83' lang='grc' dir='ltr'>παρῆν</span> <span class='ocrx_word' id='word_1_202' title='bbox 296 2112 369 2189; x_wconf 83' lang='grc' dir='ltr'>καὶή</span> <span class='ocrx_word' id='word_1_203' title='bbox 382 2112 462 2193; x_wconf 89' lang='grc' dir='ltr'>γυνή·</span> <span class='ocrx_word' id='word_1_204' title='bbox 476 2113 653 2173; x_wconf 81' lang='grc' dir='ltr'>ἐσελθοῦσαν</span> <span class='ocrx_word' id='word_1_205' title='bbox 662 2112 692 2172; x_wconf 81' lang='grc' dir='ltr'>δὲ</span> <span class='ocrx_word' id='word_1_206' title='bbox 702 2114 748 2172; x_wconf 81' lang='grc' dir='ltr'>καὶ</span> <span class='ocrx_word' id='word_1_207' title='bbox 757 2114 885 2174; x_wconf 85' lang='grc' dir='ltr'>τιθεῖσαν</span> 
     </span>
     <span class='ocr_line' id='line_1_25' title="bbox 83 2198 884 2281; baseline 0.002 -23"><span class='ocrx_word' id='word_1_208' title='bbox 83 2199 120 2258; x_wconf 82' lang='grc' dir='ltr'>τά</span> <span class='ocrx_word' id='word_1_209' title='bbox 130 2201 230 2277; x_wconf 79' lang='grc' dir='ltr'>εἵματα</span> <span class='ocrx_word' id='word_1_210' title='bbox 244 2201 351 2277; x_wconf 90' lang='grc' dir='ltr'>ε’θηεῖτο</span> <span class='ocrx_word' id='word_1_211' title='bbox 365 2200 381 2260; x_wconf 83' lang='grc' dir='ltr'>ὁ</span> <span class='ocrx_word' id='word_1_212' title='bbox 392 2201 493 2281; x_wconf 86' lang='grc' dir='ltr'>Γύγης·</span> <span class='ocrx_word' id='word_1_213' title='bbox 510 2199 546 2262; x_wconf 78' lang='grc' dir='ltr'>οἰς</span> <span class='ocrx_word' id='word_1_214' title='bbox 555 2201 584 2259; x_wconf 81' lang='grc' dir='ltr'>δὲ</span> <span class='ocrx_word' id='word_1_215' title='bbox 598 2198 668 2259; x_wconf 83' lang='grc' dir='ltr'>κατά</span> <span class='ocrx_word' id='word_1_216' title='bbox 678 2199 765 2260; x_wconf 75' lang='grc' dir='ltr'>ναύτου</span> <span class='ocrx_word' id='word_1_217' title='bbox 776 2201 884 2281; x_wconf 80' lang='grc' dir='ltr'>ἐγένετο</span> 
     </span>
     <span class='ocr_line' id='line_1_26' title="bbox 85 2285 883 2368; baseline 0.001 -22"><span class='ocrx_word' id='word_1_218' title='bbox 85 2286 181 2364; x_wconf 78' lang='grc' dir='ltr'>ἰούσης</span> <span class='ocrx_word' id='word_1_219' title='bbox 200 2290 251 2364; x_wconf 78' lang='grc' dir='ltr'>τῆς</span> <span class='ocrx_word' id='word_1_220' title='bbox 269 2286 398 2368; x_wconf 81' lang='grc' dir='ltr'>γυναικός</span> <span class='ocrx_word' id='word_1_221' title='bbox 415 2292 443 2350; x_wconf 79' lang='grc' dir='ltr'>ἐς</span> <span class='ocrx_word' id='word_1_222' title='bbox 462 2287 515 2364; x_wconf 80' lang='grc' dir='ltr'>τήν</span> <span class='ocrx_word' id='word_1_223' title='bbox 533 2288 635 2363; x_wconf 89' lang='grc' dir='ltr'>κοίτην,</span> <span class='ocrx_word' id='word_1_224' title='bbox 648 2285 765 2351; x_wconf 76' lang='grc' dir='ltr'>ύπεκδίς</span> <span class='ocrx_word' id='word_1_225' title='bbox 783 2287 883 2367; x_wconf 81' lang='grc' dir='ltr'>ε’χάρεε</span> 
     </span>
     <span class='ocr_line' id='line_1_27' title="bbox 84 2374 884 2457; baseline 0.003 -23"><span class='ocrx_word' id='word_1_226' title='bbox 84 2376 144 2445; x_wconf 81' lang='grc' dir='ltr'>ἔξω·</span> <span class='ocrx_word' id='word_1_227' title='bbox 165 2377 212 2435; x_wconf 85' lang='grc' dir='ltr'>καὶ</span> <span class='ocrx_word' id='word_1_228' title='bbox 227 2374 248 2452; x_wconf 70' lang='grc' dir='ltr'>η’</span> <span class='ocrx_word' id='word_1_229' title='bbox 265 2375 335 2457; x_wconf 79' lang='grc' dir='ltr'>γυνή</span> <span class='ocrx_word' id='word_1_230' title='bbox 353 2378 442 2454; x_wconf 76' lang='grc' dir='ltr'>ἐπορᾷ</span> <span class='ocrx_word' id='word_1_231' title='bbox 459 2401 508 2452; x_wconf 89' lang='grc' dir='ltr'>μιν</span> <span class='ocrx_word' id='word_1_232' title='bbox 523 2374 639 2445; x_wconf 79' lang='grc' dir='ltr'>ἐξιόντα,</span> <span class='ocrx_word' id='word_1_233' title='bbox 652 2376 785 2452; x_wconf 72' lang='grc' dir='ltr'>μαθοῦσα</span> <span class='ocrx_word' id='word_1_234' title='bbox 803 2375 833 2435; x_wconf 78' lang='grc' dir='ltr'>δὲ</span> <span class='ocrx_word' id='word_1_235' title='bbox 850 2375 884 2436; x_wconf 80' lang='grc' dir='ltr'>τό</span> 
     </span>
     <span class='ocr_line' id='line_1_28' title="bbox 83 2460 884 2543; baseline 0.001 -21"><span class='ocrx_word' id='word_1_236' title='bbox 83 2465 199 2540; x_wconf 83' lang='grc' dir='ltr'>ποιηθὲν</span> <span class='ocrx_word' id='word_1_237' title='bbox 219 2469 249 2522; x_wconf 81' lang='grc' dir='ltr'>ἐκ</span> <span class='ocrx_word' id='word_1_238' title='bbox 269 2468 320 2522; x_wconf 85' lang='grc' dir='ltr'>τοῦ</span> <span class='ocrx_word' id='word_1_239' title='bbox 338 2461 438 2540; x_wconf 83' lang='grc' dir='ltr'>άνδρδς</span> <span class='ocrx_word' id='word_1_240' title='bbox 455 2460 519 2522; x_wconf 79' lang='grc' dir='ltr'>οὔτε</span> <span class='ocrx_word' id='word_1_241' title='bbox 537 2462 680 2540; x_wconf 86' lang='grc' dir='ltr'>α’νέβωσεν</span> <span class='ocrx_word' id='word_1_242' title='bbox 699 2464 884 2543; x_wconf 85' lang='grc' dir='ltr'>αἰσχυνθεῖσα</span> 
     </span>
     <span class='ocr_line' id='line_1_29' title="bbox 83 2549 883 2630; baseline 0.003 -21"><span class='ocrx_word' id='word_1_243' title='bbox 83 2549 146 2610; x_wconf 81' lang='grc' dir='ltr'>οὔτε</span> <span class='ocrx_word' id='word_1_244' title='bbox 172 2550 248 2621; x_wconf 78' lang='grc' dir='ltr'>ἔδοξε</span> <span class='ocrx_word' id='word_1_245' title='bbox 272 2551 394 2627; x_wconf 88' lang='grc' dir='ltr'>μαθέειν,</span> <span class='ocrx_word' id='word_1_246' title='bbox 419 2555 448 2610; x_wconf 86' lang='grc' dir='ltr'>ἔν</span> <span class='ocrx_word' id='word_1_247' title='bbox 473 2549 527 2630; x_wconf 76' lang='grc' dir='ltr'>νόῳ</span> <span class='ocrx_word' id='word_1_248' title='bbox 550 2551 656 2630; x_wconf 78' lang='grc' dir='ltr'>ἔχουσα</span> <span class='ocrx_word' id='word_1_249' title='bbox 679 2550 811 2611; x_wconf 86' lang='grc' dir='ltr'>τίσεσθαι</span> <span class='ocrx_word' id='word_1_250' title='bbox 833 2550 883 2611; x_wconf 85' lang='grc' dir='ltr'>τδν</span> 
     </span>
     <span class='ocr_line' id='line_1_30' title="bbox 83 2636 883 2719; baseline 0 -23"><span class='ocrx_word' id='word_1_251' title='bbox 83 2637 259 2698; x_wconf 88' lang='grc' dir='ltr'>Κανδαύλεα·</span> <span class='ocrx_word' id='word_1_252' title='bbox 281 2638 357 2716; x_wconf 85' lang='grc' dir='ltr'>παραὶ</span> <span class='ocrx_word' id='word_1_253' title='bbox 374 2636 429 2719; x_wconf 84' lang='grc' dir='ltr'>γοίρ</span> <span class='ocrx_word' id='word_1_254' title='bbox 443 2642 519 2697; x_wconf 87' lang='grc' dir='ltr'>τοῖσι</span> <span class='ocrx_word' id='word_1_255' title='bbox 534 2639 661 2708; x_wconf 85' lang='grc' dir='ltr'>Λυδοῖσι,</span> <span class='ocrx_word' id='word_1_256' title='bbox 675 2636 778 2717; x_wconf 84' lang='grc' dir='ltr'>σχεδδν</span> <span class='ocrx_word' id='word_1_257' title='bbox 792 2638 821 2697; x_wconf 78' lang='grc' dir='ltr'>δὲ</span> <span class='ocrx_word' id='word_1_258' title='bbox 836 2639 883 2697; x_wconf 84' lang='grc' dir='ltr'>καὶ</span> 
     </span>
     <span class='ocr_line' id='line_1_31' title="bbox 81 2724 883 2803; baseline 0.001 -19"><span class='ocrx_word' id='word_1_259' title='bbox 81 2725 159 2803; x_wconf 81' lang='grc' dir='ltr'>παρά</span> <span class='ocrx_word' id='word_1_260' title='bbox 171 2730 247 2786; x_wconf 90' lang='grc' dir='ltr'>τοῖσι</span> <span class='ocrx_word' id='word_1_261' title='bbox 264 2724 383 2785; x_wconf 75' lang='grc' dir='ltr'>ἄλλοισι</span> <span class='ocrx_word' id='word_1_262' title='bbox 396 2724 583 2803; x_wconf 87' lang='grc' dir='ltr'>βαρβάροισι,</span> <span class='ocrx_word' id='word_1_263' title='bbox 598 2727 643 2784; x_wconf 88' lang='grc' dir='ltr'>καὶ</span> <span class='ocrx_word' id='word_1_264' title='bbox 659 2724 744 2802; x_wconf 76' lang='grc' dir='ltr'>ἄνδρα</span> <span class='ocrx_word' id='word_1_265' title='bbox 760 2725 883 2802; x_wconf 80' lang='grc' dir='ltr'>ὀφθῆναι</span> 
     </span>
     <span class='ocr_line' id='line_1_32' title="bbox 81 2811 925 2894; baseline 0.004 -22"><span class='ocrx_word' id='word_1_266' title='bbox 81 2811 188 2893; x_wconf 83' lang='grc' dir='ltr'>γυμνδν</span> <span class='ocrx_word' id='word_1_267' title='bbox 208 2817 236 2876; x_wconf 91' lang='grc' dir='ltr'>ε’ς</span> <span class='ocrx_word' id='word_1_268' title='bbox 255 2812 391 2892; x_wconf 82' lang='grc' dir='ltr'>αἰσχύνην</span> <span class='ocrx_word' id='word_1_269' title='bbox 410 2812 538 2894; x_wconf 84' lang='grc' dir='ltr'>μεγάλην</span> <span class='ocrx_word' id='word_1_270' title='bbox 556 2814 645 2889; x_wconf 86' lang='grc' dir='ltr'>φέρει.</span> <span class='ocrx_word' id='word_1_271' title='bbox 686 2812 756 2872; x_wconf 87' lang='grc' dir='ltr'>Τότε</span> <span class='ocrx_word' id='word_1_272' title='bbox 775 2813 827 2888; x_wconf 77' lang='grc' dir='ltr'>μὲν</span> <span class='ocrx_word' id='word_1_273' title='bbox 847 2813 925 2888; x_wconf 79' lang='grc' dir='ltr'>δήῙΙ</span> 
     </span>
     <span class='ocr_line' id='line_1_33' title="bbox 81 2898 882 2979; baseline -0.001 -21"><span class='ocrx_word' id='word_1_274' title='bbox 81 2898 168 2962; x_wconf 76' lang='grc' dir='ltr'>οὕτως</span> <span class='ocrx_word' id='word_1_275' title='bbox 185 2898 264 2960; x_wconf 80' lang='grc' dir='ltr'>ου’δέν</span> <span class='ocrx_word' id='word_1_276' title='bbox 281 2899 438 2976; x_wconf 78' lang='grc' dir='ltr'>δηλώσασα</span> <span class='ocrx_word' id='word_1_277' title='bbox 457 2898 579 2978; x_wconf 87' lang='grc' dir='ltr'>ήσυχίην</span> <span class='ocrx_word' id='word_1_278' title='bbox 599 2899 666 2979; x_wconf 89' lang='grc' dir='ltr'>εἰχε·</span> <span class='ocrx_word' id='word_1_279' title='bbox 688 2898 724 2964; x_wconf 73' lang='grc' dir='ltr'>οἷς</span> <span class='ocrx_word' id='word_1_280' title='bbox 744 2899 774 2958; x_wconf 79' lang='grc' dir='ltr'>δὲ</span> <span class='ocrx_word' id='word_1_281' title='bbox 792 2899 882 2977; x_wconf 71' lang='grc' dir='ltr'>ήμέρη</span> 
     </span>
     <span class='ocr_line' id='line_1_34' title="bbox 79 2987 881 3069; baseline 0.001 -23"><span class='ocrx_word' id='word_1_282' title='bbox 79 2987 204 3066; x_wconf 90' lang='grc' dir='ltr'>τάχιστα</span> <span class='ocrx_word' id='word_1_283' title='bbox 224 2987 356 3069; x_wconf 69' lang='grc' dir='ltr'>ἐγεγόνεε,</span> <span class='ocrx_word' id='word_1_284' title='bbox 376 2993 432 3048; x_wconf 83' lang='grc' dir='ltr'>τῶν</span> <span class='ocrx_word' id='word_1_285' title='bbox 453 2988 578 3047; x_wconf 87' lang='grc' dir='ltr'>οἰκετέων</span> <span class='ocrx_word' id='word_1_286' title='bbox 597 2987 662 3051; x_wconf 81' lang='grc' dir='ltr'>τούς</span> <span class='ocrx_word' id='word_1_287' title='bbox 677 2987 806 3065; x_wconf 87' lang='grc' dir='ltr'>μάλιστα</span> <span class='ocrx_word' id='word_1_288' title='bbox 823 2987 881 3064; x_wconf 77' lang='grc' dir='ltr'>ὥρα</span> 
     </span>
     <span class='ocr_line' id='line_1_35' title="bbox 80 3072 907 3156; baseline -0.006 -22"><span class='ocrx_word' id='word_1_289' title='bbox 80 3073 199 3138; x_wconf 83' lang='grc' dir='ltr'>πιστούς</span> <span class='ocrx_word' id='word_1_290' title='bbox 219 3073 313 3138; x_wconf 89' lang='grc' dir='ltr'>ε’όντας</span> <span class='ocrx_word' id='word_1_291' title='bbox 333 3078 420 3156; x_wconf 75' lang='grc' dir='ltr'>ἑωυτῇ</span> <span class='ocrx_word' id='word_1_292' title='bbox 440 3074 569 3153; x_wconf 78' lang='grc' dir='ltr'>ἑτοίμους</span> <span class='ocrx_word' id='word_1_293' title='bbox 585 3075 785 3152; x_wconf 66' lang='grc' dir='ltr'>ποιησαμένη,</span> <span class='ocrx_word' id='word_1_294' title='bbox 795 3072 907 3129; x_wconf 48' lang='lat' dir='ltr'>{KQ-2</span> 
     </span>
     <span class='ocr_line' id='line_1_36' title="bbox 79 3154 930 3253; baseline -0.006 -31"><span class='ocrx_word' id='word_1_295' title='bbox 79 3161 129 3223; x_wconf 82' lang='grc' dir='ltr'>τδν</span> <span class='ocrx_word' id='word_1_296' title='bbox 135 3161 240 3245; x_wconf 85' lang='grc' dir='ltr'>Γύγεα·</span> <span class='ocrx_word' id='word_1_297' title='bbox 254 3161 273 3224; x_wconf 87' lang='grc' dir='ltr'>ό</span> <span class='ocrx_word' id='word_1_298' title='bbox 285 3163 316 3225; x_wconf 81' lang='grc' dir='ltr'>δὲ</span> <span class='ocrx_word' id='word_1_299' title='bbox 329 3162 411 3228; x_wconf 85' lang='grc' dir='ltr'>ούδὲν</span> <span class='ocrx_word' id='word_1_300' title='bbox 425 3165 535 3228; x_wconf 84' lang='grc' dir='ltr'>δοκέων</span> <span class='ocrx_word' id='word_1_301' title='bbox 550 3162 641 3241; x_wconf 78' lang='grc' dir='ltr'>αύτῆν</span> <span class='ocrx_word' id='word_1_302' title='bbox 656 3165 716 3223; x_wconf 75' lang='grc' dir='ltr'>τιῖν</span> <span class='ocrx_word' id='word_1_303' title='bbox 730 3154 930 3253; x_wconf 48' lang='grc' dir='ltr'>πρηγῷἒυξω</span> 
     </span>
     <span class='ocr_line' id='line_1_37' title="bbox 69 3231 965 3337; baseline -0.001 -26"><span class='ocrx_word' id='word_1_304' title='bbox 69 3248 252 3325; x_wconf 78' lang='grc' dir='ltr'>έπάντασθαι,</span> <span class='ocrx_word' id='word_1_305' title='bbox 264 3252 341 3333; x_wconf 85' lang='grc' dir='ltr'>ἧλθε</span> <span class='ocrx_word' id='word_1_306' title='bbox 354 3255 553 3337; x_wconf 82' lang='grc' dir='ltr'>καλεόμενος·</span> <span class='ocrx_word' id='word_1_307' title='bbox 570 3252 663 3316; x_wconf 74' lang='grc' dir='ltr'>ἐώθεε</span> <span class='ocrx_word' id='word_1_308' title='bbox 674 3245 740 3330; x_wconf 53' lang='lat' dir='ltr'>‘vlo</span> <span class='ocrx_word' id='word_1_309' title='bbox 753 3243 809 3304; x_wconf 55' lang='grc' dir='ltr'>καλ</span> <span class='ocrx_word' id='word_1_310' title='bbox 817 3231 965 3311; x_wconf 57' lang='grc' dir='ltr'>“9““δ“’</span> 
     </span>
    </p>
   </div>
   <div class='ocr_carea' id='block_1_2' title="bbox 0 0 1024 3464">
    <p class='ocr_par' dir='ltr' id='par_1_3' title="bbox 0 0 1024 3464">
     <span class='ocr_line' id='line_1_38' title="bbox 0 0 1024 3464; baseline 0 5"><span class='ocrx_word' id='word_1_311' title='bbox 0 0 1024 3464; x_wconf 95' lang='lat' dir='ltr'> </span> 
     </span>
    </p>
   </div>
  </div>
 </body>
</html>
