2040 3464
414 95 596 145 Ἦνοιουου
872 150 883 160 ,

132 169 189 249 ε’γα·
211 170 348 235 θύσαντος
364 172 419 252 γάρ
438 174 522 234 αύτοῦ
542 175 578 234 τοὶ
600 176 653 252 ἱρά,
668 179 695 235 οἱ
712 176 832 251 λέβητες
849 182 909 236 ε’πε·

126 260 233 325 τεῶτες,
243 259 289 316 καὶ
303 264 387 335 κρεῶν
396 286 427 319 τε
440 260 530 325 ε’όντες
544 264 660 339 ἔμπλεοι
669 264 715 321 καὶ
727 262 833 333 ὕδατος,
845 263 911 324 άνευ

118 343 194 420 τυρός
214 346 319 417 ἔζεσαν,
334 348 379 404 καὶ
396 347 581 426 ύπερέβαλον.
623 351 718 410 Χίλων
738 349 768 408 δὲ
786 350 803 409 ὅ
820 358 910 411 Λακε-

110 429 247 507 δαιμόνιος
262 434 429 512 παρατυχών
445 436 491 494 καὶ
504 436 676 514 θεησάμενος
688 437 721 497 τό
734 437 815 514 τέρας
831 464 910 498 συνε-

108 520 229 594 βούλευε
246 520 535 600 Ἱπποκράτεῖπροδτα
551 528 603 601 μὲν
620 528 737 604 γυναῖκα
749 525 911 585 τεκνοποιόν

107 606 148 682 μή
161 606 280 687 ἄγεσθαι
294 613 321 670 ἔς
333 609 369 667 τοὶ
382 612 462 679 οἰκία,
477 614 501 670 εἰ
517 611 547 670 δὲ
559 612 690 692 τυγχάνει
707 613 784 690 ἔχων,
798 611 911 689 δεύτερα

107 693 159 769 τήν
177 699 294 775 γυναῖκα
314 698 471 774 ἐκπέμπειν·
492 699 539 757 καὶ
559 700 644 762 εἴτις
663 703 691 758 οἱ
708 698 839 780 τυγχάνει
858 699 911 760 εἰδν

109 785 182 852 ταῖς,
200 787 299 844 τοῦτον
317 783 500 846 ἀπείπασθαι·
522 786 610 846 οὔκων
626 791 714 847 ταῦτα
726 787 911 863 παραινέσαν·

107 896 156 932 τος
184 873 312 934 Χίλωνος
340 873 488 933 πείθεσθαι
518 874 611 933 θέλειν
640 874 691 933 τόν
716 874 910 951 Ἱπποκράτεα,

106 956 239 1038 γενέσθαι
259 962 286 1018 οἱ
305 960 377 1036 μετά
396 965 484 1019 ταῦτα
503 961 553 1020 τόν
573 962 782 1038 Πεισίστρατον
801 965 910 1022 τοῦτον·

109 1044 147 1115 ὃς,
156 1046 363 1117 στασιαζόντων
375 1052 430 1108 τῶν
442 1049 576 1125 παράλων
587 1050 632 1108 καὶ
644 1054 699 1108 τῶν
710 1054 739 1108 ἐκ
752 1053 802 1108 τοῦ
814 1049 911 1109 πεδίου

107 1131 268 1210 Ἀθηναίων,
284 1136 329 1193 καὶ
344 1140 399 1195 τῶν
411 1139 462 1212 μὲν
477 1142 668 1214 προεστεῶτος
681 1136 847 1218 Μεγακλέος
858 1142 911 1197 τοῦ

107 1220 304 1298 Ἀλκμαίωνος,
318 1228 373 1284 τῶν
393 1224 423 1283 δὲ
440 1230 470 1283 ἔκ
486 1229 536 1284 τοῦ
552 1225 648 1284 πεδίου
660 1223 822 1304 Λυκούργου
834 1224 911 1301 Ἀρι-

109 1310 270 1380 στολαίδεω,
285 1311 502 1387 καταφρονήσας
514 1311 566 1388 τήν
578 1313 732 1390 τυραννίδα,
746 1312 841 1393 ἤγειρε
852 1314 910 1388 τρί-

108 1422 159 1473 την
175 1397 288 1458 στάσιν.
330 1401 471 1469 συλλέξας
489 1400 518 1460 δὲ
537 1400 703 1470 στασιιύτας,
719 1401 765 1458 καὶ
782 1400 911 1481 τῷλόγῳ

108 1489 164 1545 τῶν
176 1485 346 1564 ύπερακρίων
359 1489 493 1565 προστάς,
506 1493 665 1566 μηχανᾶται
681 1487 781 1546 τοιάδε·
801 1513 911 1564 τρωμα-

107 1578 189 1640 τίσας
207 1574 306 1637 ἑωυτόν
323 1604 355 1636 τε
373 1578 418 1636 καὶ
436 1575 574 1653 ἡμιόνους,
588 1575 682 1652 ἤλασε
697 1580 725 1638 ἐς
740 1575 791 1650 τῆν
804 1574 911 1656 ἀγορήν

108 1664 142 1724 τό
158 1666 254 1745 ζεῦγος
270 1664 306 1727 ὦς
324 1665 499 1745 ε’κπεφευγώς
514 1664 578 1726 τούς
592 1663 715 1742 ἐχθρούς,
730 1663 759 1722 οἵ
769 1688 817 1738 μιν
831 1663 910 1722 ε’λαύ-

108 1778 191 1812 νοντα
205 1758 231 1815 ἐς
249 1752 336 1832 οἷγρὸν
348 1752 493 1828 ἠθέλησαν
510 1751 650 1811 ἀπολέσαι
664 1752 755 1825 δῆθεν·
778 1750 867 1810 ἐδέετό
879 1777 911 1811 τε

108 1844 158 1899 τοῦ
176 1839 264 1913 δήμου
284 1843 413 1916 φυλακῆς
429 1839 504 1903 τινός
516 1839 587 1917 πρός
601 1839 684 1898 αὐτοῦ
699 1842 828 1916 κυρῆσαι,
842 1840 908 1916 πρό1

109 1952 190 2004 τερον
211 1926 395 2003 εὐδοκιμήσας
417 1931 446 1986 ἐν
464 1931 500 2005 τῆ
520 1927 590 2003 πρὸς
610 1928 758 2007 Μεγαρέας
777 1928 911 2006 γενομένη

110 2015 273 2094 στρατηγίῃ,
287 2012 411 2074 Νίσαιάν
428 2040 460 2074 τε
477 2013 546 2074 ἑλῶν
561 2016 606 2073 καὶ
619 2013 696 2072 ἅλλα
708 2012 912 2089 ἀποδεξάμενος

109 2102 222 2183 μεγάλα
239 2105 314 2182 ἔργα·
336 2102 352 2161 ό
366 2103 395 2160 δὲ
409 2102 496 2179 δῆμος
509 2102 524 2162 ὁ
538 2107 594 2161 τῶν
609 2101 763 2176 Ἀθηναίων
777 2101 908 2177 ἐξαπατηι

111 2190 175 2259 θεὶς,
194 2191 208 2248 ἔ
223 2191 276 2248 ωκέ
289 2216 316 2249 οι
333 2194 388 2250 τῶν
401 2190 495 2249 οἰστῶν
509 2191 662 2258 καταλέξας
674 2188 775 2265 ἄνδρας
787 2186 910 2252 τούτους·

110 2278 138 2337 οἳ
157 2276 309 2354 δορυφόροι
323 2281 375 2355 μὲν
395 2277 445 2337 ούκ
463 2279 589 2359 ἐγένοντο
606 2276 815 2354 Πεισιστράτου
832 2302 911 2352 κορυ·

109 2365 229 2443 νηφόροι
248 2367 287 2425 δέ·
310 2365 400 2435 ξύλων
417 2365 472 2447 γάρ
495 2365 610 2442 κορύνας
629 2367 737 2442 ἔχοντες
756 2363 866 2423 εἵποντό
884 2368 910 2424 οἶ

110 2453 220 2514 ὄπισθε·
242 2453 499 2517 συνεπαναστάντες
512 2455 541 2513 δὲ
554 2453 630 2513 οὗτοι
643 2453 701 2529 ἅμα
714 2451 900 2528 Πεισιστράτι

111 2546 197 2622 ἔσχον
209 2543 261 2619 τήν
271 2542 434 2620 ἀκρόπολιν.
469 2543 534 2602 ἔνθα
547 2543 580 2618 δή
594 2542 609 2601 ό
624 2542 831 2617 Πεισίστρατος
840 2539 893 2617 ἦργ

109 2631 270 2707 Ἀθηναίων,
286 2630 349 2690 οὔτε
368 2630 451 2707 τιμοῖς
470 2631 519 2693 τοὶς
540 2629 640 2694 ἐούσας
660 2628 833 2705 συνταράξας
848 2627 886 2686 ού

109 2720 214 2795 θέσμια
227 2718 413 2795 μεταλλάξας·
439 2719 487 2777 ε’πί
502 2744 534 2777 τε
545 2723 622 2777 τοῖσι
643 2721 813 2777 κατεστεῶσι
834 2717 876 2774 ἔνε

67 2807 161 2883 ϋοτῆν
181 2806 274 2876 πόλιν,
289 2806 415 2882 κοσμέων
433 2810 525 2868 καλῶς
540 2832 572 2865 τε
590 2807 636 2865 καὶ
653 2805 691 2864 εὖ.
733 2804 815 2864 Μετὰ
830 2804 860 2862 δὲ

110 2894 221 2954 πολλόν
237 2894 339 2973 χρόνον
356 2893 443 2953 τώυτό
462 2893 652 2969 φρονήσαντες
666 2893 695 2953 οἵ
709 2919 740 2952 τε
752 2897 802 2951 τοῦ
816 2897 863 2950 Με

111 2984 196 3045 κλέως
215 2986 372 3041 στασιῶται
385 2982 432 3040 καὶ
445 2984 472 3039 οἱ
484 2984 534 3039 τοῦ
547 2981 717 3060 Λυκούργου,
732 2977 856 3048 ἐξελαύνι

98 3095 164 3142 μιν,
190 3069 322 3143 οὖτωμὲν
331 3068 538 3143 Πεισίστρατος
547 3069 614 3146 ἔσχε
623 3067 655 3127 τὰ
664 3072 774 3143 πρῶτον
782 3065 851 3139 Ἀθή

84 3153 139 3207 καὶ
164 3154 221 3224 τήν
245 3156 400 3231 τυραννίδα
427 3154 501 3216 οὔκω
526 3155 616 3234 κάρτα
640 3155 817 3233 ἐρριζωμένην

67 3230 226 3308 a'rrfflffl.
244 3244 278 3300 οἱ
290 3243 325 3303 δὲ
344 3244 544 3316 ἐξελάσαντες
562 3248 792 3320 Πεισίστρατον,
805 3239 833 3296 οἷ
