2040 3464
161 109 208 154 ιιι
463 108 648 156 ἭΡοΔουοι·
897 106 960 171 [ιν.

159 190 187 248 ἐς
202 185 255 260 τὴν
270 188 325 265 γῆν
342 185 476 261 ταύτηνῆ
491 211 533 248 τις
550 191 599 246 νῦν
612 185 667 245 ύπδ
682 185 828 261 Ἑλλήνων
840 186 961 263 Εύρώπη

160 272 296 342 καλέεται,
306 272 370 330 ἀλλ’
381 273 450 331 ὅσον
462 279 491 349 ἐκ
499 275 628 349 Φοινίκης
641 279 668 336 ἐς
679 273 794 348 Κρήτην
803 279 834 332 ἐκ
848 274 961 349 Κρήτης

159 360 189 419 δὲ
203 365 230 422 ἐς
243 360 357 435 Λυκίην.
391 365 479 419 ταῦτα
491 363 543 438 μέν
556 387 604 420 νυν
617 362 663 419 ἐπὶ
679 365 818 420 τοσοῦτον
832 361 961 438 εἰρήσθω·

160 451 236 506 τοῖσι
248 447 302 528 γάρ
314 449 522 524 νομιζομένοισι
535 448 624 508 αὐτῶν
638 448 811 527 χρησόμεθα.

115 536 152 594 46
200 535 234 594 ‘0
252 536 282 594 δὲ
300 535 409 598 Πόντος
424 535 590 606 ὁΕύξεινος,
606 535 648 596 ἐπ’
662 535 694 596 ὃν
708 535 892 611 ἐστρατεύετο
906 543 962 595 Δα-

159 626 240 699 ρεῖος,
257 624 367 702 χωρέων
385 624 498 683 πασέων
511 625 671 703 παρέχεται,
686 624 737 692 ἔξω
749 628 801 682 τοῦ
815 624 962 693 Σκυθικοῦ,

160 712 239 771 ἔθνεα
258 710 449 786 α’μαθέστατα·
478 709 541 770 οὔτε
560 711 616 792 γάρ
636 712 714 772 ἔθνος
733 715 787 770 τῶν
809 710 886 772 ἐντός
911 714 962 770 τού

161 798 273 858 Πόντου
301 797 379 857 ούδέν
402 799 502 876 ἔχομεν
528 799 729 875 προβαλέσθαι
756 799 863 874 σοφίης
889 799 962 875 πέρι,

161 885 226 945 ούτε
248 885 334 962 ἄνδρα
355 885 454 966 λόγιον
482 886 594 962 οἴδαμεν
617 886 774 967 γενόμενον,
796 886 888 961 πάρεξ
912 890 962 946 τοῦ

161 974 296 1038 Σκυθικοῦ
311 974 408 1036 Ιέθνεος
428 974 474 1032 καὶ
492 972 689 1052 Ἀναχάρσιος.
725 978 764 1052 τῷ
785 973 815 1032 δὲ
835 975 964 1053 Σκυθικῷ

159 1063 233 1141 γένεϊ
253 1061 281 1121 ἐν
297 1063 348 1138 μὲν
363 1061 396 1120 τό
413 1062 548 1141 μέγιστον
565 1066 620 1121 τῶν
638 1061 818 1138 ἀνθρωπηίων
831 1062 962 1141 πρηγμά,

160 1175 214 1208 των
234 1148 389 1224 σοφώτατα
409 1148 519 1208 πάντων
540 1149 680 1225 ἐξεύρηται
700 1154 755 1208 τῶν
774 1148 856 1225 ἡμεῖς
873 1149 963 1225 ἴδμεν·

160 1236 195 1296 τοὶ
214 1239 309 1313 μέντοι
329 1236 406 1295 ἅλλα
427 1236 476 1295 ούκ
497 1235 615 1317 ἄγαμαι·
635 1237 669 1296 τό
687 1236 716 1294 δὲ
734 1237 871 1316 μέγιστον
892 1237 963 1296 οὕτω

160 1332 216 1400 σφι
229 1325 384 1401 α’νεύρηται,
394 1324 468 1383 ὥστε
477 1323 648 1405 άποφυγέειν
656 1350 687 1383 τε
693 1324 798 1400 μηδένα
807 1325 963 1385 ἐπελθόντα

161 1415 206 1470 ἐπὶ
222 1411 374 1488 σφέας,μὴ
396 1412 588 1488 βουλομένους
600 1438 631 1470 τε
648 1412 822 1488 ἐξευρεθῆναι
841 1417 962 1472 καταλα-

159 1502 224 1575 βεῖν
240 1500 279 1576 μή
300 1500 407 1559 οἷόντε
427 1499 505 1558 εἶναι·
526 1503 602 1558 τοῖσι
618 1498 673 1579 γάρ
693 1498 765 1575 μήτε
781 1498 871 1558 άστεα
891 1500 962 1576 μήτε

159 1588 253 1666 τείχεα
272 1587 291 1666 ᾖ
313 1587 469 1662 ἐκτισμένα,
492 1585 568 1645 άλλό
590 1589 731 1662 φερέοικοι
751 1585 842 1649 ἐόντες
861 1588 962 1652 πάντες

161 1677 226 1733 ἐωσι
247 1674 436 1743 ἱπποτοξόται,
451 1672 566 1744 ζώοντες
582 1674 622 1750 μή
641 1673 689 1732 ἀπ’
703 1671 805 1750 ἀρότου
824 1674 891 1733 ἀλλ’
905 1675 962 1735 οἷπδ

163 1764 288 1838 κτηνέων,
307 1761 445 1838 οἰκήματά
464 1762 496 1820 τέ
516 1767 573 1836 σφι
590 1761 609 1840 ᾗ
630 1763 675 1820 ἐπὶ
696 1760 820 1841 ζευγέων,
841 1767 895 1825 κῶς
913 1763 962 1822 ούκ

161 1848 195 1909 ἂν
208 1851 305 1925 εἴησαν
319 1847 396 1908 οὗτοι
409 1848 517 1927 ἄμαχοί
530 1875 562 1908 τε
575 1850 622 1907 καὶ
635 1848 736 1925 ἄποροι
752 1851 944 1931 προσμίσγειν
952 1877 961 1920 ;

114 1936 150 1997 47
160 1935 321 2013 Ἐξεύρηται
341 1937 372 1995 δέ
392 1944 448 2012 σφι
465 1940 561 2006 ταῦτα,
575 1941 626 2011 τῆς
640 1961 672 1995 τε
688 1939 741 2016 γῆς
755 1935 856 2012 ἐούσης
869 1942 961 2014 ἐπιτη-

161 2024 223 2099 δέης
241 2025 286 2082 καὶ
304 2029 358 2082 τῶν
374 2028 506 2098 ποταμῶν
525 2024 624 2084 ἐόντων
637 2029 693 2099 σφι
706 2022 874 2101 συμμάχων·
895 2024 961 2100 ἤτε

160 2113 215 2193 γάρ
230 2115 268 2192 γῆ
289 2117 376 2170 ἐοῦσα
395 2110 493 2175 πεδιάς
513 2111 591 2187 αὕτη,
607 2111 726 2187 ποιώδης
738 2136 770 2170 τε
786 2112 832 2169 καὶ
850 2109 961 2190 εύυδρός

161 2206 230 2258 ἐστι·
259 2200 383 2276 ποταμοί
401 2225 432 2258 τε
455 2198 488 2257 δι’
510 2199 594 2275 αύτῆς
615 2200 711 2276 ῥέουσι
732 2197 764 2257 ού
786 2202 889 2278 πολλῷ
909 2226 961 2280 τεῳ

160 2287 280 2364 οἷριθμὸν
294 2287 448 2348 ἐλάσσονες
460 2291 515 2345 τῶν
530 2292 558 2347 ἐν
571 2285 703 2368 Αἰγύπτῳ
716 2285 865 2364 διωρύχων.
896 2287 961 2348 ὅσοι

160 2375 190 2434 δὲ
210 2376 382 2451 ούνομαστοί
397 2374 429 2433 τέ
449 2379 504 2433 εἶσι
522 2374 619 2444 αὐτῶν,
635 2375 680 2432 καὶ
698 2375 885 2450 προσπλωτοὶ
904 2375 961 2437 οἷπύ

160 2463 317 2540 θαλάσσης,
334 2461 449 2524 τούτους
469 2461 635 2538 ούνομανέω·
651 2461 765 2538 Ἴστρος
784 2463 845 2538 μὲν,
861 2465 959 2523 πεντά·

160 2578 274 2628 στομος·
295 2552 365 2629 μετὰ
386 2551 423 2620 δέ,
441 2549 531 2627 Τύρης
546 2577 578 2610 τε
595 2552 641 2610 καὶ
655 2550 782 2620 Ὕπανις,
805 2551 852 2609 καὶ
872 2557 962 2629 Βορυ-

159 2639 268 2715 σθένης,
283 2641 329 2697 καὶ
347 2638 536 2713 Παντικάπης,
550 2639 597 2698 καὶ
611 2637 768 2715 Ὑπάκυρις,
782 2639 829 2698 καὶ
847 2640 963 2720 Γέρρος,

161 2729 207 2786 καὶ
219 2727 327 2791 Τάναϊς·
348 2727 444 2804 ῥέουσι
457 2727 487 2786 δὲ
501 2725 577 2787 οὗτοι
591 2726 661 2786 κατὰ
673 2725 748 2785 τάδε.

115 2815 151 2873 48
193 2813 307 2892 Ἴστρος
322 2818 381 2893 μὲν,
401 2815 451 2873 ἐών
470 2815 603 2895 μέγιστος
622 2819 756 2890 ποταμῶν
775 2813 887 2875 πάντων
906 2822 962 2879 τῶν

159 2902 238 2979 ἡμεῖς
254 2905 339 2980 ἴδμεν,
356 2904 419 2965 ἴσος
439 2905 493 2961 αἰεὶ
512 2902 594 2966 αύτὸς
616 2906 703 2979 ἑωυτῷ
722 2902 778 2979 ῥέει
799 2904 846 2962 καὶ
866 2905 962 2980 θέρεος

162 2991 207 3049 καὶ
224 2995 367 3069 χειμῶνος·
388 2995 497 3068 πρῶτος
513 2991 542 3049 δὲ
558 2990 591 3050 τό
612 2989 659 3048 ἀπ’
674 2990 793 3066 ἑσπέρης
810 2994 867 3051 τῶν
884 2997 914 3052 ἐν
926 2998 962 3070 τῇ

155 3080 282 3158 Σκυθικῇ
293 3078 370 3157 ῥέων,
379 3078 450 3137 κατά
461 3077 567 3138 τοιόνδε
579 3079 712 3158 μέγιστος
721 3079 820 3158 γέγονε
827 3086 962 3157 ποταμῶν

144 3169 198 3228 καὶ
208 3166 309 3231 ἄλλων
323 3174 353 3234 ἐς
366 3166 453 3231 αύτόν
467 3165 635 3229 ἐκδιδόντων·
657 3165 713 3223 εἰολ
722 3165 754 3223 δὲ
764 3166 821 3223 οἵδε
833 3170 862 3225 οἱ
872 3169 963 3245 μέγαν

80 3224 95 3259 ι
135 3256 236 3320 αὐτόν
257 3264 423 3326 ποιεῦντες·
454 3258 503 3320 διὰ
527 3257 576 3336 μέν
597 3280 635 3336 γε
654 3257 709 3327 τῆς
723 3251 868 3324 Σκυδικῆς
883 3254 978 3328 τρύγης
