2040 3464
94 109 190 176 ιαοο]
429 113 563 162 emm.
719 179 722 186 Ι
846 117 894 164 241

94 188 231 265 εὕρισκον·
254 194 278 250 εἰ
295 190 325 249 δέ
341 191 382 267 μή
400 191 450 261 νύξ
470 193 630 251 ἐπελθοῦσα
651 192 728 270 ἔσχε,
745 193 843 252 ἔλιπον
862 194 897 253 ἂν

92 276 191 337 ούδένα
217 278 328 357 Μάγον.
369 278 472 355 ταύτην
498 279 550 355 τήν
576 278 682 356 ἡμέρην
711 279 896 356 θεραπεύουσι

92 366 205 441 Πέρσαι
225 370 303 443 κοινῇ
322 366 451 442 μάλιστα
470 371 525 426 τῶν
546 366 680 443 ἡμερέων·
708 368 754 425 καὶ
775 373 804 427 ἐν
824 367 895 446 αὐτῇ

92 452 177 528 άρτὴν
195 453 324 534 μεγάλην
337 453 515 534 α’νάγουσι,ἡ
535 455 667 530 κέκληται
683 453 739 514 ύπὸ
760 455 894 532 Περσέων

92 541 273 620 Μαγοφόνια·
295 547 324 601 ἐν
336 545 372 620 τῇ
385 541 488 622 Μάγον
504 542 602 601 ούδένα
620 543 712 611 ἔξεστι
730 549 853 619 φανῆναι
866 549 894 609 ἐς

90 628 124 687 τά
143 633 211 704 φῶς,
228 628 305 688 άλλοὶ
319 629 378 688 κατ’
393 630 484 693 οἴκους
503 630 618 694 ἑωυτούς
635 634 663 690 οἱ
678 630 776 712 Μάγοι
797 634 895 711 ἔχουσι

93 715 143 791 τὴν
155 716 262 793 ἡμέρην
274 717 387 793 ταύτην.
728 776 734 788 ,

131 802 213 863 Ἐπεί
229 829 261 864 τε
281 805 311 864 δὲ
332 806 454 882 κατέστη
470 805 486 867 ὁ
504 805 627 883 θόρυβος
646 805 693 865 καὶ
714 806 791 870 ἐκτός
811 807 894 868 πέντε
903 810 940 870 80

92 890 215 968 ἡμερέων
227 893 345 974 ἐγένετο,
360 894 545 969 ἐβουλεύοντο
559 897 586 953 οἱ
600 894 805 958 ἐπαναστάντες
817 899 894 956 τοῖσι

91 979 221 1059 Μάγοισι
238 982 302 1058 περὶ
317 985 372 1041 τῶν
389 981 560 1062 πρηγμάτων
575 982 698 1043 πάντων·
717 984 763 1042 καὶ
779 985 893 1062 ἐλέχθη

90 1091 147 1125 σαν
159 1067 242 1149 λόγοι
256 1067 372 1128 ἄπιστοι
383 1072 435 1146 μὲν
449 1070 549 1129 ἐνίοισι
565 1069 719 1146 Ἑλλήνων,
735 1073 895 1149 ἐλέχθησαν

90 1153 115 1213 δ’
142 1154 188 1215 ὧν.
228 1155 348 1232 Ὀτάνης
373 1160 425 1233 μὲν
452 1159 561 1216 ἐκέλευε
589 1163 617 1220 ἐς
642 1160 732 1234 μέσον
760 1160 894 1238 Πέρσησι

91 1245 251 1304 καταθεῖναι
264 1245 300 1303 τά
312 1245 473 1326 πρήγματα,
491 1246 581 1326 λέγων
599 1246 673 1305 τάδε·
695 1258 712 1282 “
723 1246 783 1323 ἐμοὶ
797 1247 894 1319 δοκέει,

91 1330 139 1388 ἕνα
150 1334 202 1407 μὲν
212 1331 305 1408 ἡμέων
317 1332 478 1412 μούναρχον
487 1334 587 1410 μηκέτι
599 1335 741 1414 γενέσθαι·
763 1333 826 1393 οὔτε
837 1334 893 1415 γάρ

90 1417 142 1493 ἡδύ
163 1418 227 1479 οὕτε
247 1419 363 1498 άγαθόν·
404 1421 489 1480 εἴδετε
508 1423 560 1497 μὲν
579 1422 634 1501 γάρ
654 1422 706 1497 τήν
727 1422 893 1498 Καμβύσεω

90 1505 175 1582 ὕβριν
195 1506 237 1566 ἐπ’
258 1508 328 1568 ὅσον
348 1509 494 1584 ἐπεξῆλθε,
514 1509 708 1587 μετεσχήκατε
728 1510 758 1568 δὲ
779 1511 825 1568 καὶ
844 1515 895 1586 τῆς

90 1600 140 1653 τοῦ
157 1595 261 1676 Μάγου
279 1596 387 1673 ὕβριος.
431 1601 484 1659 κῶς
502 1596 524 1656 δ’
539 1595 573 1656 άν
587 1598 628 1672 εἴη
645 1601 743 1675 χρῆμα
761 1623 894 1674 κατηρτη-

89 1683 175 1758 μένον
200 1685 365 1763 μουναρχίη,
392 1688 428 1763 τῇ
456 1685 548 1754 ἔξεστι
575 1683 713 1763 ἀνευθύνῳ
736 1686 840 1744 ποιέειν
858 1685 895 1745 τά

89 1769 227 1844 βούλεται
236 1797 244 1840 ;
266 1774 312 1830 καὶ
324 1772 380 1852 γάρ
397 1770 431 1831 ἂν
448 1772 498 1832 τόν
516 1771 634 1849 άριστον
647 1772 753 1849 ἀνδρῶν
773 1772 892 1847 πάντων,

91 1857 199 1918 στάντα
222 1865 250 1922 ἐς
275 1859 379 1935 ταύτην
404 1858 457 1934 τὴν
477 1859 575 1939 άρχὴν,
597 1860 674 1923 ἐκτός
694 1864 749 1920 τῶν
770 1860 894 1921 ἐωθότων

90 1946 236 2022 νοημάτων
256 1947 381 2023 στήσειε·
403 1949 541 2027 ἐγγίνεται
555 1951 608 2024 μὲν
625 1948 680 2029 γάρ
697 1951 727 2006 οἱ·
740 1947 822 2024 ὕβρις
836 1947 892 2009 ύπό

90 2037 145 2092 τῶν
154 2035 312 2111 παρεόντων
325 2034 445 2116 ἀγαθῶν,
457 2036 562 2110 φθόνος
576 2038 605 2096 δὲ
619 2036 743 2115 ἀρχῆθεν
757 2037 893 2113 ἐμφύεται

91 2120 235 2201 ἀνθρώπῳ·
257 2122 305 2181 δύο
323 2123 346 2182 δ’
360 2123 429 2202 έχων
444 2127 540 2195 ταῦτα,
556 2126 612 2203 ἔχει
629 2128 727 2184 πᾶσαν
741 2124 891 2200 κακότητα·

89 2209 126 2268 τά
137 2213 189 2284 μὲν
201 2211 256 2292 γάρ
274 2211 343 2288 ύβρι
364 2214 545 2288 κεκορημένος
566 2213 637 2290 ἔρδει
654 2212 751 2271 πολλά
766 2213 812 2271 καὶ
825 2212 891 2272 άτά·

91 2299 195 2368 σθαλα,
222 2300 257 2358 τά
285 2300 314 2359 δὲ
335 2299 438 2378 φθόνῳ.
482 2302 572 2360 καίτοι
598 2301 684 2376 ἄνδρα
706 2326 740 2381 γε
759 2301 892 2376 τύραννον

90 2383 215 2461 ἄφθονον
231 2388 284 2446 ἔδει
303 2389 380 2458 εἶναι,
401 2387 500 2466 ἔχοντά
516 2414 551 2469 γε
570 2388 662 2448 πάντα
682 2387 718 2446 τά
734 2386 836 2469 α’γαθά·
857 2386 890 2447 τό

91 2474 113 2532 δ’
141 2475 302 2535 ύπεναντίον
330 2477 430 2535 τούτου
460 2481 488 2539 ἐς
517 2475 583 2539 τούς
608 2474 747 2549 πολιήτας
772 2477 889 2550 πέφυκε·

90 2562 202 2637 φθονέει
212 2562 267 2643 γάρ
280 2568 356 2622 τοῖσι
366 2563 509 2641 άρίστοισι
522 2564 668 2640 περιεοῦσί
678 2587 709 2621 τε
723 2562 769 2620 καὶ
780 2562 891 2633 ζώουσι,

88 2651 180 2728 χαίρει
196 2651 225 2710 δὲ
242 2655 319 2711 τοῖσι
336 2652 496 2711 κακίστοισι
515 2655 571 2710 τῶν
591 2649 694 2719 οἰστῶν,
710 2649 848 2725 διαβολάς
860 2650 891 2709 δὲ

88 2736 204 2814 άριστος
231 2739 400 2798 ἐνδέκεσθαι.
442 2738 687 2815 άναρμοστότατος
713 2737 743 2795 δὲ
769 2736 888 2796 πάντων·

88 2824 124 2901 ἡν
138 2850 170 2884 τε
183 2825 239 2906 γάρ
260 2826 344 2885 ου’τόν
363 2827 480 2903 μετρίως
493 2825 646 2904 θωυμάζης,
666 2824 782 2904 άχθεται
798 2823 841 2883 ότι
857 2821 891 2883 ού

89 2909 178 2990 κάρτα
211 2915 401 2989 θεραπεύεται·
442 2913 478 2988 ἧν
503 2938 534 2972 τε
561 2913 699 2992 θεραπεύῃ
724 2937 767 2974 τις
793 2911 889 2988 κάρτα,

87 2999 205 3080 άχθεται
236 3001 286 3061 άτε
314 3002 395 3061 θωπί.
436 3001 472 3060 τά
500 3001 530 3060 δὲ
555 2999 589 3076 δή
617 3001 739 3081 μέγιστα
770 3001 889 3078 ἔρχομαι

88 3089 180 3166 ἐρέων·
202 3089 303 3167 νόμαιά
316 3115 347 3149 τε
364 3094 433 3148 κινεῖ
449 3089 560 3166 πάτρια,
576 3090 622 3147 καὶ
637 3091 736 3164 βιᾶται
749 3091 892 3168 γυναῖκας,

88 3176 187 3236 κτείνει
206 3203 238 3238 τε
256 3177 395 3256 α’κρίτους.
436 3179 551 3255 πλῆθος
569 3176 605 3237 δὲ
624 3176 714 3256 δρχου
732 3179 840 3250 πρῶτα
858 3173 912 3242 ΜΨ

79 3260 185 3342 οθνυμα
220 3267 345 3331 πάντων.
374 3268 546 3332 κάλλιστον
574 3269 641 3350 ἒχει
660 3251 947 3329 *mmmm*
