2040 3464
127 112 156 157 ιι
418 111 601 158 ἭΡοΔοτοτ
886 110 922 172 [1.

124 185 249 264 εὐτυχέα.
282 188 317 246 τιί
329 185 420 247 πάντα
431 189 483 264 μέν
492 214 540 248 νυν
548 191 637 248 ταῦτα
650 189 809 264 συλλαβεῖν
820 185 924 266 ἅνθρω-

124 300 178 332 πον
191 273 270 333 ε’όντα
283 272 415 333 ἀδύνατόν
428 280 496 344 ε’στι,
508 274 601 353 ὥσπερ
614 274 691 354 χάρη
702 275 814 353 οὐδεμία
824 301 924 354 καταρ-

125 362 180 418 κέει
199 360 290 419 πάντα
308 364 394 439 ἑωυτῇ
413 363 584 440 παρέχουσα,
605 361 683 421 ἅλλιί
701 361 775 422 ἄλλο
794 365 846 440 μὲν
866 365 924 442 ἔχει

125 449 218 524 ἑτέρου
231 447 260 506 δὲ
277 447 420 506 ἐπιδέεται·
440 447 459 522 ἢ
473 449 502 506 δὲ
518 447 552 508 (ἰν
563 449 599 509 τά
613 452 737 509 πλεῖστα
749 451 807 528 ἔχῃ,
821 449 924 528 άρίστη

124 533 204 610 αὕτη·
225 534 260 596 ὣς
275 535 305 593 δὲ
322 535 366 593 καί
385 534 530 611 ἀνθρώπου
547 540 630 611 σῶμα
648 537 677 595 ἓν
696 536 773 596 οὐδὲν
792 536 924 615 αὔταρκές

126 626 196 680 ε’στι·
216 620 250 681 τό
262 624 315 698 μὲν
327 622 382 702 γάρ
396 624 459 700 ἔχει,
473 620 564 681 άλλου
577 624 607 681 δὲ
620 623 706 686 ἐνδεές
719 629 788 683 ε’στι·
809 623 840 687 ὃς
852 624 876 684 δ’
889 623 924 687 ιίν

124 707 213 768 αὐτῶν
229 713 352 768 πλεῖστα
365 710 434 787 ἔχων
450 708 585 788 διατελέῃ,
599 711 646 768 καὶ
658 711 752 770 ἔπειτα
767 711 924 793 τελειηήση

126 795 294 874 εὐχαρίστως
302 795 352 856 τόν
360 796 435 872 βίον,
445 793 525 859 οὗτος
533 796 598 874 παρ’
607 798 668 873 ε’μοί
677 788 823 874 τόοῦνομα
831 804 924 870 τοῦτο,

126 881 291 958 ὧβασιλεῦ,
305 883 408 946 δίκαιός
424 888 485 942 ε’στι
497 884 643 961 φέρεσθαι.
677 887 807 944 σκοπέειν
822 886 852 944 δὲ
866 887 924 965 χρὴ

124 969 228 1033 παντὸς
238 968 381 1048 χρήματος
392 970 444 1045 τήν
455 971 587 1046 τελευτήν
599 976 635 1046 κῆ
647 970 835 1047 ἀποβήσεται·
852 978 924 1033 πολ-

126 1062 206 1117 λοῖσι
227 1058 282 1137 γάρ
306 1057 339 1132 δή
361 1057 496 1126 ὑποδέξας
517 1056 609 1134 ὄλβον
631 1059 647 1118 ό
671 1059 740 1129 θεός,
761 1061 925 1137 προρρίζους

80 1147 117 1204 33
126 1143 282 1222 άνέτρεψε.”
322 1149 416 1203 Ταῦτα
435 1145 524 1225 λέγων
543 1150 582 1224 τῷ
602 1147 716 1225 Κροίσῳ
737 1145 769 1204 οὔ
789 1173 841 1210 κως
861 1146 925 1209 οὔτε

127 1233 275 1311 ἐχαρίζετο,
289 1229 351 1291 οὔτε
365 1230 453 1311 λόγου
465 1258 514 1308 μιν
529 1232 716 1309 ποιησάμενος
732 1232 840 1297 οὐδενός
855 1233 924 1294 εἷπο-

127 1320 272 1396 πέμπεται,
287 1318 374 1396 κάρτα
387 1318 467 1387 δόξας
482 1317 591 1396 άμαθέα
604 1320 682 1390 εἰναι,
696 1319 726 1383 ὃς
737 1320 773 1379 τιί
785 1320 924 1398 παρεόντα

127 1406 220 1488 α’γαθιί
238 1409 329 1484 μετεὶς
347 1406 400 1482 τήν
418 1407 551 1482 τελευτήν
569 1406 672 1470 παντός
693 1406 837 1486 χρήματος
856 1407 925 1486 όρᾶν

127 1496 244 1553 ε’κέλευε.

80 1582 118 1640 34·
167 1582 249 1641 Meni
262 1583 292 1642 δὲ
305 1582 420 1647 Σόλωνα
431 1582 582 1662 οἰχόμενον,
594 1585 683 1659 ἔλαβε
696 1589 726 1642 ε’κ
739 1583 803 1643 θεοῦ
813 1584 925 1659 νέμεσις

124 1669 235 1749 μεγάλη
256 1675 390 1746 Κροῖσον·
412 1670 461 1748 (ὦς
484 1671 600 1741 εἰκάσαι,
622 1670 667 1730 ὅτι
690 1670 802 1747 ε’νόμισε
825 1671 926 1731 ἑωυτόν

127 1756 195 1814 εἰναι
212 1755 360 1833 ἀνθρώπων
375 1756 502 1816 ἁπάντων
518 1757 715 1838 ὀλβιώτατον)
736 1756 834 1817 αὐτίκα
849 1757 880 1817 δέ
897 1760 926 1818 οἰ

127 1843 231 1902 εὕδοντι
242 1843 345 1919 ἐπέστη
357 1843 467 1921 ὄνειρος,
478 1842 509 1907 ὅς
519 1844 605 1919 αἰπήν
615 1844 752 1920 άληθηίην
763 1846 858 1921 ἔφαινε
869 1849 926 1905 τῶν

124 1930 286 2007 μελλόντων
298 1932 429 2011 γενέσθαι
442 1936 532 1991 κακῶν
543 1932 613 1991 κατὰ
624 1932 674 1992 τόν
686 1933 781 1990 παῖδα.
810 1931 885 2007 ἦσαν
894 1933 925 1992 δὲ

125 2022 164 2096 τῷ
182 2019 295 2097 Κροίσῳ
313 2018 361 2078 δύο
379 2019 482 2088 παῖδες,
495 2025 550 2079 τῶν
567 2019 678 2096 οὕτερος
694 2022 746 2096 μὲν
764 2018 923 2096 διέφθαρτο,

127 2103 173 2185 (ἦν
184 2105 239 2185 γάρ
252 2105 286 2180 δή
300 2106 412 2188 κωφός)
425 2107 441 2166 ὁ
454 2107 483 2165 δὲ
497 2108 587 2185 ἔτερος
599 2112 654 2167 τῶν
666 2107 771 2183 ήλίκων
782 2112 878 2185 μακρῷ
889 2107 926 2167 τιί

125 2191 216 2252 πάντα
228 2198 344 2270 πρῶτος·
365 2194 470 2271 οὕνομα
483 2195 514 2254 δέ
529 2198 555 2255 οἱ
567 2194 602 2271 ἦν
612 2194 707 2257 Ἀτυς·
727 2199 825 2254 τοῦτον
841 2194 875 2269 δή
889 2193 927 2255 ὧν

125 2279 175 2340 τόν
186 2280 273 2341 Ἀτυν
286 2283 416 2358 σημαίνει
430 2287 469 2361 τῷ
481 2283 596 2361 Κροίσῳ
609 2281 625 2341 ὁ
639 2281 749 2358 ὄνειρος,
764 2280 800 2343 ὥς
812 2279 927 2341 ἀπολέει

126 2392 175 2444 μιν
191 2373 279 2447 αἰχμῇ
292 2370 407 2448 σιδηρέη
423 2370 577 2445 βληθέντα·
598 2369 614 2429 ὁ
629 2370 658 2428 δὲ
675 2369 736 2427 ε’πεί
748 2393 779 2427 τε
796 2367 926 2447 ε’ξεγέρθη

128 2454 174 2514 καὶ
194 2458 281 2534 ἑωυτῷ
300 2456 387 2536 λόγον
407 2457 496 2527 ἔδωκε,
516 2456 728 2534 καταρρωδήσας
745 2454 794 2515 τόν
811 2453 926 2532 ὄνειρον,

127 2538 224 2623 άγεται
236 2546 287 2619 μὲν
299 2549 338 2621 τῷ
349 2545 427 2602 παιδὶ
439 2548 565 2625 γυναῖκα·
587 2544 691 2604 ε’ωθότα
704 2545 733 2602 δὲ
745 2543 927 2623 στρατηγέειν

127 2654 176 2705 μιν
188 2633 243 2690 τῶν
261 2631 358 2692 Λυδῶν
376 2631 483 2708 οὐδαμῆ
497 2634 536 2690 ἔτι
555 2633 602 2691 ε’πί
619 2635 728 2691 τοιοῦτο
741 2634 858 2710 πρῆγμα
871 2629 925 2698 ε’ξέ·

127 2742 228 2792 πεμπε·
249 2717 361 2778 α’κόντια
374 2719 404 2778 δὲ
419 2721 465 2778 καὶ
477 2719 591 2796 δοράτια
604 2721 650 2778 καὶ
661 2719 697 2778 τά
709 2721 823 2777 τοιαῦτα
835 2716 927 2776 πάντα

126 2808 203 2865 τοῖσι
210 2807 338 2885 χρέονται
348 2812 374 2870 ἐς
382 2806 508 2884 πόλεμον
517 2805 662 2884 ἅνθρωποι,
672 2811 702 2864 ἔκ
709 2809 764 2865 τῶν
772 2802 927 2880 ἀνδρεώνων

130 2895 279 2970 ἐκκομίσας
295 2899 322 2957 ἐς
336 2894 401 2956 τούς
414 2894 556 2970 θαλάμους
572 2895 716 2970 συνένησε,
729 2891 771 2969 μή
786 2916 814 2951 τι
826 2893 854 2949 οἱ
867 2914 926 2967 κρε-

81 2978 119 3038 35
127 2979 249 3055 μάμενον
261 2986 300 3060 τῷ
315 2981 393 3040 παιδὶ
410 2982 528 3060 ε’μπέση.
564 2980 700 3060 Ἐχοντος
717 2979 748 3039 δέ
760 2981 787 3038 οἱ
799 2983 829 3038 ε’ν
842 2977 926 3055 χερσὶ

126 3071 177 3124 τοῦ
189 3067 287 3130 παιδός
299 3069 348 3127 τόν
360 3068 459 3149 γάμον,
470 3068 627 3129 ἀπικνέεται
640 3074 668 3132 ἐς
680 3066 730 3131 τάς
743 3064 844 3144 Σάρδις
856 3062 927 3138 ἀνήρ

110 3158 257 3230 συμφορῇ
268 3154 404 3234 ἐχόμενος
419 3156 467 3216 καὶ
484 3155 517 3217 οὐ
536 3155 655 3234 καθαρὸς
669 3158 765 3235 χεῖρας
779 3150 839 3222 ἓςιλν,
851 3149 928 3227 Φρῦξ

85 3233 150 3302 ste'v
169 3245 267 3318 γενεῇ,
289 3243 393 3323 γένεος
414 3245 448 3306 δὲ
469 3250 525 3308 τοῦ
549 3244 720 3325 βασιληίου·
742 3235 889 3313 παρελθὸν
906 3235 942 3293 δῖ
