2040 3464
137 111 169 156 οι
443 113 627 160 ἭΡοΔοιου
900 109 935 173 [1.

136 187 244 257 πόλιος,
253 190 418 264 ’συνέβαλόν
431 216 462 250 τε
476 194 502 249 οἱ
516 189 695 265 Βαβυλώνιοι
708 190 754 247 καὶ
768 190 936 253 ἑσσωθέντες

135 279 171 352 τῇ
184 274 262 354 μάχη
276 277 482 352 κατειλήθησαν
496 283 523 340 ἐς
535 277 568 336 τῦ
583 277 664 336 άστυ·
687 278 732 336 οἷα
751 277 780 335 δέ
793 277 944 344 ἐξεπιστάι

135 386 213 438 μενοι
227 365 266 422 ἐτι
279 363 414 440 πρότερον
429 364 479 424 τδν
495 369 590 440 Κῦρον
604 363 653 422 οῦκ
667 363 856 440 ἀτρεμίζοντα,
870 363 935 422 ἀλλ’

135 448 258 525 ὁρέοντες
272 449 355 510 αῦτδν
368 452 451 510 παντὶ
465 453 535 512 ἔθνεϊ
548 450 648 527 ὁμοίως
662 451 857 529 ἐπιχειρέοντα,
868 477 935 525 προ-

136 535 271 605 εσάξαντο
285 539 362 597 σιτία
375 540 455 598 ἐτέων
469 538 557 615 κάρτα
569 542 694 597 πολλῶν.
729 539 846 597 ἐνθαῦτα
859 537 935 602 οὗτοι

134 626 186 699 μέν
205 624 293 705 λόγον
313 626 390 704 εἶχον
403 630 455 701 τῆς
472 627 636 702 πολιορκίης
656 625 761 684 οὐδένα·
797 630 890 703 Κῦρος
905 627 936 686 δὲ

134 711 268 790 ἀπορίῃσι
289 714 416 793 ἐνείχετο,
434 713 482 772 ἅτε
502 713 604 791 χρόνου
621 738 652 772 τε
671 714 846 793 ἐγγινομένου
864 740 933 792 συχ-

134 803 182 858 νοῦ
199 799 322 877 οἷνωτέρω
337 827 368 860 τε
387 802 464 861 οῦδὲν
479 805 534 860 τῶν
551 800 722 880 πρηγμάτων
743 803 933 877 προκοπτομέ-

91 887 142 944 191
154 913 215 946 νων.
255 888 321 947 Εἴτε
342 888 375 963 δή
398 888 433 948 ὧν
453 887 543 951 ἄλλος
563 891 590 946 οἱ
610 886 756 965 ἀπορέοντι
775 887 933 963 ὑπεθήκατο

133 975 188 1033 εἴτε
208 975 254 1034 καὶ
274 975 356 1039 αῦτὸς
377 977 462 1053 ἔμαθε
480 975 515 1036 τῦ
534 978 664 1052 ποιητέον
682 979 708 1034 οἱ
723 974 766 1050 ἦν,
788 977 878 1036 ἐποίεε
897 977 932 1052 δή

132 1062 247 1122 τοιόνδε·
267 1063 351 1132 τάξας
362 1063 415 1139 τήν
428 1064 562 1141 στρατιήν
572 1063 686 1123 ἅπασαν
700 1064 731 1132 ἐξ
743 1065 869 1139 ἐμβολῆς
881 1071 932 1124 τοῦ

132 1155 260 1227 ποταμοῦ
272 1156 308 1229 τῇ
322 1158 349 1214 ἐς
361 1153 413 1227 τήν
423 1153 507 1211 πόλιν
521 1151 670 1227 ἐσβάλλει,
682 1152 728 1209 καὶ
741 1148 843 1210 ὄπισθε
856 1151 932 1215 αὖτις

132 1242 183 1312 τῆς
201 1239 301 1302 πόλιος
320 1239 405 1308 τάξας
425 1240 532 1316 ἑτέρους
550 1243 586 1317 τῇ
603 1239 667 1307 ἐξίει
685 1243 714 1296 ἐκ
733 1243 784 1313 τῆς
799 1238 931 1302 πόλιοςό

132 1327 264 1403 ποταμὸς,
278 1332 393 1404 προεῖπε
410 1332 448 1405 τῷ
466 1331 584 1404 στρατῷ,
602 1326 668 1384 ὅταν
687 1324 823 1401 διαβατδν
837 1326 870 1386 τῦ
888 1329 930 1403 ῥέ-

133 1415 214 1490 εθρον
227 1415 335 1474 ἴδωνται
347 1415 503 1495 γενόμενον,
517 1416 620 1473 ἐσιέναι
633 1413 719 1491 ταύτῃ
733 1418 760 1476 ἐς
771 1413 823 1489 τήν
835 1415 930 1478 πόλιν.

133 1501 202 1561 οὕτω
217 1528 249 1562 τε
265 1504 298 1579 δή
315 1504 400 1572 τάξας
417 1504 463 1562 καὶ
482 1501 553 1562 κατοὶ
569 1506 657 1561 ταῦτα
668 1504 846 1579 παραινέσας,
860 1502 931 1580 οἷπή-

132 1593 217 1649 λαυνε
230 1591 313 1653 αὐτὸς
326 1591 379 1650 σῦν
392 1595 430 1668 τῷ
443 1590 547 1670 ἀχρηίῳ
557 1594 606 1650 τοῦ
618 1594 749 1666 στρατοῦ·
766 1589 931 1666 ἀπικόμενος

153 1680 164 1735 ἐ
180 1679 225 1736 ἐπὶ
241 1679 293 1754 τήν
309 1679 419 1754 λίμνην,
432 1677 468 1737 τά
481 1703 534 1754 περ
546 1676 565 1752 ή
578 1682 633 1737 τῶν
645 1677 832 1752 Βαβυλωνίων
844 1680 929 1753 βασί-

131 1767 195 1823 λεια
216 1766 331 1841 ἐποίησε
355 1764 425 1824 κατά
445 1790 476 1824 τε
498 1765 548 1824 τδν
568 1763 695 1841 ποταμδν
719 1765 766 1822 καὶ
788 1765 858 1824 κατοῖ
879 1767 931 1842 τήν

131 1852 241 1928 λίμνην,
263 1853 351 1911 ἐποίεε
369 1854 415 1910 καὶ
430 1852 446 1912 ὁ
460 1856 554 1929 Κῦρος
571 1853 650 1928 ἕτερα
667 1855 791 1912 τοιαῦτα·
811 1852 860 1912 τδν
874 1854 930 1934 γάρ
986 1889 990 1900 ·

131 1940 258 2016 ποταμδν
281 1940 391 2018 διώρυχι
414 1939 561 2020 ἐσαγαγών
585 1945 612 2001 ἐς
633 1939 684 2015 τήν
705 1941 807 2015 λίμνην
828 1945 930 2002 ἐοῦσαν

133 2026 205 2098 ἕλος,
232 2027 265 2087 τῦ
291 2027 407 2105 α’ρχαῖον
428 2027 540 2104 ῥέεθρον
562 2027 697 2103 διαβατδν
718 2027 788 2086 εἶναι
814 2029 930 2103 ἐποίησε

131 2113 376 2193 ὑπονοστήσαντος
394 2119 444 2174 τοῦ
464 2120 601 2191 ποταμοῦ·
622 2114 771 2194 γενομένου
789 2115 819 2173 δέ
830 2115 930 2176 τοῦτου

131 2203 265 2273 τοιούτου,
280 2207 306 2263 οἱ
319 2203 429 2278 Πέρσαι
449 2203 526 2279 οἵπερ
541 2202 689 2280 ἐτετάχατο
703 2201 744 2260 ἐπ’
758 2201 830 2280 αῦτῷ
841 2202 930 2284 τούτῳ

132 2289 202 2349 κατοὶ
221 2292 253 2352 τῦ
274 2292 387 2367 ῥέεθρον
405 2295 455 2350 τοῦ
476 2290 629 2368 Εὐφρήτεω
645 2294 781 2365 ποταμοῦ,
800 2290 929 2351 ῦπονενο-

131 2378 266 2453 στηκότος
280 2377 357 2455 ἀνδρὶ
371 2378 405 2440 ὥς
419 2384 446 2440 ἐς
458 2379 547 2454 μέσον
559 2377 648 2454 μηρόν
661 2377 788 2453 μάλιστά
802 2403 844 2453 κη,
859 2376 930 2440 κατά

131 2470 214 2525 τοῦτο
228 2466 349 2546 ἐσῄεσαν
363 2471 390 2528 ἐς
402 2465 452 2541 τήν
463 2468 630 2542 Βαβυλῶνα.
651 2470 674 2524 εἰ
686 2465 737 2541 μέν
749 2490 797 2524 νυν
809 2466 929 2542 προεπῦ·

132 2555 214 2614 θοντο
237 2552 255 2630 ἢ
280 2555 382 2631 ἔμαθον
406 2558 432 2612 οἱ
453 2553 631 2630 Βαβυλώνιοι
653 2553 686 2612 τῦ
711 2559 741 2611 ἐκ
763 2558 812 2611 τοῦ
834 2553 931 2631 Κῦρον

131 2641 301 2719 ποιεύμενον,
322 2642 378 2701 οὐδ’
398 2639 432 2701 ἂν
452 2641 617 2718 περιϊδόντες
637 2640 700 2703 τοῦς
713 2641 829 2717 Πέρσας
849 2646 929 2701 ἐσελ-

131 2729 189 2789 θεῖν
213 2735 240 2792 ἐς
260 2730 312 2805 τήν
334 2729 418 2789 πόλιν
443 2730 601 2805 διέφθειραν
625 2728 752 2787 κάκιστα·
782 2731 929 2805 κατακληΐ··

131 2842 231 2880 σαντες
247 2818 302 2898 γάρ
321 2815 355 2876 ἂν
374 2816 469 2877 πάσας
487 2815 537 2877 τοὶς
557 2821 584 2877 ἐς
603 2815 653 2875 τὸν
672 2815 799 2892 ποταμδν
811 2818 931 2882 πυλίδας

131 2903 259 2980 ἐχούσας,
274 2906 320 2962 καὶ
336 2903 414 2963 αὐτοὶ
433 2904 478 2961 ἐπὶ
493 2903 543 2965 τοὶς
559 2904 692 2979 αἱμασιάς
708 2902 861 2978 ἀναβάντες
879 2905 930 2969 τοὶς

115 2990 199 3063 παρά
218 2991 256 3051 τοί
273 2994 378 3072 χείλεα
397 2993 449 3052 τοῦ
471 2995 599 3069 ποταμοῦ
622 2992 800 3066 ἐληλαμένας,
822 2993 930 3067 ἔλαβον

99 3072 140 3130 εἶν
151 3083 255 3152 σφεας
269 3083 307 3146 οἷς
320 3087 353 3144 ἐν
368 3082 468 3163 κύρτῃ·
489 3086 542 3144 νῦν
559 3081 589 3141 δέ
609 3080 641 3150 ἐξ
656 3078 869 3156 ἀπροσδοκήτου
887 3085 947 3149 οδω.

86 3165 299 3258 ξαρὲστησαν
308 3176 341 3233 οἱ
354 3175 490 3253 Πέρσαι.
515 3171 577 3234 ῦπὸ
591 3171 626 3232 δὲ
643 3166 844 3249 μεγάθεῡῖῒῆῒ
854 3159 982 3262 Ἧὸλζλῦἳχ

74 3263 119 3300 ‘¹³⁹
134 3249 274 3329 MWM
289 3251 357 3325 ὖπό
377 3269 442 3327 τῶν
466 3262 567 3343 ταύτῃ
585 3259 766 3336 οἰκημένων,
783 3250 841 3306 sz
862 3266 932 3301 'W
948 3265 993 3297 ‘m
