2040 3464
96 107 206 172 45-48]
452 111 565 158 mm.
867 113 898 160 αι

96 187 150 262 μέν
172 215 220 248 νυν
241 190 279 248 τά
301 189 456 265 Ἑλληνικά
480 190 610 266 μαντὴῖα,
635 193 662 253 ἐς
688 188 725 249 τά
751 188 886 268 α’πέπεμψ

96 276 320 352 μαντευσόμενος
339 282 474 353 Κροῖσος·
495 276 605 352 Λιβίης
623 277 653 335 δὲ
668 276 745 352 παρά
760 275 899 354 Ἀμμωια

96 361 248 422 ἀπέστειλε
260 363 365 426 ἄλλους
374 366 575 442 χρησομένους.
607 365 739 440 διέπεμπε
753 364 783 422 δὲ
795 365 907 441 πειρεῶ·

95 474 179 524 μενος
191 454 247 510 τῶν
258 453 398 528 μαντηίων
411 452 427 511 ὅ
439 479 467 511 τι
481 453 633 529 φρονέοιεν,
648 450 692 520 ῶς,
706 456 731 510 εἰ
744 452 899 528 φρονέοντα

82 536 149 612 ’τὴν
162 536 299 615 άληθηίην
312 539 442 615 εὑρεθείη,
457 539 601 616 ἐπείρηταί
611 546 690 614 σφεα
703 538 816 616 δεύτερα
827 539 897 615 πέμ·

95 649 156 683 πων
170 629 193 684 εἰ
207 628 354 704 ἐπιχειρέοι
368 627 412 686 ἐπὶ
428 627 544 703 Πέρσας
557 625 773 703 στρατείεσθαις
794 625 896 686 Ἐντει·
905 629 941 687 47

95 711 217 787 λάμενος
239 714 269 772 δὲ
290 719 367 773 τοῖσι
389 714 509 772 Λυδοῖσι
531 713 605 782 τάδε,
626 711 773 789 ἀπέπεμπε
797 719 825 776 ἐς
844 715 895 789 τὴν

95 797 240 875 διάπειραν
254 805 309 860 τῶν
321 802 507 880 χρηστηρίων·
529 798 575 859 ἀπ’
589 799 623 875 ἧς
640 799 674 859 ἂν
689 801 794 877 ἡμέρης
810 800 896 878 ὁρμη-

95 886 183 946 θέωσι
200 892 231 946 ἐκ
251 889 381 966 Σαρδίων,
398 888 455 948 εἶπά
475 887 576 963 ταύτης
592 888 832 968 ἡμερολογέοντας
847 888 896 948 τάν

94 975 198 1034 λοιπῶν
209 975 319 1054 χρόνον,
330 981 468 1053 ἑκατοστῇ
478 975 567 1054 ἡμέρῃ
580 977 705 1054 χρῆσθαι
717 980 794 1035 τοῖσι
806 1002 895 1054 χρησ-

93 1061 225 1138 τηρίοισι,
237 1063 471 1141 ἐπειρωτέονταςὸ
483 1089 511 1122 τι
520 1064 620 1123 ποιέων
630 1063 787 1143 τυγχάνοιά
798 1063 894 1123 Λυδῶν

93 1149 234 1223 βασιλεῦς
250 1154 375 1228 Κροῖσος
390 1150 406 1210 ά
419 1145 590 1219 ιΑ’λυάττεως
611 1149 691 1209 ἅσσα
705 1149 727 1208 δ’
741 1149 775 1226 ἢν
789 1152 895 1210 ἕκαστα

92 1241 150 1295 τῶν
161 1238 337 1315 χρηστηρίων
347 1239 471 1316 θεσπίσῃ
485 1238 735 1318 συγγραψαμένους
748 1237 896 1315 άναφέρειν

93 1325 160 1400 παρ’
173 1325 280 1385 ἑωυτόν.
309 1326 366 1386 ὅτι
377 1326 429 1403 μέν
441 1352 490 1385 νυν
502 1325 538 1383 τά
551 1325 638 1383 λοιπά
650 1329 705 1384 τῶν
718 1326 896 1402 χρηστηρίων

94 1413 238 1482 ἐθέσπισε,
252 1411 284 1472 οιῖ
297 1414 409 1494 λέγεται
422 1412 493 1489 πρδς
508 1410 643 1488 οὐδαμῶν·
665 1416 694 1471 ἐν
707 1412 736 1470 δὲ
750 1416 895 1488 Δελφοῖσι

94 1498 132 1562 ῶς
148 1502 271 1575 ἐσῆλθον
283 1500 406 1579 τάχιστα
421 1507 449 1563 ἐς
463 1499 496 1559 τά
510 1500 633 1579 μέγαρον
648 1503 675 1558 οἱ
687 1500 774 1558 Λυδοὶ
789 1500 894 1579 χρησά-

92 1613 172 1664 μενοι
198 1592 236 1666 τῷ
258 1589 311 1667 θεῷ
333 1589 379 1646 καὶ
405 1586 566 1664 ἐπειρώτεον
587 1587 621 1646 τά
648 1588 853 1664 ἐντεταλμένον,
874 1587 892 1663 ἡ

93 1676 189 1750 Πυθίη
203 1681 231 1735 ἐν
244 1676 382 1755 ἑξαμέτρῳ
394 1675 464 1755 τόνῳ
477 1676 554 1755 λέγει
566 1673 641 1733 τάδε·

157 1796 219 1843 Οἶδα
235 1795 256 1843 δ’
274 1797 323 1856 ἐγὼ
341 1797 440 1857 ψάμμου
457 1797 479 1842 τ’
498 1797 602 1854 ἀριθμὸν,
623 1797 663 1843 καί
678 1798 755 1857 μέτρα
772 1799 906 1859 θαλάσσης,

157 1869 198 1914 καί
215 1870 295 1928 κωφοῦ
312 1870 413 1926 συνίημι,
433 1869 473 1915 καί
490 1867 517 1914 οὐ
535 1870 664 1927 φωνεῦντος
682 1871 766 1918 ἀκούω.

156 1940 217 1997 ὀδμή
233 1939 259 1997 μ’
277 1941 300 1988 ἐς
317 1942 404 2000 φρένας
420 1939 482 1997 ἦλθε
498 1941 657 2000 κραταιρίνοιο
673 1943 780 1999 χελώνης

156 2011 273 2071 ἑψομένης
290 2012 314 2058 ἐν
331 2009 417 2070 χαλκῷ
435 2011 474 2066 ἅμ’
490 2012 602 2072 ἀρνείοισι
619 2013 721 2073 κρέεσσι,

156 2080 173 2143 ᾗ
188 2084 280 2142 χαλκὸς
295 2084 339 2140 μέν
356 2084 515 2143 ὑπέστρωται,
535 2084 628 2142 χαλκὸν
645 2084 665 2130 δ’
684 2084 801 2133 ἐπιέσται.

89 2200 184 2256 Ταῦτα
198 2199 224 2255 οἱ
239 2197 326 2255 Λυδοὶ
342 2196 520 2272 θεσπισάσης
538 2202 588 2272 τῆς
604 2198 712 2273 Πυθίης
729 2199 937 2280 συγγραψά-48

90 2310 177 2355 μενοι,
195 2284 306 2363 οἴχοντο
326 2284 453 2347 άπιάντες
474 2290 501 2347 ἐς
519 2284 568 2347 τάς
589 2284 697 2360 Σάρδις.
740 2287 775 2349 οἷς
795 2288 825 2346 δὲ
845 2289 891 2346 καὶ

90 2369 181 2431 ῶλλοι
203 2376 231 2432 οῖ
252 2372 490 2450 περιπεμφθέντες
515 2377 647 2449 παρῆσαν
671 2374 802 2451 φέροντες
827 2375 891 2439 τούς

89 2459 244 2538 χρησμοψς,
264 2461 381 2520 ἐνθαῦτα
399 2459 414 2520 ὅ
435 2463 560 2537 Κροῖσος
581 2460 685 2519 ἕκαστα
704 2460 891 2523 ἀναπτύσσων

89 2547 183 2625 ἐπώρα
198 2551 253 2608 τῶν
269 2547 503 2628 συγγραμμάτων·
524 2552 579 2606 τῶν
594 2551 645 2624 μὲν
660 2548 694 2624 δὴ
709 2549 785 2610 οὐδὲν
802 2577 890 2628 προσ-

89 2635 147 2696 ίετά
165 2661 223 2712 μιν·
250 2635 266 2695 ὁ
289 2635 319 2694 δέ
343 2634 378 2699 ῶς
401 2635 434 2695 τά
459 2641 489 2693 ἐκ
513 2640 636 2711 Δελφῶν
658 2635 770 2712 ἤκουσε,
793 2637 891 2697 αὐτίκα

89 2723 263 2802 προσεύχετό
272 2749 303 2782 τε
313 2725 358 2781 καὶ
372 2723 567 2800 προσεδέξατο,
578 2725 695 2800 νομίσας
707 2730 811 2800 μοῦνον
822 2725 890 2784 εἶναι

87 2810 223 2888 μαντήϊον
235 2811 268 2870 τό
287 2817 315 2870 ἐν
328 2813 481 2885 Δελφοῖσι,
495 2809 538 2869 ὅτι
555 2814 581 2869 οἱ
600 2811 741 2888 ἐξευρήκεε
756 2812 791 2871 τά
808 2811 890 2876 αὐτάς

89 2901 215 2974 ἐποίησε.
249 2900 310 2957 ἐπεί
325 2924 356 2957 τε
375 2898 429 2979 γάρ
448 2898 482 2973 δὴ
501 2898 635 2976 διέπεμψε
653 2899 729 2975 παρά
745 2899 780 2959 τά
798 2926 888 2979 χρησ-

89 2987 170 3065 τήρια
192 2985 256 3049 τούς
283 2986 462 3062 θεοπρόπους,
488 2986 615 3060 φυλάξας
641 2987 692 3062 τὴν
719 2987 813 3063 κυρίην
834 2993 889 3047 τῶν

88 3075 211 3153 ἡμερέων
224 3073 422 3151 ἐμηχανήσατο
437 3072 538 3141 τοιάδε,
554 3073 704 3150 ἐπινοήσας
718 3074 756 3132 τά
769 3073 804 3150 ἦν
821 3075 894 3151 φρή-

87 3187 174 3239 χανον
193 3162 311 3236 ἐξευρεῖν
332 3161 430 3220 τεκαὶ
451 3159 685 3241 ἐπιφράσασθαι·
709 3161 844 3243 χελώνην
867 3162 921 3219 miz

78 3247 146 3320 ι’μνα
157 3247 329 3326 κατακόψας,
344 3248 421 3328 άμοῦ
438 3252 508 3334 ἔψεε
524 3251 617 3320 αὐτὸς
633 3258 662 3316 ἐν
677 3254 798 3332 λέβητι
813 3246 946 3330 χαλκέω
