2040 3464
85 105 226 168 ιιι-156]
421 111 552 159 σικυοί,
834 115 883 164 275

84 185 289 261 λωβησάμενος
305 187 350 245 καὶ
370 186 387 246 ὅ
405 214 432 247 τι
445 189 604 263 ποιήσαντα
613 213 621 260 ;
643 190 702 250 ὅδὲ
716 190 784 250 εἶπε·
805 191 883 253 “ούκ

85 275 147 332 ἔστι
161 272 241 336 οὗτος
255 274 327 350 ὡνήρ
341 275 384 334 ὅτι
397 276 438 351 μή
453 276 497 347 σύ,
506 282 544 356 τῷ
559 279 619 337 ἔστι
632 278 745 355 δύναμις
758 279 881 356 τοσαύτη

85 365 134 438 ε’μὲ
147 362 180 436 δή
196 361 246 421 ὧδε
261 363 402 422 διαθεῖναι·
418 363 480 423 οὔτε
492 390 534 427 τις
545 365 708 443 ἀλλοτρίων,
718 367 738 425 ὦ
749 369 882 442 βασιλεῦ,

83 450 149 509 τάδε
169 453 311 532 ἔργασται,
330 451 395 511 ἀλλ’
414 451 496 515 αύτός
516 452 570 532 ε’γῶ
592 454 735 529 ἐμεωυτόν,
750 454 838 514 δεινόν
854 480 883 516 τι

83 537 246 614 ποιεύμενος
265 539 434 617 Ἀσσυρίους
452 542 586 618 Πέρσησι
606 541 789 621 καταγελᾶν.”
822 542 839 602 ά
859 542 884 602 δ’

83 627 229 703 άμείβετο·
250 627 297 686 “ὦ
310 627 499 706 σχετλιώτατε
512 627 626 705 ἀνδρῶν,
637 630 706 709 ἔργῳ
719 633 757 707 τῷ
770 631 883 709 αἷσχίσ·

82 741 121 794 τῳ
141 714 245 792 ούνομα
257 715 291 775 τά
306 716 461 775 κάλλιστον
475 717 544 786 ἔθευ,
559 717 616 792 φάς
630 716 675 775 διά
687 716 752 780 τούς
768 723 880 796 πολιορ·

83 803 230 878 κευμένους
254 802 376 863 σεωυτὸν
402 803 560 879 ἀνηκέστως
583 799 725 864 διαθεῖναι·
751 807 782 864 τί
805 804 838 875 δ’,
860 805 883 865 ὦ

82 889 192 966 μάταιε,
206 891 408 967 λελωβημένου
421 895 472 950 σεῦ
487 893 597 952 θᾶσσον
611 895 638 952 οἶ
650 893 782 969 πολέμιοι
795 919 882 970 παρα-

83 979 257 1054 στήσονται;
280 985 333 1042 κῶς
349 979 398 1039 ούκ
416 980 578 1050 ἐξέπλωσας
591 985 647 1040 τῶν
664 986 780 1059 φρενῶν,
798 1009 881 1042 σεωυ-

82 1067 133 1126 τὸν
152 1068 315 1145 διαφθείρας
324 1066 348 1138 ;”
368 1067 384 1128 ά
398 1068 428 1127 δὲ
441 1069 510 1127 εἶπε·
532 1079 549 1104 “
559 1073 583 1128 εἰ
595 1071 647 1146 μέν
659 1095 703 1128 τοι
721 1069 883 1147 ὑπερετίθεα

82 1153 120 1214 τά
135 1156 254 1231 ἔμελλον
267 1156 404 1232 ποιήσειν,
419 1157 469 1215 οὐκ
482 1154 516 1216 άν
528 1182 564 1234 με
577 1157 719 1234 περιεῖδες·
741 1163 790 1217 νῦν
803 1157 825 1216 δ’
840 1156 882 1217 ἐπ’

84 1247 221 1317 ἐμεωυτοῦ
241 1244 402 1321 βαλόμενος
426 1245 540 1322 ἔπρηξα·
566 1243 620 1321 ήδη
642 1243 687 1314 ὧν,
709 1242 743 1320 ἢν
764 1244 805 1322 μή
828 1250 883 1305 τῶν

83 1335 143 1390 σῶν
164 1332 259 1411 δεήσῃ,
281 1333 409 1410 αἱρέομεν
429 1334 598 1408 Βαβυλῶνα·
620 1331 674 1417 ἐγώ
692 1335 745 1409 μὲν
766 1333 829 1413 γάρ,
847 1333 883 1397 ὦς

84 1419 146 1496 ἔχω,
155 1420 342 1497 αὐτομολήσω
357 1426 383 1483 ἐς
396 1421 428 1479 τά
441 1425 541 1499 τεῖχος,
551 1421 596 1478 καὶ
610 1421 694 1495 φήσω
707 1419 777 1496 πρὸς
785 1420 883 1483 <ulmis

83 1506 119 1568 ὦς
132 1508 186 1568 ὑπὸ
200 1513 252 1568 σεῦ
264 1508 330 1568 τάδε
344 1509 479 1568 πέπονθα.
515 1509 561 1566 καὶ
579 1508 664 1567 δοκέω
677 1509 777 1571 πείσας
791 1510 882 1583 σφέας

82 1599 171 1654 ταῦτα
192 1599 264 1676 ἔχειν
281 1596 351 1656 οὕτω
368 1596 516 1665 τεύξεσθαι
531 1602 674 1674 στρατιῆς·
695 1597 733 1655 σύ
746 1597 776 1655 δὲ
789 1595 836 1655 ἄπ’
848 1593 883 1672 ἧς

83 1681 117 1741 ἂν
133 1684 237 1762 ἡμέρης
253 1684 306 1765 ε’γιδ
324 1685 432 1744 ἐσέλθω
453 1689 480 1747 ἔς
495 1684 528 1744 τά
549 1688 649 1764 τεῖχος,
664 1684 719 1743 άπδ
737 1684 839 1756 ταύτης
855 1690 882 1748 ἐς

83 1770 200 1848 δεκάτην
214 1773 328 1850 ἡμέρην,
342 1777 393 1847 τῆς
412 1776 534 1832 σεωυτοῦ
556 1777 690 1848 στρατιῆς
705 1777 756 1848 τῆς
768 1772 882 1848 οὐδεμία

83 1860 164 1917 ἔσται
182 1859 238 1936 ὤρη
258 1861 463 1936 ἀπολλυμένης,
476 1859 577 1936 ταύτης
590 1861 699 1940 χιλίους
712 1860 796 1930 τάξον
810 1860 880 1920 κατά

82 1947 132 2008 τοὶς
153 1948 322 2025 Σεμιράμιος
344 1950 514 2025 καλεομένας
534 1950 635 2011 πύλας·
655 1949 727 2026 μετά
745 1950 775 2008 δὲ
795 1948 880 2018 αὖτις,

82 2033 138 2094 άπδ
158 2041 208 2111 τῆς
228 2036 343 2112 δεκάτης
364 2042 390 2099 ἐς
411 2037 543 2113 ἑβδόμην,
559 2036 664 2100 ἄλλους
681 2063 731 2114 μοι
744 2037 828 2107 τάξον
842 2038 880 2096 δι-

82 2125 211 2201 σχιλίους
232 2125 302 2184 κατά
322 2124 371 2187 τάς
391 2126 494 2183 Νινίων
510 2127 680 2202 καλεομένας
700 2125 800 2188 πύλας·
822 2125 877 2185 άπδ

82 2211 112 2269 δὲ
125 2216 175 2287 τῆς
189 2212 311 2289 ἑβδόμης
329 2213 481 2271 διαλείπειν
495 2213 584 2273 εἴκοσι
599 2213 712 2290 ήμέρας,
727 2215 772 2272 καὶ
786 2216 880 2272 ἔπειτα
924 2209 930 2222 ’

83 2299 189 2362 άλλους
209 2300 324 2360 κάτισον
339 2299 453 2381 άγαγάν
467 2301 537 2360 κατά
552 2300 603 2363 τάς
620 2302 769 2360 Χαλδαίων
783 2306 880 2360 καλεο-

82 2389 167 2462 μένας
187 2389 287 2456 πύλας,
307 2389 557 2467 τετρακισχιλίους·
580 2388 699 2467 ἐχόντων
718 2389 747 2446 δὲ
767 2387 837 2464 μήτε
853 2392 880 2449 οἶ

82 2476 213 2553 πρότεροι
232 2477 317 2553 μηδὲν
337 2480 392 2535 τῶν
412 2475 587 2552 ἀμυνούντων
605 2476 677 2552 μήτε
698 2473 781 2545 οὗτοι,
802 2476 879 2551 πλήν

81 2565 260 2642 ἐγχειριδίων·
280 2567 362 2624 τοῦτο
376 2564 405 2623 δὲ
419 2565 466 2622 ἐάν
480 2566 561 2642 ἔχειν.
594 2565 665 2640 μετά
684 2564 713 2623 δὲ
725 2563 777 2639 τήν
790 2568 880 2623 εἰκοσ·

80 2653 133 2726 τήν
147 2651 261 2730 ήμέρην,
277 2653 353 2715 ἰθέως
371 2652 423 2727 τήν
435 2655 487 2728 μὲν
503 2651 595 2726 άλλην
608 2652 743 2728 στρατιήν
759 2652 880 2725 κελεύειν

79 2742 163 2816 πέριξ
182 2741 381 2817 προσβάλλειν
401 2740 471 2816 πρδς
488 2741 521 2798 τὸ
537 2745 637 2818 τεῖχος,
654 2743 768 2816 Πέρσας
786 2740 817 2798 δέ
830 2766 880 2816 μοι

79 2827 165 2897 τάξον
185 2828 255 2887 κατά
274 2854 306 2887 τε
325 2829 375 2889 τάς
396 2828 518 2902 Βηλίδας
539 2830 707 2904 καλεομένας
727 2827 818 2889 πύλας
834 2829 879 2886 καὶ

81 2917 216 2980 Κισσίας·
238 2916 273 2979 ὥς
285 2916 340 2996 γάρ
355 2915 408 2995 ἐγώ
421 2916 514 2986 δοκέω,
529 2918 593 2992 ἐμέο
605 2916 718 2997 μεγάλα
731 2917 798 2996 ἔργα
811 2915 878 2974 άπο-

79 3004 236 3082 δεξαμένου,
250 3005 286 3064 τά
303 3029 334 3064 τε
352 3003 429 3062 άλλα
445 3004 643 3083 ε’πιτράψονται
659 3005 721 3081 ἐμοὶ
741 3003 878 3080 Βαβυλώ-

79 3117 134 3152 νιοι
154 3094 200 3152 καὶ
220 3093 254 3168 δή
269 3094 315 3151 καὶ
327 3095 382 3151 τῶν
394 3093 504 3151 πυλέων
517 3092 568 3156 τοὶς
580 3092 774 3173 βαλανάγρας.
807 3093 840 3152 τά
855 3091 878 3150 δ’

79 3182 211 3250 ἐνθεῦτεν,
221 3181 285 3257 ε’μοί
290 3205 322 3239 τε
332 3181 379 3239 καὶ
389 3180 526 3262 Πέρσησι
536 3175 894 3259 μελήσειτδδέιποέεειυῗ
957 3251 960 3256 1

113 3272 207 3328 Ταῦτα
223 3269 424 3347 ἐντειλάμενος
436 3271 485 3351 ἤϊε
504 3274 556 3334 ἐπὶ
571 3272 629 3334 τὰς
641 3271 755 3333 πύλας,
767 3254 952 3325 Qum&
