2040 3464
83 106 222 173 ιιι-ιιι]
399 111 560 158 mmm.
835 110 882 157 ια

82 188 128 248 καὶ
140 188 173 248 τό
188 188 246 248 κατ’
263 187 359 250 ὕδατος
373 187 552 265 οἰκοδόμηται
569 187 662 265 ἕτερον
679 188 810 247 τοσοῦτο·
838 186 884 246 καὶ

82 303 118 335 επ
141 277 320 354 αμφοτέρησι
337 277 433 335 ἔπεστι
449 275 592 338 κολοσσός
608 274 714 337 λίθινος
732 273 886 350 κατήμενος

82 369 111 423 ἐν
125 364 222 444 θρόνῳ.
265 362 348 443 (οὕτω
367 366 395 421 αἱ
413 365 465 439 μὲν
481 363 632 438 πυραμίδες
653 363 708 421 εἰσὶ
729 361 826 421 ἐκατδν
839 359 885 438 ὄρ·

81 451 187 531 γυιέων,
208 454 238 510 αἱ
273 450 281 469 ’
306 449 403 509 ἑκατόν
425 449 534 529 ὀργυιαὶ
559 451 664 508 δίκαιαί
690 453 745 508 είσι
770 448 886 509 στάδιον

82 537 263 615 ἑξάπλεθρον·
283 538 417 607 α”ξαπέδου
435 540 487 613 μὲν
499 542 550 612 τῆς
571 537 684 617 ὀργυιῆς
701 537 886 613 μετρεομένης

83 627 129 684 καὶ
148 625 345 704 τετραπήχεος·
373 629 428 684 τῶν
448 625 541 684 ποδῶν
561 627 613 702 μὲν
636 625 885 701 τετραπαλαίστων

83 712 189 784 ἐόντων,
202 719 252 774 τοῦ
265 715 295 772 δὲ
308 713 414 791 πήχεος
433 713 664 792 ἑξαπαλαίστου.)
717 712 750 771 τό
770 713 799 770 δὲ
812 711 884 788 ὕδωρ

81 801 115 861 τό
129 807 158 862 ἐν
170 803 305 880 τῇλίμνη
319 801 460 880 αὐθιγενὲς
472 804 525 877 μὲν
539 799 588 859 ούκ
605 802 676 859 ἐστι·
698 798 813 877 ἄνυδρος
827 800 884 880 γάρ

83 889 117 964 δή
135 889 227 952 δεινῶς
246 890 308 950 ἐστὶ
326 886 424 967 ταύτῃ·
446 893 476 946 ἐκ
496 893 547 948 τοῦ
565 890 673 948 Νείλου
692 888 722 947 δὲ
738 888 807 948 κατά
826 887 884 946 διιό-

83 1003 157 1055 ρυχα
182 982 308 1053 ἐσῆκται,
334 978 380 1036 καὶ
402 976 433 1046 ἐξ
452 979 504 1052 μὲν
524 981 614 1054 μῆνας
634 977 689 1036 ἔσω
710 977 766 1053 ῥέει
787 981 815 1039 ἐς
835 975 886 1052 τήν

83 1066 186 1140 λίμνην
203 1066 235 1134 ἐξ
253 1066 282 1124 δὲ
303 1068 393 1141 μῆνας
415 1065 465 1133 ἔξω
487 1069 514 1127 ἐς
533 1064 583 1124 τόν
604 1068 710 1124 Νεῖλον
731 1063 817 1126 αὖτις·
838 1064 885 1122 καὶ

84 1151 168 1212 ἐπεάν
181 1155 232 1228 μὲν
246 1155 326 1231 ἐκρέῃ
341 1153 399 1221 ἔξω,
413 1151 431 1227 ἦ
447 1153 475 1210 δὲ
489 1152 553 1211 τότε
564 1151 640 1232 [τούς
654 1152 685 1220 ἐξ
696 1150 796 1230 μῆνας]
812 1157 839 1213 ἐς
851 1151 885 1211 τό

83 1240 240 1314 βασιλήϊον
254 1239 431 1315 καταβάλλει
445 1239 486 1297 ἐπ’
496 1239 602 1316 ήμέρην
616 1239 736 1314 ἑκάστην
748 1239 886 1298 τάλαντον

85 1327 217 1407 ἀργυρίου
239 1334 268 1387 ἐκ
285 1332 341 1387 τῶν
362 1328 471 1406 ἰχθύων,
494 1326 577 1386 ἐπεάν
597 1327 626 1385 δὲ
647 1326 709 1405 ἐσίη
723 1325 756 1386 τό
775 1325 871 1402 ύδωρέ

84 1415 178 1491 αύτήν,
195 1417 285 1475 εἴκοσι
300 1415 393 1492 μνέας.
430 1414 552 1494 Ἔλεγον
571 1415 600 1473 δὲ
618 1417 644 1472 οἶ
658 1413 799 1493 ἐπιχώριοι
818 1415 864 1472 καὶ
875 1415 931 1472 15ss

85 1502 120 1566 ὦς
135 1509 162 1567 ἐς
174 1504 225 1578 τήν
240 1504 341 1580 Σύρτιν
353 1501 406 1578 τήν
420 1508 448 1562 ἐν
461 1503 556 1582 Λιβύῃ
571 1501 703 1577 ἐκδιδοῖή
717 1503 802 1578 λίμνη
816 1501 886 1576 αὕτη

85 1590 139 1650 ύπδ
153 1596 216 1672 γῆν,
230 1592 405 1668 τετραμμένη
418 1591 451 1650 τὸ
469 1590 539 1667 πρός
558 1591 678 1666 ἑσπέρην
693 1595 720 1652 ἐς
736 1588 789 1664 τήν
801 1589 886 1666 μεσό-

84 1705 168 1759 γαιαν
183 1680 260 1756 παραὶ
277 1678 310 1739 τό
329 1679 393 1754 ὅρος
412 1679 444 1737 τό
464 1678 533 1754 ύπέρ
556 1679 696 1754 Μέμφιος.
738 1678 800 1735 ἐπεί
812 1703 843 1736 τε
857 1677 886 1736 δὲ

85 1771 136 1825 τοῦ
149 1767 306 1847 ὀρύγματος
325 1767 424 1826 τούτου
441 1765 490 1825 ούκ
513 1765 597 1842 ὥρεον
611 1764 661 1824 τόν
679 1769 748 1843 χοῦν
765 1764 886 1841 ούδαμου

87 1853 175 1923 ἐόντα,
196 1857 338 1933 (ἐπιμελὲς
357 1854 413 1934 γάρ
432 1853 466 1928 δή
487 1880 536 1929 μοι
553 1853 609 1934 ἦα)
625 1853 737 1929 εἰρόμην
756 1852 821 1916 τούς
838 1851 886 1933 άγ-

85 1967 174 2020 χιστα
201 1944 340 2004 οἰκέοντας
366 1946 416 2016 τῆς
442 1944 551 2016 λίμνης,
579 1941 645 2001 ὅκου
671 1942 712 2016 εἴη
739 1940 755 2000 ὁ
776 1945 845 2020 χοῦς
870 1940 886 2000 ό

87 2031 253 2108 ἐξορυχθείς·
282 2034 308 2089 οἱ
330 2030 359 2088 δὲ
382 2029 509 2105 ἔφρασάν
526 2054 576 2105 μοι
595 2030 638 2088 ἵνα
657 2028 821 2105 ἐξεφορήθη,
842 2029 887 2086 καὶ

88 2117 220 2180 εὐπετέως
241 2119 359 2177 ἔπειθον·
380 2116 448 2194 ᾔδεα
468 2117 523 2197 γάρ
545 2116 620 2196 λόγῳ
641 2118 687 2175 καὶ
707 2122 736 2175 ἐν
757 2117 833 2196 Νίνῳ
851 2120 888 2194 τῇ

86 2203 245 2280 Ἀσσυρίων
263 2205 333 2264 πόλι
350 2204 498 2284 γενόμενον
517 2205 609 2281 ἕτερον
627 2209 747 2264 τοιοῦτο·
775 2204 812 2263 τοὶ
832 2204 888 2284 γὰρ

88 2294 330 2370 Σαρδαναπάλλου
343 2298 392 2352 τοῦ
405 2295 492 2352 Νίνου
502 2295 641 2369 βασιλέος
654 2294 793 2371 χρήματα,
808 2294 888 2352 ἐόντα

88 2383 200 2460 μεγάλα
221 2383 267 2440 καὶ
286 2381 494 2457 φυλασσόμενα
516 2387 544 2440 ἐν
565 2382 735 2457 θησαυροῖσι
758 2381 888 2461 καταγαί-

89 2494 155 2539 οισι,
177 2467 331 2544 ἐπενόησαν
350 2474 458 2532 κλῶπες
478 2473 646 2544 ἐκφορῆσαι·
678 2474 707 2526 ἐκ
726 2468 759 2542 δή
777 2467 813 2527 ὧν
834 2472 889 2528 τῶν

88 2559 232 2634 σφετέρων
244 2558 335 2616 οἰκίων
348 2557 497 2634 ἀρξάμενοι
508 2561 534 2616 οἱ
545 2561 660 2626 κλῶπες,
670 2555 725 2614 ύπό
737 2560 791 2637 γῆν
803 2557 888 2615 σταθ-

88 2645 219 2722 μεόμενοι
243 2651 270 2709 ἐς
296 2645 331 2704 τά
355 2646 499 2721 βασιλήϊα
521 2645 593 2704 οἰκία
620 2643 754 2719 ὁρυσσον·
788 2643 838 2704 τόν
858 2644 888 2702 δὲ

89 2737 158 2811 χοῦν
176 2734 226 2794 τόν
247 2734 451 2810 ἐκφορεόμενον
465 2739 494 2792 ἐκ
511 2737 562 2792 τοῦ
581 2732 744 2812 ὀρύγματος,
760 2730 828 2795 ὅκως
844 2732 885 2814 γέ-

89 2847 164 2880 νοιτο
185 2822 242 2891 νύξ,
257 2827 285 2885 ἐς
303 2822 352 2881 τόν
370 2822 466 2902 Τίγριν
482 2820 610 2898 ποταμόν
625 2818 818 2898 παραρρέοντα
836 2819 886 2894 τήν

90 2913 176 2969 Νῖνον
201 2911 358 2987 ἐξεφόρεον·
394 2915 421 2972 ἐς
445 2908 461 2968 δ
486 2908 695 2989 κατεργάσαντο
718 2908 733 2966 ὅ
757 2934 784 2966 τι
809 2906 888 2984 ἐβού-

89 3001 185 3056 λοντο.
226 3003 352 3058 τοιοῦτον
367 2997 459 3073 ἕτερον
472 2996 582 3073 ήκουσα
596 2996 641 3055 καὶ
654 2995 687 3056 τδ
700 3000 751 3070 τῆς
764 3001 793 3055 ἐν
806 2995 889 3076 Αἰγύ-

89 3110 149 3162 πτῳ
162 3085 263 3160 λίμνης
277 3085 386 3166 ὄρυγμα
396 3086 537 3165 γενέσθαι·
558 3084 635 3160 πλήν
649 3082 681 3143 ού
695 3083 804 3153 νυκτός,
814 3083 898 3141 ἀλλὰ

85 3171 149 3246 μετ’
166 3171 273 3248 ήμέρην
292 3172 468 3252 ποιεύμενον·
499 3173 682 3254 ὀρύσσοντας
697 3171 758 3255 ’γάρ
773 3169 826 3230 τῖιν
844 3171 921 3244 χοὶ*

78 3257 143 3319 τούς
161 3261 338 3339 Αἰγυπτίους
357 3269 387 3328 ἐς
406 3264 460 3328 τόν
477 3271 596 3329 Νεῖλον
614 3266 750 3345 φορέειν·
774 3259 794 3320 ὃ
812 3249 924 3324 δῑιῖΝ
