2040 3464
122 109 171 157 ιιι
430 111 614 161 Ἧνοιουου
871 107 922 176 [ιι

123 187 154 246 δὲ
183 193 211 251 ές
235 186 302 251 τούς
331 189 442 264 Λίβυας
471 190 618 269 οἰχομένην
643 187 777 249 πελειάδα
805 187 923 270 λέγουσι

118 274 268 352 Ἀμμωνος
280 275 453 353 χρηστήριον
463 280 595 335 κελεῦσαι
604 275 668 340 τούς
675 278 785 352 Λίβυας
793 275 923 337 ποιέειν·”

126 363 187 422 ἔστι
210 363 240 421 δὲ
261 364 408 422 καὶτοῦτο
428 364 504 426 Διός.
547 364 715 424 Δωδωναίων
735 364 765 423 δὲ
787 367 817 423 αἰ
838 364 921 440 ἰρήίαι

126 452 192 531 (τῶν
213 453 249 528 τῇ
270 451 455 530 πρεσβυτάτῃ
478 450 583 526 ούνομα
603 451 825 528 ἦν’Προμένεια,
839 456 876 529 τῇ
894 452 924 511 δὲ

124 536 195 614 μετιί
214 538 318 613 ταύτην
337 540 485 615 Τιμαρέτη,
506 543 542 617 τῇ
562 539 592 598 δὲ
616 538 735 618 νεωτάτῃ
759 539 924 618 Νικάνδρη)

125 626 223 705 ἔλεγον
242 631 338 686 ταῦτα·
363 626 577 706 συνωμολόγεον
598 627 629 685 δέ
648 633 704 702 σφι
725 629 771 686 καὶ
792 630 818 686 οἱ
838 626 925 687 ἄλλοι

27 790 30 795 ἢ
78 716 115 775 66
128 714 286 774 Δωδωναῖοι
300 717 326 772 οἱ
339 714 403 789 περὶ
415 713 448 772 τό
460 714 529 790 ἰρόν.
557 713 631 795 Ἐγοί
644 713 667 773 δ’
678 717 731 793 ἔχω
744 716 808 791 περὶ
822 713 925 775 αὐτέων

124 801 237 882 γνώμην
249 800 341 876 τήνδε·
363 805 387 859 εἰ
402 799 526 877 ἀληθέως
540 804 567 861 οἱ
583 803 706 864 Φοίνικες
725 802 862 882 ἐξήγαγον
874 802 923 866 τοίς

126 888 186 966 ἰροίς
199 893 336 969 γυναῖκας,
351 888 397 946 κάί
409 888 461 963 τήν
477 892 529 965 μὲν
547 887 650 949 αύτέων
664 895 691 952 ές
706 890 818 966 Λιβύην
830 889 882 966 τήν
894 891 924 950 δὲ

126 983 153 1039 ἐς
172 977 223 1051 τήν
241 976 368 1034 Ἑλλάδα
385 975 529 1047 α’πέδοντο,
544 976 632 1036 δοκέει
650 977 712 1053 ε’μοί
727 977 746 1053 ή
762 977 833 1059 γυνή
854 977 924 1054 αὕτη

125 1068 175 1139 τῆς
185 1068 232 1124 νῦν
241 1064 379 1128 Ἑλλάδος
391 1063 527 1141 πρότερον
541 1064 570 1122 δὲ
580 1065 745 1146 Πελασγίης
756 1066 924 1142 καλευμένης

125 1157 176 1228 τῆς
190 1152 274 1228 αὐτῆς
290 1151 392 1228 ταύτης
411 1152 552 1228 πρηθῆναι
571 1157 598 1215 ἐς
616 1151 810 1230 Θεσπρωτούς,
831 1154 925 1212 ἔπειτα

129 1239 300 1300 δουλεύουσα
315 1238 412 1299 αύτόθι
429 1240 598 1315 ἱδρύσασθαι
616 1240 672 1300 ύπό
691 1245 772 1321 φηγῷ
784 1240 924 1318 πεφυκυίῃ

128 1327 195 1391 Διός
215 1327 282 1406 ἱρόν·
305 1327 398 1404 ὥσπερ
416 1327 451 1402 ἦν
470 1328 543 1390 οἰκός
562 1328 813 1404 ἀμφιπολεύουσαν
827 1334 856 1388 ε’ν
869 1328 925 1404 Θή-

126 1418 200 1495 βῃσι
215 1416 273 1493 ἱρόν
287 1415 364 1485 Διός,
379 1417 444 1474 ἔνθα
457 1415 572 1474 α’πίκετο
586 1417 703 1475 ε’νθαῦτα
715 1416 827 1493 μνήμην
841 1415 925 1475 αὐτοῦ

128 1506 208 1582 ἔχειν·
237 1509 267 1562 ἐκ
288 1504 317 1562 δὲ
336 1504 443 1572 τούτου,
464 1503 636 1580 χρηστήριον
657 1503 845 1584 κατηγήσατο,
866 1503 927 1563 ε’πεί

127 1617 158 1650 τε
179 1594 322 1667 συνέλαβε
342 1591 394 1665 τήν
414 1590 541 1649 Ἑλλάδα
561 1595 709 1670 γλῶσσαν·
739 1590 827 1666 φάναι
847 1590 879 1648 δέ
899 1595 925 1650 οἰ

129 1679 269 1755 ἀδελφεήν
287 1685 316 1737 ἐν
329 1678 424 1756 Λιβύῃ
437 1681 600 1754 πεπρῆσθαι
617 1679 672 1738 ύπό
690 1683 745 1738 τῶν
759 1678 848 1739 αὐτῶν
861 1686 925 1738 Φοι-

82 1769 118 1828 57
128 1768 215 1836 νίκων,
230 1765 274 1824 ὑπ’
294 1764 331 1825 ὧν
349 1767 394 1823 καί
413 1765 481 1840 αὐτή
503 1766 619 1842 ἐπρήθη.
661 1766 812 1830 Πελειάδες
829 1766 861 1825 δέ
875 1792 926 1843 μοι

128 1855 257 1926 δοκέουσι
280 1854 417 1928 κληθῆναι
439 1855 509 1929 πρός
536 1854 703 1914 Δωδωναίων
727 1855 772 1912 ἐπὶ
795 1854 876 1914 τοῦδε
897 1858 926 1913 αἰ

127 1945 261 2022 γυναῖκες,
288 1941 358 2000 διότι
384 1941 529 2018 βάρβαροι
554 1941 637 2017 ἦσαν·
676 1942 785 2002 ἐδόκεον
812 1942 844 2000 δέ
869 1949 926 2018 σφι

129 2029 229 2106 ὁμοίως
239 2028 330 2105 ὄρνισι
339 2031 524 2111 φθέγγεσθαιι
538 2031 609 2106 μετοί
620 2031 648 2089 δὲ
661 2029 762 2110 χρόνον
772 2030 824 2106 τήν
833 2036 925 2090 πελει-

129 2117 183 2176 άδα
198 2116 356 2196 ἀνθρωπηίῃ
376 2122 455 2196 φωνῇ
471 2118 653 2187 αὐδάξασθαι,
667 2117 808 2200 [λέγουσι]
823 2119 886 2178 ε’πεί
895 2144 926 2179 τε

129 2204 230 2264 συνετά
244 2212 299 2280 σφι
312 2207 382 2281 ηὔδα
394 2206 413 2281 ή
426 2205 505 2284 γυνή·
527 2207 575 2269 ἕως
586 2206 615 2265 δὲ
626 2205 805 2283 ἐβαρβάριζε,
818 2205 928 2282 ὄρνιθος

128 2292 233 2370 τρόπον
247 2294 337 2353 ἐδόκεέ
350 2301 406 2369 σφι
420 2295 606 2376 φθέγγεσθαι.
648 2295 708 2352 ε’πεί
720 2294 772 2372 τέῳ
785 2294 879 2373 τρόπῳ
893 2293 927 2354 όν

127 2380 240 2444 πελειάς
250 2407 283 2462 γε
297 2381 455 2459 οἷνθρωπηίῃ
467 2385 546 2461 φωνῇ
560 2382 730 2462 φθέγξαιτο;
752 2382 887 2457 μέλαιναν
898 2382 927 2440 δὲ

129 2469 257 2549 λέγοντες
266 2470 334 2528 εἶναι
344 2469 395 2544 τήν
403 2469 544 2539 πελειάδα,
556 2471 726 2546 σημαίνουσι
736 2469 779 2528 ὅτι
788 2470 926 2550 Αἰγυπτίη

129 2555 148 2630 ή
161 2557 230 2637 γυνή
244 2556 288 2633 ἦν.
328 2557 348 2632 ή
362 2557 391 2616 δὲ
404 2558 523 2632 μαντηίη
541 2556 559 2633 ἥ
576 2584 607 2617 τε
625 2563 654 2616 έν
668 2558 785 2635 Θήβῃσι
797 2561 867 2635 τῇσι
879 2561 927 2617 Αἰ·

130 2646 263 2723 γυπτίῃσι
290 2646 335 2704 καί
362 2650 390 2703 ε’ν
410 2645 528 2724 Δωδώνῃ
555 2644 754 2722 παραπλήσιαι
780 2643 927 2724 ἀλλήλῃσι

127 2734 298 2812 τυγχάνουσι
315 2737 419 2792 ἐοῦσαι·
442 2735 501 2791 ἔστι
518 2735 547 2792 δὲ
564 2735 610 2792 καί
624 2737 679 2793 τῶν
693 2731 790 2810 ἰρῶνή
808 2732 942 2808 μαντική·

129 2819 177 2878 ἀπ’
190 2820 332 2901 Αἰγύπτου
346 2820 494 2902 οἷπιγμένη.

83 2909 121 2969 58
170 2908 330 2988 Πανηγύρις
350 2909 380 2967 δὲ
399 2908 454 2985 άρα
475 2909 520 2970 καὶ
539 2909 654 2985 πομποίς
674 2909 721 2968 καὶ
739 2908 927 2990 προσαγωγὰς

128 2999 233 3073 πρῶτοι
259 2995 410 3073 ἀνθρώπων
433 2997 584 3076 Αἰγύπτιοί
603 3003 659 3057 εἰσι
682 3001 709 3057 οἱ
731 2997 926 3073 ποιησάμενον

120 3084 171 3140 καί
184 3083 262 3161 παρά
277 3083 382 3144 τούτων
393 3083 533 3160 Ἕλληνες
547 3084 738 3161 μεμαθήκασι.
778 3084 928 3161 τεκμήριον

105 3165 148 3225 δέ
150 3194 206 3244 μοι
220 3171 329 3234 τούτου
342 3171 420 3234 τάδε·
442 3176 473 3234 αἱ
487 3174 538 3253 μὶν
551 3171 609 3256 γάρ
620 3172 769 3250 φαίνονται
778 3177 810 3230 ἐκ
819 3175 928 3230 πολλοῦ

89 3274 148 3312 ⁷¹⁰³
168 3259 291 3336 χρόνου
322 3262 508 3342 ποιεύμεναι,
535 3266 569 3324 αἱ
597 3262 628 3322 δὲ
648 3258 824 3330 Ἑλληνικιλ
848 3255 950 3313 vum&
