2040 3464
112 123 220 187 37-39]
448 127 583 174 OAAEIA.
862 125 910 170 ‘219

110 201 140 260 δὲ
154 202 188 278 δή
202 204 247 262 καὶ
260 207 310 263 τοῦ
323 202 486 277 Ἡφαίστου
499 204 532 263 τὸ
547 203 606 277 ἱρὸν
619 200 699 277 ἦλθε,
712 202 757 260 ιεοὶ
767 199 864 259 πολλὰ
873 205 913 279 τῷ

109 287 253 370 α’γώλματι
267 291 448 370 κατεγέλασε·
469 291 591 365 (ἔστιδ
581 294 662 348 ετοῦ
681 289 844 364 Ηφαίστου
858 287 910 347 πώ-

108 381 207 456 γαλμα
218 383 295 437 τοῖσι
308 379 493 453 Φοινικηίοισι
506 382 677 436 Παταΐκοῖσι
690 377 909 453 ἐμφερέστατον,

109 489 174 528 τους
186 491 213 525 οι
203 467 375 528 “Polvtxts’
363 490 392 523 εν
404 470 472 543 τῇσι
476 465 613 573 πρώρῃσι
626 470 680 524 τῶν
693 464 824 540 τριήρεων
834 489 909 573 περι-

109 550 222 632 ώγουσι·
235 552 266 616 ὃς
279 552 368 611 δὲ’
318 579 432 616 τουτους
444 553 484 629 μή
496 553 612 623 ὀπώπεε,
624 558 677 632 ἐγω
669 553 757 610 δέ
732 579 758 610 οι
769 552 908 626 σημανέω·

109 641 250 719 πυγμαίου
270 640 422 717 οἶνδρδς’
387 641 506 716 μιμησίς
525 641 606 720 ἐστι.)
643 641 749 714 ἐσῆλθε
768 640 798 697 δὲ
816 638 862 697 καὶ
881 643 910 703 ἐς

362 728 480 752 xcx!

109 730 163 786 τῶν
176 728 325 804 Καβείρων
337 754 370 787 το
385 754 452 803 ιρον,
467 755 495 791 ες
507 728 540 788 τδ
555 754 587 787 ου
580 727 715 804 θεμιτόν
729 734 790 786 ἐστι
804 728 908 786 ἐσιέναι

110 811 200 875 αλλον
218 841 251 896 γε
271 842 290 891 η
276 814 358 874 τᾶν
380 817 448 892 ἱρέα·
475 820 564 876 ταῦτα
584 816 614 874 δὲ
633 842 669 874 τα
660 815 841 894 α’γοίλματα
861 815 907 873 καὶ

109 902 253 979 ἐνέπρησε,
273 902 370 962 πολλα
393 903 588 981 κατασκώψας.
623 905 684 961 ἐστι
704 903 734 962 δὲ
755 906 800 961 καὶ
819 908 908 963 ταῦτα

108 987 193 1064 ὄμοῖα
207 995 257 1050 τοῦ
275 990 446 1066 Ἡφαίστου·
467 991 567 1050 τούτου
586 991 617 1050 δέ
634 998 726 1067 σφεας
742 992 842 1054 παῖδας
860 992 905 1050 λέ-

109 1101 192 1155 γουσι
210 1078 288 1138 εἶναι.
322 1077 495 1156 Πανταχῆ
476 1105 512 1137 ων
524 1105 574 1154 μοι
593 1078 692 1154 δῆλοί’
680 1104 741 1137 εστι
757 1079 800 1138 ὅτι
819 1079 906 1188 ἐμάνη
915 1082 952 1140 38
995 1137 997 1141 ,

108 1164 236 1244 μεγάλως
254 1165 270 1225 ὁ
288 1165 460 1243 Καμβύσης·
482 1165 514 1224 οὔ
531 1166 586 1245 γοὶρ
601 1165 634 1225 ἂν
649 1168 738 1242 ἱροῖσί
751 1192 781 1225 τε
801 1169 846 1224 καὶ
863 1192 906 1225 νο·

108 1252 218 1326 μαίοισι
238 1255 402 1332 ἐπεχείρησε
423 1258 589 1333 καταγελᾶν·
611 1258 635 1312 εἶ
655 1254 709 1333 γάρ
728 1281 770 1316 τις
789 1255 906 1331 προθείη

108 1344 181 1399 πᾶσι
200 1340 374 1419 ἀνθρώποισι
395 1342 563 1410 ἐκλέξασθαι
584 1341 702 1400 κελεύων
722 1341 823 1418 νόμους
840 1342 905 1405 τούς

109 1427 279 1492 καλλίστους
291 1435 321 1488 ἐκ
334 1434 389 1489 τῶν
402 1429 511 1488 πάντων
525 1427 623 1504 νόμων,
638 1429 855 1504 διασκεψάμενοι
871 1427 906 1488 ἂν

109 1515 220 1575 ἐλοίατο
236 1517 350 1576 ἐκαστοι
365 1517 429 1579 τούς
447 1519 561 1575 ἑωυτῶν·
584 1516 653 1575 οὕτω
672 1517 817 1590 νομίζουσι
830 1515 906 1576 πολθ

107 1627 135 1660 τι
156 1605 326 1666 καλλίστους
347 1604 412 1666 τούς
434 1607 540 1662 ἑωυτῶν
563 1603 664 1679 νόμους
688 1604 801 1662 ἔκαστοι
826 1604 904 1663 εἶναι·

108 1688 195 1749 οὔκων
212 1691 285 1754 οἰκός
302 1697 363 1750 ἐστι
384 1690 474 1750 ἄλλον
492 1717 525 1771 γε
545 1691 579 1766 δή
598 1691 616 1766 ἢ
631 1691 798 1767 μαινόμενον
818 1691 904 1769 ἄνδρα

106 1778 216 1855 γέλωτα
228 1779 263 1838 τὰ
276 1784 390 1838 τοιαῦτα
403 1779 541 1838 τίθεσθαι.
572 1779 605 1842 ώς
620 1780 649 1837 δὲ
663 1778 732 1838 οὕτω
743 1781 904 1856 νενομίκασι

107 1863 142 1922 τοὶ
159 1865 222 1942 περὶ
239 1865 304 1928 τοδς
321 1865 423 1941 νόμους
441 1869 468 1924 οἱ
486 1866 587 1929 πάντες
605 1865 751 1942 ἅνθρωποι,
766 1867 906 1926 πολλοῖσί

106 1977 136 2010 τε
151 1953 197 2010 καὶ
210 1951 327 2011 ἄλλοισι
343 1955 518 2029 τεκμηρίοισι
538 1955 656 2029 πάρεστι
670 1955 903 2030 σταθμώσασθαι,

107 2043 137 2098 ἐν
154 2040 184 2099 δὲ
201 2040 235 2118 δή
254 2041 300 2099 καὶ
317 2041 395 2119 τῷδε·
417 2045 535 2116 Δαρεῖος
557 2043 602 2099 ἐπὶ
623 2047 674 2117 τῆς
693 2046 793 2102 ἑωυτοῦ
814 2032 903 2120 ἀρχῆς

107 2129 230 2191 καλέσας
244 2127 388 2203 Ἑλλήνων
405 2129 469 2189 τοδε
486 2130 639 2205 παρεόντας
657 2131 744 2206 εἴρετο
765 2130 811 2188 ἐπὶ
828 2130 904 2210 κόσιρ

106 2213 140 2275 ἂν
152 2217 276 2294 χρήματι
288 2217 444 2291 βουλοίατο
461 2217 525 2279 τούς
540 2219 660 2294 πατέρας
674 2217 904 2293 ἀποθνήσκοντας

107 2304 339 2374 κατασιτέεσθαι;
366 2307 393 2363 οἱ
413 2304 442 2362 δὲ
463 2303 505 2362 ἐπ’
523 2303 611 2363 οὐδενὶ
632 2307 743 2379 ἔφασαν
764 2305 851 2381 ἕρδειν
870 2303 905 2365 ἂν

105 2395 197 2451 τοῦτο·
219 2395 337 2468 Δαρεῖος
353 2391 382 2450 δὲ
399 2391 471 2468 μετὰ
488 2395 577 2450 ταῦτα
596 2393 718 2454 καλέσας
731 2391 824 2451 Ἰνδῶν
839 2392 904 2455 ποῦς

106 2481 290 2554 καλεομένους
303 2480 476 2547 Καλλατίας,
488 2478 515 2537 οἳ
527 2479 592 2541 τούς
604 2479 703 2559 γονέας
713 2480 903 2550 κατεσθίουσι,

106 2566 202 2643 είρετο,
226 2565 384 2642 παρεόντων
406 2569 460 2625 τῶν
481 2565 626 2640 Ἑλλήνων
650 2568 695 2624 καὶ
718 2565 752 2624 δι’
774 2568 904 2642 ἑρμηνέος

105 2654 298 2729 μανθανόντων
310 2654 346 2713 τώ
360 2653 506 2733 λεγόμενα,
522 2654 568 2711 ἐπὶ
583 2654 637 2712 τίνι
649 2653 773 2732 χρήματι
786 2654 904 2723 δεξαίατ’

105 2739 139 2801 ἂν
151 2743 344 2803 τελευτέοντας
356 2742 420 2803 τοὺς
432 2742 554 2816 πατέρας
567 2742 724 2800 κατακαίειν
737 2743 806 2818 πυρί
813 2767 820 2810 ;
837 2745 863 2800 οῖ
874 2743 904 2801 δέ

105 2828 292 2906 ἀμβώσαντες
304 2829 377 2908 μέγα
391 2828 539 2903 εὐφημέειν
548 2854 597 2904 μιν
607 2829 743 2888 ἐκέλευον.
774 2827 843 2887 οὕτω
852 2831 904 2906 μέν

105 2942 153 2976 νυν
162 2920 249 2974 ταῦτα
260 2916 429 2991 νενόμισται·
448 2917 493 2972 καὶ
506 2914 595 2992 ὀρθῶς
604 2942 653 2992 μοι
664 2916 751 2974 δοκέει
766 2917 905 2991 Πίνδαρος

105 3007 231 3080 ποιῆσαι,
253 3008 399 3062 NOMON
424 3007 588 3061 ΠΑΝΤΩΝ
611 3005 780 3068 ΒΑΣΙΛΕΑ
808 3004 904 3080 φήσας

105 3091 183 3150 ‘wat

140 3177 308 3254 Καμβυσεω
323 3177 386 3239 δὲ’
372 3207 408 3240 επ
407 3178 582 3266 Ἀἴγυπτον
598 3181 851 3284 στρατευομένου,
859 3181 944 3232 'mm-
930 3169 997 3224 .ka

91 3262 200 3337 V'wvro
217 3290 267 3324 και
258 3266 521 3352 Λακεδαιμόνιοι
539 3271 710 3356 στρατήιην
734 3274 789 3347 ἐπι
767 3261 920 3339 ’Σαμου
935 3272 978 3310 τι
