2040 3464
175 118 223 164 κιο
482 115 667 164 Ἧτοιοτοτ
912 114 972 178 [Iv.

240 217 364 276 Βόσπορον
381 217 508 276 ἰχθυόεντα
522 216 665 276 γεφυρώσας
682 217 784 275 ἀνέθηκε

272 290 442 347 Μανδροκλέης
454 289 521 348 Ἤρη
538 289 687 345 μνημόσυνον
703 291 812 347 σχεδίης·

240 357 306 418 αύτῷ
321 362 365 416 μὲν
381 361 501 419 στέφανον
517 361 620 419 περιθείς
636 361 750 416 Σαμίοισι
766 362 794 407 δέ
811 361 888 421 κῦδος,

273 432 372 491 Δαρείου
387 432 507 492 βασιλέως
524 431 652 478 ἐκτελέσας
669 432 733 477 κατὰ
749 430 809 479 νοῦν.

177 540 266 595 ταῦτα
283 538 335 612 μέν
352 562 400 597 νυν
417 540 469 595 τοῦ
488 535 633 606 ζεύξαντος
651 536 704 611 την
722 537 851 617 γέφυραν
869 540 972 616 μνημό·

175 649 247 683 ουνα
260 626 377 706 ἐγένετο.

130 714 167 772 Βίλ
217 715 334 787 Δαρεῖος
350 713 380 770 δὲ
398 709 592 790 δωρησάμενος
608 709 797 788 Μανδροκλέα
810 711 936 788 διέβαινε
949 720 974 777 ές

174 800 226 875 την
251 799 396 877 Εὐρώπην,
422 803 500 859 τοῖσι
515 799 596 858 Ἰωσι
615 799 811 878 παραγγείλας
829 803 929 860 πλέειν
948 807 974 865 ἐς

175 889 224 947 τὸν
242 887 353 948 Πόντον
367 889 453 966 μέχρι
466 885 582 963 Ἴστρου
601 889 741 962 ποταμοῦ·
762 886 849 946 ε’πεάν
864 888 894 947 δὲ
912 888 974 949 άπί·

175 1001 274 1034 κωνται
301 980 328 1039 ε’ς
353 974 404 1034 τόν
423 974 545 1051 Ἴστρον,
567 974 686 1033 ἐνθαῦτα
710 972 796 1033 αὐτόν
817 977 974 1052 περιμένειν

175 1061 336 1142 ζευγνύντας
352 1062 403 1121 τόν
421 1061 559 1137 ποταμόν·
579 1061 613 1120 τό
628 1060 683 1141 γάρ
704 1060 739 1135 δή
757 1062 888 1123 ναυτικόν
904 1062 974 1144 ἦγον

170 1150 261 1212 Ἴωνές
273 1175 304 1209 τε
321 1151 367 1208 καὶ
380 1151 495 1212 Αἰολέες
508 1149 554 1207 καὶ
566 1147 797 1223 Ἑλλησπόντιοι
841 1147 859 1209 ό
874 1153 927 1226 μὲν
940 1152 972 1227 δη

175 1238 300 1300 ναυτικάς
325 1236 446 1312 στρατός
470 1236 521 1299 τάς
547 1236 673 1298 Κυανέας
694 1234 871 1301 διεκπλώσας
891 1240 972 1298 ἔπλεε

175 1325 219 1384 ἰθύ
239 1330 289 1385 τοῦ
303 1325 427 1401 Ἴστρου·
454 1323 625 1386 άναπλώσας
648 1323 679 1382 δὲ
700 1321 754 1383 α’νά
773 1323 825 1383 τόν
845 1327 972 1402 ποταμόν

175 1414 245 1473 δυῶν
263 1412 386 1491 ἡμερέων
405 1412 496 1472 πλόον
516 1409 573 1470 οἷπό
594 1410 751 1487 θαλάσσης,
772 1416 824 1471 τοῦ
843 1423 972 1492 ποταμοῦ

174 1502 223 1561 τόν
236 1501 339 1580 αὐχένα
352 1506 383 1560 ἐκ
394 1503 444 1559 τοῦ
461 1500 589 1579 σχίζεται
601 1498 637 1558 τά
655 1498 786 1575 στόματα
797 1503 849 1559 τοῦ
857 1499 972 1580 Ἴστρου

174 1589 307 1670 ἐζεύγνυε.
349 1590 467 1664 Δαρεῖος
479 1588 508 1646 δὲ
522 1585 558 1650 ὥς
573 1586 656 1662 διέβη
667 1585 718 1645 τόν
734 1586 888 1665 Βόσπορον
901 1592 970 1649 κατά

174 1678 226 1751 τήν
239 1677 362 1755 σχεδίην,
376 1674 521 1752 ἐπορεύετο
534 1672 580 1734 διὰ
592 1679 643 1749 τῆς
655 1673 786 1751 Θρηίκης·
805 1674 971 1753 ἀπικόμενος

174 1763 204 1821 δὲ
224 1766 269 1822 ε’πὶ
288 1762 395 1841 Τεάρου
409 1765 538 1838 ποταμοῦ
560 1760 611 1825 τάς
632 1762 733 1842 πηγαῖς,
756 1766 971 1839 ἐστρατοπεδεύ

127 1855 165 1911 90
174 1877 246 1910 σατο
259 1851 363 1928 ἡμέρας
379 1853 462 1927 τρεῖς.
501 1849 537 1908 ‘0
551 1849 581 1909 δὲ
599 1850 703 1926 Τέαρος
718 1852 833 1931 λέγεται
849 1850 905 1912 ύπό
918 1858 971 1914 τῶν

173 1941 317 2014 περιοίκων
343 1939 412 1998 εἶναι
437 1941 569 2013 ποταμῶν
589 1935 712 2012 άριστος,
737 1937 826 1998 τότε
847 1938 926 1999 ἄλλα
945 1947 971 2004 ές

172 2025 269 2086 ἄκεσιν
296 2026 419 2103 φέροντα
445 2027 492 2084 καὶ
515 2025 549 2101 δή
572 2026 619 2084 καὶ
639 2023 759 2102 άνδράσι
785 2027 833 2085 καὶ
859 2029 969 2089 ἵπποισι

174 2114 270 2191 ψώρην
295 2114 462 2175 ἀκέσασθαι·
497 2113 553 2172 εἶσὶ
576 2112 609 2172 δὲ»
628 2111 717 2172 αὐτοῦ
735 2116 765 2172 αἱ
787 2116 879 2196 πηγαὶ
903 2118 971 2177 δυῶν

173 2204 286 2263 δέουσαι
297 2202 504 2279 τεσσεράκοντα
518 2207 548 2261 έκ
561 2201 663 2278 πέτρης
678 2204 729 2275 τῆς
746 2201 833 2278 αὐτῆς
845 2205 970 2280 ῥέουσαι·

174 2293 220 2351 καὶ
233 2295 262 2350 αἱ
274 2293 325 2368 μὲν
338 2290 440 2350 αὐτέων
454 2290 509 2348 εἶσὶ
523 2288 637 2367 ψυχραὶ,
651 2291 680 2347 αἱ
693 2288 723 2347 δὲ
738 2289 850 2366 θερμαί·
871 2291 971 2358 ὄδύςδ

175 2379 216 2438 ἐπ’
236 2379 319 2442 αὐτάς
335 2384 395 2437 ἐστι
416 2378 466 2452 ἴση
480 2378 511 2446 ἐξ
522 2377 640 2454 Ἡραίου
659 2401 691 2435 τε
710 2376 811 2441 πόλιος
830 2383 883 2456 τῆς
895 2381 971 2459 παρά

176 2468 299 2546 Περίνθῳ
325 2468 371 2525 καὶ
396 2466 428 2536 ἐξ
447 2464 641 2539 Ἀπολλωνίης
659 2468 710 2539 τῆς
737 2470 767 2525 ἐν
789 2470 829 2545 τῷ
850 2468 971 2550 Εὐξείνῳ

173 2555 280 2635 Πόντῳ,
295 2555 364 2614 δυῶν
377 2553 501 2634 ήμερέων
517 2553 641 2629 ἑκατέρη.
676 2552 779 2613 ἐκδιδοῖ
792 2554 823 2614 δὲ
836 2554 853 2615 ό
867 2559 971 2635 Τέαρος

173 2642 252 2707 οὗτος
273 2648 300 2706 ές
319 2641 369 2703 τόν
390 2640 585 2701 Κοντάδεσδον
604 2639 742 2717 ποταμόν·
772 2641 790 2702 ὁ
811 2643 841 2703 δὲ
862 2647 970 2706 Κοντά-

173 2732 278 2800 δεσδος,
300 2735 326 2793 ές
348 2730 397 2790 τόν
416 2727 576 2809 Ἀγριάνην·
610 2727 627 2788 ό
647 2727 677 2786 δὲ
696 2725 854 2809 Ἀγριάνης,
876 2737 905 2796 ἐς
922 2734 971 2794 τὸν

168 2820 286 2896 Ἕβρον·
307 2817 323 2877 ό
345 2818 383 2888 δὲ,
409 2822 436 2879 ές
459 2815 611 2876 θάλασσαν
632 2815 685 2891 την
706 2815 772 2893 παρ’
794 2819 870 2899 Αἴνῳ
892 2821 970 2882 πάλι.

128 2909 161 2967 91
171 2907 237 2967 Ἐπὶ
253 2910 352 2965 τοῦτον
371 2904 408 2965 ὧν
426 2902 475 2963 τόν
490 2903 618 2979 ποταμόν
636 2902 803 2981 άπικόμενος
820 2905 836 2966 ό
852 2914 971 2986 Δαρεῖος

174 2995 209 3058 ώς
236 2993 516 3072 ἐστρατοπεδεύσατο,
543 2991 641 3065 ἡσθεὶς
659 2996 699 3070 τῷ
721 2999 839 3073 ποταμῷ
860 2997 971 3074 στήλην

172 3084 279 3160 ἔστησε
298 3081 344 3140 καὶ
364 3081 489 3148 ἐνθαῦτα,
509 3077 662 3158 γράμματα
684 3079 827 3160 ἐγγράψας
849 3085 971 3164 λέγοντα

80 3190 90 3255 k
158 3171 238 3234 rafse-
276 3175 432 3233 κυκνον
453 3172 644 3229 nomm
663 3173 840 3228 κυοκκκι
858 3171 971 3233 ’γιον

146 3263 342 3329 ΑΡΙΣΤΟΝ
377 3267 430 3324 ΤΕ
466 3262 545 3320 Κλλ
575 3255 809 3315 mmmm
835 3261 984 3316 nmm-
