2040 3464
80 107 224 167 ιιι-ιιι]
371 107 597 156 ΜυΛΠοΜαΝΗ.
833 110 883 157 323

80 192 137 273 γάρ
158 191 193 267 δη
218 188 314 252 αύτόθι
338 192 512 267 Ἑλληνικῶν
535 194 605 254 θεῶν
627 193 682 272 ἱρά,
707 193 881 270 Ἑλληνικῶς

82 284 328 360 κατεσκευασμένα
361 282 512 363 άγάλμασί
540 309 572 342 τε
600 284 645 342 καὶ
675 285 802 359 βωμοῖσι
836 282 883 341 καὶ

82 376 177 448 νηοῖσι
190 373 336 441 ξυλίνοισι·
359 373 404 428 καὶ
424 375 462 449 τῷ
483 371 613 450 Διονύσῳ
633 370 804 447 τριετηρίδας
817 368 884 429 άνά·

82 486 175 540 γουσι,
199 460 244 518 καὶ
270 459 454 537 βακχεύουσι.
495 460 552 518 εἰσὶ
575 461 630 540 γάρ
654 462 681 517 οἱ
704 459 826 517 Γελωνοὶ
848 458 882 518 τό

83 548 201 627 ἀρχαῖον
209 547 358 622 Ἕλληνες·
373 552 402 604 ἐκ
415 552 469 606 τῶν
483 548 513 605 δέ
526 548 664 624 ἐμπορίων
677 545 884 616 ἐξαναστάντες,

84 638 203 712 οἴκησαν
225 641 254 695 ἐν
274 639 350 694 τοῖσι
371 634 541 694 Βουδίνοισι·
564 636 610 694 καὶ
633 634 754 715 γλώσσῃ
776 634 812 694 τά
833 637 885 711 μὲν

84 725 207 802 Σκυθικῇ
220 723 256 783 τά
266 723 295 782 δὲ
308 723 463 802 Ἑλληνικῇ
476 725 620 802 χρέωνται.
647 723 775 782 Βουδῖνοι
788 723 818 781 δὲ
832 723 864 782 ού
875 724 930 781 109

83 817 119 890 τῇ
139 810 209 890 αὐτῇ
229 812 352 892 γλώσσῃ
372 812 506 888 χρέωνται
527 812 572 870 καὶ
592 812 722 880 Γελωνοὶ,
736 809 801 869 ἀλλ’
822 809 885 870 οὐδὲ

84 900 176 958 δίαιτα
197 899 216 975 ἡ
239 899 318 975 αύπὴ·
340 903 367 958 οἱ
387 902 439 976 μὲν
460 899 516 980 γάρ
539 899 675 969 Βουδῖνοι,
693 899 783 962 ἐόντες
804 897 885 958 αύτό-

83 990 191 1066 χθονες,
204 986 321 1063 νομάδες
338 988 371 1047 τέ
386 991 441 1045 εἰσι
460 988 505 1045 καὶ
522 988 772 1069 φθειροτραγέουσι
786 991 886 1063 μοῦνοι

84 1080 140 1134 τῶν
159 1074 255 1154 ταύτῃ·
276 1075 398 1134 Γελωνοὶ
418 1075 455 1143 δέ,
476 1079 529 1154 γῆς
548 1100 578 1134 τε
599 1074 721 1155 ἐργάται,
743 1076 789 1133 καὶ
809 1101 886 1134 σιτο-

86 1163 183 1243 φάγοι,
198 1165 243 1222 καὶ
257 1163 361 1238 κήπους
375 1164 527 1238 ἐκτημένοι,
538 1162 616 1222 οὐδὲν
629 1163 681 1237 τὴν
695 1163 768 1238 ἰδέην
782 1163 883 1238 ὁμοῖοι,

85 1251 149 1310 ούδέ
161 1251 194 1310 τό
207 1255 315 1329 χρῶμα·
337 1250 391 1309 ύπδ
404 1251 499 1327 μέντοι
516 1250 661 1326 Ἑλλήνων
679 1253 826 1310 καλέονται
840 1252 885 1309 καὶ
949 1322 951 1326 y

86 1342 112 1397 οἱ
133 1340 262 1398 Βουδῖνοι
275 1340 404 1411 Γελωνοὶ,
421 1337 470 1396 ούκ
491 1337 580 1415 ὀρθῶς
602 1339 775 1414 καλεόμενοι.
816 1338 835 1414 ἡ
856 1338 886 1397 δὲ

85 1427 162 1506 χῶρη
183 1428 279 1501 σφέων
299 1426 380 1485 πᾶσά
401 1431 462 1484 ἐστι
483 1427 571 1501 δασέη
585 1427 661 1503 ἴδῃσι
675 1427 835 1502 παντοίῃσι·
856 1432 886 1485 ἐν

86 1514 115 1573 δὲ
137 1518 174 1593 τῇ
198 1515 242 1591 ἴδῃ
265 1518 300 1592 τῇ
323 1515 445 1592 πλείστῃ
467 1515 528 1572 ἐστὶ
549 1516 636 1590 λίμνη
656 1513 767 1593 μεγάλη
788 1540 819 1572 τε
839 1516 886 1574 καὶ

85 1602 190 1677 πολλή,
204 1603 251 1660 καὶ
265 1603 328 1665 ἕλος
343 1603 388 1659 καὶ
402 1603 529 1678 κάλαμος
541 1602 605 1678 περὶ
619 1601 714 1677 αύτήν·
736 1606 765 1661 ἐν
781 1601 810 1660 δὲ
822 1603 887 1660 ταύ-

65 1763 68 1769 ἢ
84 1717 120 1769 τῃ
131 1691 248 1766 ἐνύδριες
258 1690 431 1758 ἁλίσκονται,
442 1691 487 1747 καὶ
501 1690 643 1765 κάστορες,
658 1690 703 1749 καὶ
714 1689 791 1749 ἄλλα
804 1690 887 1767 θηρία

85 1777 388 1858 τετραγωνοπρόσωπα,
397 1782 452 1837 τῶν
464 1778 499 1836 τά
513 1779 635 1854 δέρματα
648 1778 712 1854 περὶ
724 1777 775 1840 τάς
788 1777 887 1855 σισύρ-

85 1891 134 1928 νας
147 1865 386 1942 παραρράπτεται·
408 1867 454 1924 καὶ
468 1869 494 1924 οἱ
508 1865 599 1945 ὄρχιες
616 1866 730 1925 αύτοῖσί
744 1869 800 1924 εἰσι
818 1865 887 1944 χρή-

85 1979 167 2029 σιμοι
181 1959 208 2015 ἐς
221 1953 359 2028 ὑστερέων
372 1952 479 2012 άκεσιν.

127 2041 328 2117 Σαυροματέων
342 2041 371 2098 δὲ
385 2042 449 2117 πέρι
464 2039 514 2100 ὧδε
528 2041 650 2121 λέγεται·
671 2040 718 2100 ὅτε
727 2041 866 2118 Ἕλληνες
877 2043 935 2101 110

85 2128 225 2205 Ἀμαζόσι
245 2129 430 2206 ἐμαχέσαντο,
445 2128 507 2208 (τάς
528 2129 557 2188 δὲ
576 2128 732 2206 Ἀμαζόνας
752 2132 886 2189 καλέουσι

86 2221 114 2276 οἱ
136 2217 241 2280 Σκύθαι
263 2215 419 2293 Οἰόρπατα·
441 2216 552 2276 δύναται
573 2218 601 2275 δὲ
621 2217 654 2276 τό
677 2216 781 2294 οὕνομα
804 2222 887 2277 τοῦτο

87 2306 158 2364 κατά
183 2304 310 2363 Ἑλλάδα
333 2308 472 2384 γλῶσσαν
495 2303 681 2381 ἀνδροκτόνοι·
714 2311 806 2363 ΟΙΟΡ
831 2305 888 2385 γάρ

87 2393 222 2451 καλέουσι
242 2392 292 2452 τόν
315 2391 409 2468 ἄνδρα,
430 2392 463 2451 τό
488 2393 517 2450 δὲ
539 2399 644 2450 ΠΑΤΑ
669 2393 804 2473 κτείνειν)
824 2392 889 2452 τότε

86 2481 181 2560 λόγος,
203 2479 268 2542 τούς
285 2479 437 2555 Ἕλληνας,
462 2479 629 2554 νικήσαντας
649 2506 685 2557 τῃ
707 2480 752 2537 ἐπὶ
775 2480 886 2558 Θερμαί-

86 2570 162 2629 δοντι
196 2568 284 2646 μάχῃ,
313 2568 467 2628 α’ποπλέειν
498 2566 617 2647 άγοντας
649 2567 727 2643 τρισὶ
760 2570 889 2628 πλοίοισι

85 2661 141 2717 τῶν
167 2656 328 2733 Ἀμαζόνων
351 2655 421 2719 ὅσας
443 2656 576 2731 ἠδυνέατο
600 2658 753 2736 ζωγρῆσαι·
787 2656 839 2718 τοὶς
860 2657 890 2716 δὲ

87 2750 117 2804 ἐν
143 2748 181 2823 τῷ
207 2744 324 2824 πελάγεϊ
352 2746 522 2820 ἐπιθεμένας,
546 2743 661 2822 ἐκκόψαι
688 2743 752 2805 τούς
778 2742 888 2820 ἄνδρας·

86 2838 176 2892 πλοῖα
203 2834 232 2891 δὲ
261 2833 293 2891 ού
327 2832 474 2911 γινιίσκειν
506 2831 599 2902 αύτάς,
629 2831 692 2890 ούδέ
722 2832 890 2907 πηδαλίοισι

86 2923 222 3002 χρῆσθαι,
252 2921 314 2979 οὐδὲ
344 2921 468 2990 ἱστίοισι,
499 2919 560 2978 οὐδὲ
590 2920 704 2998 εἰρεσίῃ·
736 2918 801 2977 ἀλλ’
831 2921 890 2979 ἐπεὶ

87 3011 224 3086 ἐξέκοψαν
250 3009 315 3071 τούς
341 3008 449 3086 ἄνδρας,
479 3008 613 3084 ἐφέροντο
641 3007 710 3065 κατά
738 3012 813 3083 κῦμα
845 3009 891 3066 καὶ

87 3097 200 3174 ἄνεμον·
230 3099 277 3156 καὶ
301 3097 477 3156 ἀπικνέονται
499 3101 550 3171 τῆς
572 3098 674 3173 λίμνης
697 3100 747 3171 τῆς
771 3096 891 3172 Μαιήτι-

87 3187 136 3248 δος
163 3187 209 3244 ἐπὶ
237 3186 395 3261 Κρημνούς·
427 3187 454 3245 οἱ
479 3184 510 3244 δὲ
532 3185 667 3264 Κρημνοὶ
690 3186 751 3243 εἰσλ
771 3188 830 3263 ηῖγς
850 3189 909 3252 «ἧς

80 3274 214 3333 Σκυθέων
225 3276 282 3334 τῶν
295 3275 462 3355 ἐλευθέρων·
477 3275 606 3338 ἐνθαῶτα
619 3273 783 3351 ἆποβῶσαι
797 3268 858 3326 {mh
871 3268 930 3322 πῶυ
993 3290 1002 3361 η
