2040 3464
129 97 158 142 ιι
252 149 261 159 ,
425 97 607 144 ἀτοαοιοτ
652 106 655 111 >
892 93 927 156 [1.

128 178 177 232 τοῦ
187 178 254 249 νηοῦ
265 175 390 251 σχοινίον
403 180 430 237 ἐς
442 175 475 233 τὸ
488 177 588 251 τεῖχος·
607 173 668 232 ἐστι
681 172 710 231 δὲ
722 171 825 249 μεταξτί
836 176 885 246 τῆς
897 196 928 233 τε

128 266 250 335 παλαιῆς
268 260 402 335 πόλιοςῆ
423 260 486 321 τότε
507 261 698 336 ἐπολιορκέετο
720 261 831 317 καὶτοῦ
852 263 929 335 νηοῦ,

129 347 197 407 ἑπτά
210 347 328 407 στάδιοι.
369 347 504 424 πρώτοισι
516 351 567 424 μὲν
581 347 614 422 δή
627 347 751 406 τούτοισι
765 346 929 424 ἐπεχείρησε

128 435 145 496 ὁ
160 439 291 510 Κροῖσος·
308 434 379 512 μετὰ
392 436 429 505 δὲ,
444 441 472 495 ἐν
484 438 561 511 μέρει
575 435 718 494 ἑκάστοισι
730 433 826 492 Ἰώνων
838 459 869 492 τε
882 434 929 492 καὶ

129 525 260 592 Αἰολέων,
281 522 399 583 ἄλλοισι
418 521 509 586 ἄλλας
529 523 616 586 αἰτίας
637 522 782 598 ἐπιφέρων·
802 524 858 582 τῶν
877 523 929 597 μὲν

129 610 240 671 ἐδύνατο
256 612 372 687 μέζονας
387 611 588 688 παρευρίσκειν,
605 611 707 687 μέζονα
726 608 929 683 ἐπαιτιώμενος,

81 701 118 762 27
128 701 203 757 τοῖσι
217 699 246 756 δὲ
259 698 347 758 αὐτῶν
360 699 406 757 καὶ
420 702 517 774 φαῦλα
534 699 679 774 ἐπιφέρων.
720 695 768 758 Ὠς
785 696 813 754 δὲ
831 694 884 771 ἄρα
900 699 929 756 αἶ

128 790 201 864 ἐντῇ
212 785 295 864 Ἀσίη
304 784 443 861 Ἕλληνες
453 786 666 861 κατεστράφατο
680 789 706 846 ἐς
719 783 808 860 φόρου
818 783 928 863 ἀπαγω-

126 873 188 954 γήν,
199 872 232 932 τὸ
245 875 368 932 ἐνθεῦτεν
379 871 487 932 ἐπενόεε
499 875 560 936 νέας
570 871 757 948 ποιησάμενος
768 872 928 948 ἐπιχειρέειν
953 882 961 901 '

127 965 203 1020 τοῖσι
216 959 378 1038 νησιώτῃσι·
398 958 495 1019 ἐόντων
508 960 539 1018 δέ
551 963 577 1019 οἰ
589 959 697 1018 πάντων
711 959 824 1035 ἑτοίμων
837 963 865 1020 ἐς
876 958 928 1032 τήν

127 1049 288 1128 ναυπηγίην,
303 1051 393 1122 οἱμὲν
407 1048 510 1106 Βίαντα
527 1048 644 1127 λέγουσι
661 1046 710 1105 τόν
723 1046 847 1122 Πριηνέα
864 1043 927 1103 α’πι-

129 1135 244 1212 κόμενον
262 1139 289 1197 ἐς
302 1133 402 1211 Σάρδις
418 1137 445 1193 οἱ
458 1135 487 1192 δὲ
504 1133 644 1193 Πιττακόν
661 1133 710 1192 τόν
726 1135 926 1207 Μυτιληναῖον,

129 1223 268 1299 εἰρομένου
280 1222 405 1298 Κροίσου
419 1222 482 1281 εἴτι
494 1223 534 1297 εἴη
543 1222 672 1298 νεώτερον
685 1220 748 1297 περὶ
760 1219 811 1294 τήν
823 1219 927 1278 Ἑλλά-

128 1310 171 1379 δα,
195 1308 306 1369 εἰπόντα
331 1309 396 1369 τάδε
423 1313 599 1368 καταπαῦσαι
624 1307 675 1383 τήν
697 1307 860 1386 ναυπηγίην·
884 1306 927 1366 “ὦ

128 1399 260 1472 βασιλεῦ,
286 1401 419 1473 νησιῶται
446 1396 530 1457 ἵππον
560 1396 739 1456 συνωνέονται
763 1395 871 1471 μυρίην,
899 1399 926 1457 ἐς

129 1485 228 1562 Σάρδις
245 1511 276 1544 τε
293 1486 339 1543 καὶ
357 1485 402 1543 ἐπὶ
418 1487 453 1543 σέ
470 1485 578 1563 ἔχοντες
597 1489 626 1544 ἐν
644 1487 680 1562 νῷ
697 1481 926 1558 στρατεύεσθαι·”

127 1577 253 1648 Κροῖσον
266 1572 295 1631 δὲ
313 1574 467 1632 ἐλπίσαντα
480 1573 573 1652 λέγειν
590 1575 692 1630 ἐκεῖνον
708 1569 815 1644 άληθέα
830 1573 925 1629 εἰπεῖν·

127 1658 179 1717 *ἀί
195 1660 250 1739 γάρ
267 1663 349 1718 τοῦτο
368 1660 427 1719 θεοὶ
446 1658 593 1734 ποιήσειαν
614 1658 659 1717 ἐπὶ
679 1655 743 1717 νόον
763 1655 925 1735 νησιώτῃσι,

128 1747 220 1806 ἐλθεῖν
233 1747 278 1804 ἐπὶ
295 1747 391 1806 Λυδῶν
404 1747 503 1808 παῖδας
520 1746 573 1806 σιίν
587 1744 723 1804 ἶπποισι·”
742 1743 791 1804 τόν
809 1744 839 1802 δέ
855 1744 925 1803 ιίπο-

126 1834 255 1909 λαβόντα
269 1832 364 1908 φάναι·
386 1833 428 1892 “ὦ
445 1835 578 1908 βασιλεῦ,
591 1831 738 1910 προθύμως
752 1857 801 1908 μοι
815 1833 926 1906 φαίνεαι

128 1920 261 1990 εὔξασθαι
278 1920 414 1996 νησιώτας
433 1922 629 1997 ἱππευομένους
649 1922 751 1996 λαβεῖν
769 1925 798 1979 ἐν
813 1919 924 1999 ήπείρῳ,

127 2006 222 2068 οἰκότα
242 2009 367 2078 ἐλπίζων·
391 2008 527 2084 νησιώτας
548 2009 578 2066 δέ
599 2010 629 2067 τί
647 2008 748 2070 δοκέεις
767 2005 923 2088 [εὔχεσθαι]

127 2093 209 2166 ἄλλο,
222 2093 273 2176 [ἐμ]
284 2096 345 2153 ἐπεί
354 2122 385 2155 τε
397 2095 519 2174 τάχιστα
533 2095 666 2156 ἐπύθοντό
677 2121 712 2154 σε
724 2096 867 2172 μέλλοντα
880 2097 925 2153 ἐπὶ

127 2183 215 2259 σφίσι
227 2185 431 2264 ναυπηγέεσθαι
444 2185 513 2253 νέας,
525 2184 627 2259 λαβεῖν
637 2181 772 2260 άρώμενοι
781 2181 886 2244 Λυδοιίς
896 2187 925 2241 ἐν

127 2270 270 2350 θαλάσση,
295 2270 338 2329 ἵνα
362 2270 431 2347 ὑπὲρ
453 2275 507 2330 τῶν
535 2276 564 2331 ἐν
590 2275 626 2349 τῇ
648 2269 750 2348 ἠπείρῳ
777 2270 925 2344 οἰκημένων

125 2355 269 2433 Ἑλλήνων
291 2357 424 2417 τίσωνταί
444 2383 487 2427 σε,
509 2358 574 2421 τούς
597 2357 634 2416 σι)
658 2356 802 2420 δουλώσας
824 2356 924 2434 ἐχεις;”

128 2444 214 2521 κάρτα
225 2470 256 2504 τε
265 2444 387 2519 η’σθῆναι
400 2449 526 2522 Κροῖσον
538 2450 576 2524 τῷ
589 2444 717 2525 ἐπιλόγῳ,
729 2445 777 2503 καί
788 2448 814 2504 οἱ
825 2446 924 2522 (προσ-

127 2532 216 2608 φυέως
231 2532 285 2612 γάρ
304 2531 381 2600 &stat
398 2533 502 2613 λέγειν)
515 2531 678 2608 πειθόμενον
696 2531 859 2591 παύσασθαι
875 2534 924 2594 τίς

126 2621 287 2700 ναυπηγίης·
311 2620 357 2677 καὶ
377 2619 446 2679 οὕτω
466 2624 542 2679 τοῖσι
562 2619 611 2682 τοὶς
631 2618 733 2694 νήσους
753 2617 924 2695 οἰκημένοισι

120 2705 201 2766 Ἴωσι
214 2707 314 2782 ξεινίην
327 2706 507 2781 συνεθήκατο.

79 2795 116 2854 28
166 2793 275 2870 Χρόνου
288 2794 318 2852 δὲ
332 2796 528 2874 ἐπιγινομένου,
540 2794 585 2851 καὶ
599 2792 846 2870 κατεστραμμένων
857 2818 921 2871 σχε-

125 2880 173 2940 δόν
195 2879 303 2939 πάντων
324 2885 379 2939 τῶν
400 2880 475 2943 ἐντός
492 2881 598 2944 ’Άλυος
618 2884 744 2956 ποταμοῦ
766 2881 923 2955 οἰκημένων·

125 2967 201 3043 πλήν
217 2967 272 3048 γοίρ
291 2968 414 3027 Κιλίκων
431 2968 476 3026 καὶ
491 2969 607 3037 Λυκίων,
620 2967 684 3030 τούς
697 2966 802 3030 ἅλλους
819 2966 922 3028 πάντας

125 3054 169 3112 ὐπ’
184 3058 272 3132 ἑωυτῷ
289 3054 347 3132 εἶχε
365 3054 653 3133 καταστρεψάμενοςό
671 3058 804 3131 Κροῖσος·
825 3054 881 3112 εἰσί
893 3053 921 3114 δέ

114 3141 181 3203 offic,
195 3140 292 3209 Λυδοὶ,
312 3140 425 3221 Φρύγες,
444 3142 551 3212 Μυσοὶ,
567 3142 762 3219 Μαριανδυνοὶ,
780 3139 921 3214 Χάλυβες,

93 3222 307 3301 ῙῙαρᾸανὸνέςι
319 3227 451 3305 Θρήὶλες,
464 3233 491 3292 οἱ
500 3230 591 3292 Θυνοί
596 3254 629 3291 τε
641 3229 687 3290 καὶ
695 3227 932 3302 Βιθυνιίιλζῖιρες
