2040 3464
148 108 196 154 ιιι
241 92 245 99 ’
456 111 636 161 ·ιιι>οιοτοτ
893 113 942 176 [11.

147 187 296 246 ἐσοδον”
262 216 326 248 ουτε
344 191 454 250 ἔκδυσιν
472 190 631 267 οὐδεμίαν
618 217 691 269 εχον·
712 189 899 267 ἀπορεύμενον
914 189 942 250 δέ

145 298 194 349 μιν
213 275 279 335 τάδε
298 282 427 353 ποιῆσαι
451 283 500 336 τοῦ
521 278 614 353 φωρός
633 278 683 337 τῶν
703 277 783 337 νέκυν
804 278 874 336 κατοὶ
893 283 942 338 τοῦ

145 360 252 439 τείχεος
265 365 484 442 κατακρεμάσαι
506 365 650 440 φυλάκους
664 365 693 425 δὲ
706 364 791 424 αὐτοῦ
805 367 942 442 καταστή-

143 470 243 519 (ταντα,
254 453 433 512 ἐντείλασθαι
440 460 496 528 σφι
505 453 554 512 τῶν
563 450 630 512 άνῖδ
616 453 714 512 δωνται
722 451 941 514 ἀποκλαύσαντα

145 533 164 610 ἢ
180 540 425 617 κατοικτισάμενον
439 539 674 616 συλλαβόντας”
655 566 733 620 αγειν
746 540 817 617 πρδς
832 541 938 601 ἐωυτον·

148 623 374 704 ἀνακρεμαμένου
398 629 428 686 δὲ
450 633 499 688 τοῦ
523 628 625 698 νέκυος,
646 628 698 702 την
720 627 828 704 μητέρα
850 628 940 693 δεινῶς

145 713 249 790 φέρειν,
265 716 368 795 λόγους
386 717 415 774 δὲ
434 716 504 793 πρδς
520 715 570 775 τῶν
585 714 729 792 περιεόντα
746 716 833 774 παῖδα
850 742 940 777 ποιευ-

145 801 238 877 μένην,
249 803 444 880 προστάσσειν
457 802 529 882 αὐτῷ
542 803 609 883 ὅτεῳ
619 801 712 881 τρόπῳ
726 801 838 863 δύναται
850 830 940 883 μηχα-

145 891 248 949 νᾶσθαι
274 891 342 954 ὅκως
367 891 400 951 τό
427 896 510 969 σῶμα
536 896 586 951 τοῦ
613 891 753 967 ἀδελφεοῦ
780 892 941 956 καταλύσας

145 983 244 1053 κομιεῖ·
272 983 296 1038 εἰ
315 980 345 1039 δὲ
364 978 467 1039 τούτων
488 979 633 1056 άμελήσει,
655 978 821 1038 διαπειλέειν
845 979 939 1056 αύτην,

146 1062 181 1127 ῶς
195 1068 319 1126 ἐλθοῦσα
331 1069 402 1145 πρός
414 1067 463 1126 τῶν
472 1066 602 1143 βασιλέα
614 1067 733 1142 μηνύσει
746 1065 830 1126 αύτδν
840 1069 940 1147 ἔχοντα

117 1160 120 1165 ’
145 1151 182 1211 τά
199 1155 339 1231 χρήματα·
361 1155 396 1218 ῶς
416 1156 445 1214 δὲ
463 1160 593 1234 χαλεπῶς
611 1154 788 1231 ἐλαμβάνετο
807 1153 826 1229 ἦ
846 1154 939 1232 μήτηρ

145 1246 196 1299 τοῦ
208 1243 365 1318 περιεόντος
377 1243 483 1312 παιδός,
498 1244 544 1301 καὶ
557 1242 654 1301 πολλὰ
666 1240 736 1318 πρός
752 1241 837 1317 αύτην
849 1243 940 1323 λέγων

145 1328 194 1386 ούκ
211 1332 308 1400 ἔπειθε,
324 1327 562 1441 ἐπιτεχνήσασθαι
576 1330 670 1389 τοιάδε
685 1356 742 1406 μιν·
763 1327 842 1392 ὅνους
857 1357 938 1390 κατα-

145 1420 355 1495 σκευασάμενον
368 1422 413 1478 καὶ
426 1419 531 1482 άσκούς
543 1418 735 1493 πλησαντα*
707 1443 790 1486 οινου,
804 1419 938 1478 ἐπιθεῖναι

146 1509 190 1562 ἐπι
181 1506 284 1567 τῶν”
269 1535 337 1568 ονων
351 1510 397 1566 καὶ
410 1509 504 1566 ἔπειτα
517 1506 641 1565 ἐλαύνειν
650 1504 759 1569 αύτούς·
776 1504 812 1568 ῶς
824 1505 854 1564 δὲ
867 1509 939 1566 κατά

145 1594 209 1656 τούς
232 1595 471 1671 φυλάσσοντας
453 1622 488 1670 ην
510 1595 560 1654 τδν
580 1593 750 1670 κρεμάμενον
772 1593 858 1664 νέκυν,
880 1600 937 1653 ἐπι·

144 1681 296 1742 σπάσαντα
303 1689 357 1743 τῶν
363 1683 456 1743 άσκῶν
463 1685 511 1742 δύο
519 1680 536 1758 ἢ
544 1686 617 1758 τρεῖς
624 1682 761 1743 ποδεῶνας
770 1680 853 1740 αύτόν
861 1682 937 1743 λύειν

145 1767 331 1847 α’παμμένους·
352 1771 388 1833 ῶς
405 1772 433 1830 δέ
452 1773 526 1847 ἔρρεε
544 1770 559 1828 6
579 1770 659 1838 οἶνος,
673 1769 724 1844 τὴν
741 1769 870 1843 κεφαλήν
888 1796 937 1845 μιν

146 1856 298 1917 κόπτεσθαι
307 1859 419 1938 μεγάλα
428 1860 549 1933 βοῶντα,
559 1856 593 1920 ῶς
602 1856 650 1915 ούκ
660 1857 758 1934 έχοντα
766 1856 837 1932 πρός
844 1856 937 1917 ὁκοῖον

144 1947 199 2004 τῶν
218 1944 287 2004 ὄνων
306 1951 415 2022 πρῶτον
434 1945 582 2022 τράπηται·
602 1944 666 2006 τούς
686 1945 716 2002 δὲ
736 1942 880 2017 φυλάκους
901 1945 936 2007 ῶς

146 2032 211 2091 ἰδεῖν
224 2034 315 2092 πολύν
327 2034 426 2110 ῥέοντα
438 2034 488 2092 τῶν
501 2034 583 2102 οἶνον,
594 2030 754 2110 συντρέχειν
768 2036 795 2094 ἐς
807 2031 858 2106 τὴν
871 2032 936 2092 ὁδόν

144 2118 247 2200 α’γγήϊα
264 2123 376 2198 ἔχοντας
392 2120 501 2180 καὶτῶν
516 2119 695 2198 ἐκκεχυμένον
712 2119 786 2177 οἶνον
801 2121 935 2199 συγκομί-

144 2209 200 2278 ζειν
221 2213 250 2268 ἐν
268 2210 357 2284 κέρδεϊ
376 2209 561 2286 ποιευμένους,
579 2207 629 2267 τῶν
646 2208 675 2265 δὲ
696 2207 934 2282 διαλοιδορέεσθαι

145 2301 225 2366 πᾶσι,
249 2297 336 2377 ὀργήν
359 2295 605 2375 προσποιεύμενον·
631 2293 883 2370 παραμυθευμένων
906 2295 934 2354 δέ

144 2383 227 2444 αύτὸν
246 2389 300 2444 τῶν
322 2384 463 2460 φυλάκων,
483 2382 573 2489 χρόνῳ
593 2381 766 2458 πρηύνεσθαι
784 2383 935 2458 προσποιέ·

144 2473 226 2531 εσθαι
246 2498 291 2530 και
281 2472 497 2531 ὖπίεσθαι
461 2497 512 2546 της
531 2470 625 2551 ὀργῆς·
645 2469 728 2530 τέλος
748 2469 785 2537 δὲ,
803 2469 935 2537 ἐξελάσαι

144 2559 228 2620 αύτδν
240 2559 304 2623 τούς
316 2560 395 2623 ὄνους
408 2563 485 2617 ἐκ
449 2585 500 2634 της
512 2558 586 2628 ὁδοῦ,
600 2557 646 2616 καὶ
659 2556 880 2626 κατασκευάζειν·
901 2557 936 2620 ῶς

143 2647 173 2706 δὲ
185 2647 287 2729 λόγους
296 2673 328 2706 τε
337 2647 450 2709 πλείους
460 2647 627 2727 ἐγγινεσθαι,
638 2644 686 2702 καί
696 2669 758 2702 τινα
768 2643 814 2702 καὶ
823 2644 936 2722 σκῶψαύ

143 2761 191 2809 μιν
207 2738 252 2794 καὶ
270 2741 298 2798 ἐς
312 2735 422 2816 γέλωτα
436 2732 661 2842 προαγαγέσθαι,
672 2731 811 2790 ἐπιδοῦναι
824 2731 936 2792 αὐτοῖσι

143 2829 197 2884 τῶν
214 2823 308 2883 άσκων
328 2824 383 2880 ἐνα·
403 2823 468 2885 τούς
485 2821 565 2880 δὲ’
531 2825 623 2889 αυτοῦ,
641 2819 735 2931 ὥσπερ
754 2819 838 2898 εἶχον,
854 2846 936 2880 κατα·

143 2911 286 2973 κλιθέντας
306 2912 394 2969 πίνειν
410 2909 591 2978 διανοέεσθαι,
609 2909 654 2965 καὶ
670 2911 772 2967 ἐκεῖνον
787 2912 935 3017 παραλαμ-

142 2999 240 3076 βάνειν
254 3025 299 3056 και
289 2998 433 3056 κελεύειν
445 2995 503 3073 μετ’
518 2999 622 3054 ἑωυτῶν
634 3021 766 3070 μειναντα
779 2995 935 3071 συμπίνειν·

134 3089 188 3146 τόν
207 3087 240 3145 δέ
258 3086 412 3161 πεισθῆναι
428 3109 459 3144 τε
479 3083 513 3159 δη
531 3083 577 3141 καὶ
597 3085 767 3159 καταμεῖναι·
788 3081 824 3144 ῶς
838 3083 870 3143 δέ
887 3106 935 3158 pm

120 3172 205 3248 παρά
226 3174 281 3251 τήν
301 3175 392 3236 πόσιν
414 3170 600 3252 φιλοφρόνως
615 3168 787 3247 ἠσπάζοντο,
800 3170 938 3230 ἐπιδοῦναι

104 3257 235 3321 αύτυΐσι
249 3263 304 3323 καὶ
322 3263 423 3327 ἄλλον
439 3266 502 3327 τῶν
518 3261 626 3324 ἀσκῶν·
648 3254 769 3336 δαψιλέι
780 3255 816 3313 δε
829 3257 870 3328 εἰη
879 3255 957 3328 wa}
