<?xml version="1.0" encoding="UTF-8"?>
<!DOCTYPE html PUBLIC "-//W3C//DTD XHTML 1.0 Transitional//EN"
    "http://www.w3.org/TR/xhtml1/DTD/xhtml1-transitional.dtd">
<html xmlns="http://www.w3.org/1999/xhtml" xml:lang="en" lang="en">
 <head>
  <title>
</title>
<meta http-equiv="Content-Type" content="text/html;charset=utf-8" />
  <meta name='ocr-system' content='tesseract 3.04.00' />
  <meta name='ocr-capabilities' content='ocr_page ocr_carea ocr_par ocr_line ocrx_word'/>
</head>
<body>
  <div class='ocr_page' id='page_1' title='image "./recensuitjoseph00herogoog_0152.png"; bbox 0 0 2040 3464; ppageno 0'>
   <div class='ocr_carea' id='block_1_1' title="bbox 40 104 956 3258">
    <p class='ocr_par' dir='ltr' id='par_1_1' title="bbox 78 104 926 2108">
     <span class='ocr_line' id='line_1_1' title="bbox 80 104 878 164; baseline -0.003 -6"><span class='ocrx_word' id='word_1_1' title='bbox 80 104 189 164; x_wconf 73' lang='grc'><strong>37-40]</strong></span> <span class='ocrx_word' id='word_1_2' title='bbox 417 108 579 155; x_wconf 74' lang='grc' dir='ltr'><strong>ΕΎΤΕΡΠΗ.</strong></span> <span class='ocrx_word' id='word_1_3' title='bbox 831 107 878 156; x_wconf 69' lang='grc'>127</span> 
     </span>
     <span class='ocr_line' id='line_1_2' title="bbox 78 185 880 266; baseline -0.005 -20"><span class='ocrx_word' id='word_1_4' title='bbox 78 185 248 266; x_wconf 77' lang='grc' dir='ltr'>τεταγμένος</span> <span class='ocrx_word' id='word_1_5' title='bbox 265 190 320 246; x_wconf 83' lang='grc' dir='ltr'>τῶν</span> <span class='ocrx_word' id='word_1_6' title='bbox 340 211 382 250; x_wconf 90' lang='grc' dir='ltr'>τις</span> <span class='ocrx_word' id='word_1_7' title='bbox 404 187 490 262; x_wconf 79' lang='grc' dir='ltr'>ἱρέων,</span> <span class='ocrx_word' id='word_1_8' title='bbox 510 187 556 245; x_wconf 86' lang='grc' dir='ltr'>καὶ</span> <span class='ocrx_word' id='word_1_9' title='bbox 577 185 663 262; x_wconf 84' lang='grc' dir='ltr'>ὀρθοῦ</span> <span class='ocrx_word' id='word_1_10' title='bbox 680 188 813 247; x_wconf 70' lang='grc' dir='ltr'>ἐστιάλτος</span> <span class='ocrx_word' id='word_1_11' title='bbox 829 187 880 243; x_wconf 84' lang='grc' dir='ltr'>τοῦ</span> 
     </span>
     <span class='ocr_line' id='line_1_3' title="bbox 80 271 881 354; baseline -0.004 -22"><span class='ocrx_word' id='word_1_12' title='bbox 80 273 194 347; x_wconf 78' lang='grc' dir='ltr'>κτήνεος</span> <span class='ocrx_word' id='word_1_13' title='bbox 212 275 258 332; x_wconf 90' lang='grc' dir='ltr'>καὶ</span> <span class='ocrx_word' id='word_1_14' title='bbox 276 273 383 343; x_wconf 72' lang='grc' dir='ltr'>ὑπτίου,</span> <span class='ocrx_word' id='word_1_15' title='bbox 402 275 448 332; x_wconf 83' lang='grc' dir='ltr'>καὶ</span> <span class='ocrx_word' id='word_1_16' title='bbox 466 273 518 348; x_wconf 80' lang='grc' dir='ltr'>τήν</span> <span class='ocrx_word' id='word_1_17' title='bbox 535 277 674 354; x_wconf 81' lang='grc' dir='ltr'>γλῶσσαν</span> <span class='ocrx_word' id='word_1_18' title='bbox 693 271 881 347; x_wconf 81' lang='grc' dir='ltr'>ἐξειρύσας,’</span> <span class='ocrx_word' id='word_1_19' title='bbox 857 296 881 330; x_wconf 84' lang='grc' dir='ltr'>ει</span> 
     </span>
     <span class='ocr_line' id='line_1_4' title="bbox 80 357 880 439; baseline -0.003 -21"><span class='ocrx_word' id='word_1_20' title='bbox 80 359 189 438; x_wconf 80' lang='grc' dir='ltr'>καθαρῆ</span> <span class='ocrx_word' id='word_1_21' title='bbox 203 364 258 421; x_wconf 81' lang='grc' dir='ltr'>τῶν</span> <span class='ocrx_word' id='word_1_22' title='bbox 276 362 463 438; x_wconf 76' lang='grc' dir='ltr'>προκειμένων</span> <span class='ocrx_word' id='word_1_23' title='bbox 481 361 616 437; x_wconf 84' lang='grc' dir='ltr'>σημηίων,</span> <span class='ocrx_word' id='word_1_24' title='bbox 630 386 666 418; x_wconf 90' lang='grc' dir='ltr'>τα</span> <span class='ocrx_word' id='word_1_25' title='bbox 656 359 739 439; x_wconf 80' lang='grc' dir='ltr'>ἐγῶ</span> <span class='ocrx_word' id='word_1_26' title='bbox 755 364 784 418; x_wconf 94' lang='grc' dir='ltr'>ἐν</span> <span class='ocrx_word' id='word_1_27' title='bbox 800 357 880 437; x_wconf 84' lang='grc' dir='ltr'>ἅλλῳ</span> 
     </span>
     <span class='ocr_line' id='line_1_5' title="bbox 79 446 881 553; baseline -0.002 -47"><span class='ocrx_word' id='word_1_28' title='bbox 79 447 157 528; x_wconf 80' lang='grc' dir='ltr'>λόγῳ</span> <span class='ocrx_word' id='word_1_29' title='bbox 173 449 248 524; x_wconf 87' lang='grc' dir='ltr'>ἐρέω·</span> <span class='ocrx_word' id='word_1_30' title='bbox 270 452 375 528; x_wconf 76' lang='grc' dir='ltr'>κατορᾷ</span> <span class='ocrx_word' id='word_1_31' title='bbox 392 449 421 507; x_wconf 86' lang='grc' dir='ltr'>δὲ</span> <span class='ocrx_word' id='word_1_32' title='bbox 440 448 553 512; x_wconf 74' lang='grc' dir='ltr'>καὶτοῖς</span> <span class='ocrx_word' id='word_1_33' title='bbox 569 449 668 526; x_wconf 83' lang='grc' dir='ltr'>τρίχας</span> <span class='ocrx_word' id='word_1_34' title='bbox 684 452 735 522; x_wconf 82' lang='grc' dir='ltr'>τῆς</span> <span class='ocrx_word' id='word_1_35' title='bbox 751 446 841 553; x_wconf 76' lang='grc' dir='ltr'>οήρῆς,</span> <span class='ocrx_word' id='word_1_36' title='bbox 857 449 881 505; x_wconf 83' lang='grc' dir='ltr'>εί</span> 
     </span>
     <span class='ocr_line' id='line_1_6' title="bbox 80 534 880 615; baseline -0.003 -21"><span class='ocrx_word' id='word_1_37' title='bbox 80 535 254 612; x_wconf 80' lang='grc' dir='ltr'>κατὰφύσιν</span> <span class='ocrx_word' id='word_1_38' title='bbox 270 537 328 615; x_wconf 83' lang='grc' dir='ltr'>ἔχει</span> <span class='ocrx_word' id='word_1_39' title='bbox 342 534 544 611; x_wconf 80' lang='grc' dir='ltr'>πεφυκυίας·</span> <span class='ocrx_word' id='word_1_40' title='bbox 527 562 562 612; x_wconf 90' lang='grc' dir='ltr'>ην</span> <span class='ocrx_word' id='word_1_41' title='bbox 578 536 607 594; x_wconf 85' lang='grc' dir='ltr'>δὲ</span> <span class='ocrx_word' id='word_1_42' title='bbox 622 561 726 594; x_wconf 90' lang='grc' dir='ltr'>τουτων</span> <span class='ocrx_word' id='word_1_43' title='bbox 738 532 880 613; x_wconf 76' lang='grc' dir='ltr'>πάντωνῇ</span> 
     </span>
     <span class='ocr_line' id='line_1_7' title="bbox 80 623 879 702; baseline 0 -21"><span class='ocrx_word' id='word_1_44' title='bbox 80 623 209 699; x_wconf 76' lang='grc' dir='ltr'>καθαράς,</span> <span class='ocrx_word' id='word_1_45' title='bbox 220 624 388 700; x_wconf 87' lang='grc' dir='ltr'>σημαίνεται</span> <span class='ocrx_word' id='word_1_46' title='bbox 400 623 506 702; x_wconf 80' lang='grc' dir='ltr'>βύβλῳ</span> <span class='ocrx_word' id='word_1_47' title='bbox 515 624 580 700; x_wconf 90' lang='grc' dir='ltr'>περὶ</span> <span class='ocrx_word' id='word_1_48' title='bbox 593 623 629 682; x_wconf 81' lang='grc' dir='ltr'>τά</span> <span class='ocrx_word' id='word_1_49' title='bbox 643 624 723 700; x_wconf 90' lang='grc' dir='ltr'>κέρεα</span> <span class='ocrx_word' id='word_1_50' title='bbox 736 623 879 681; x_wconf 79' lang='grc' dir='ltr'>εἱλίσσων·</span> 
     </span>
     <span class='ocr_line' id='line_1_8' title="bbox 80 709 880 792; baseline 0.001 -25"><span class='ocrx_word' id='word_1_51' title='bbox 80 711 127 768; x_wconf 90' lang='grc' dir='ltr'>καὶ</span> <span class='ocrx_word' id='word_1_52' title='bbox 151 711 246 770; x_wconf 80' lang='grc' dir='ltr'>ἔπειτα</span> <span class='ocrx_word' id='word_1_53' title='bbox 266 714 321 792; x_wconf 81' lang='grc' dir='ltr'>γῆν</span> <span class='ocrx_word' id='word_1_54' title='bbox 341 713 517 787; x_wconf 83' lang='grc' dir='ltr'>σημαντρίδα</span> <span class='ocrx_word' id='word_1_55' title='bbox 538 711 705 780; x_wconf 90' lang='grc' dir='ltr'>ἐπιπλάσας,</span> <span class='ocrx_word' id='word_1_56' title='bbox 728 709 880 785; x_wconf 78' lang='grc' dir='ltr'>ἐπιβάλλει</span> 
     </span>
     <span class='ocr_line' id='line_1_9' title="bbox 78 796 881 880; baseline -0.001 -24"><span class='ocrx_word' id='word_1_57' title='bbox 78 796 130 857; x_wconf 81' lang='grc' dir='ltr'>τάν</span> <span class='ocrx_word' id='word_1_58' title='bbox 146 797 304 858; x_wconf 79' lang='grc' dir='ltr'>δακτύλιον·</span> <span class='ocrx_word' id='word_1_59' title='bbox 326 799 372 856; x_wconf 85' lang='grc' dir='ltr'>καὶ</span> <span class='ocrx_word' id='word_1_60' title='bbox 393 797 462 858; x_wconf 83' lang='grc' dir='ltr'>οὕτω</span> <span class='ocrx_word' id='word_1_61' title='bbox 481 798 634 880; x_wconf 86' lang='grc' dir='ltr'>ἀπάγουσι.</span> <span class='ocrx_word' id='word_1_62' title='bbox 668 797 831 873; x_wconf 79' lang='grc' dir='ltr'>ἀσήμαντον</span> <span class='ocrx_word' id='word_1_63' title='bbox 851 797 881 856; x_wconf 80' lang='grc' dir='ltr'>δὲ</span> 
     </span>
     <span class='ocr_line' id='line_1_10' title="bbox 80 885 880 963; baseline -0.003 -19"><span class='ocrx_word' id='word_1_64' title='bbox 80 885 197 946; x_wconf 80' lang='grc' dir='ltr'>θύσαντι</span> <span class='ocrx_word' id='word_1_65' title='bbox 224 886 342 950; x_wconf 86' lang='grc' dir='ltr'>θάνατος</span> <span class='ocrx_word' id='word_1_66' title='bbox 363 886 382 962; x_wconf 86' lang='grc' dir='ltr'>ή</span> <span class='ocrx_word' id='word_1_67' title='bbox 406 888 490 963; x_wconf 83' lang='grc' dir='ltr'>ζημίη</span> <span class='ocrx_word' id='word_1_68' title='bbox 518 888 663 946; x_wconf 87' lang='grc' dir='ltr'>ἐπικέεται.</span> <span class='ocrx_word' id='word_1_69' title='bbox 704 885 880 961; x_wconf 83' lang='grc' dir='ltr'>δοκιμάζεται</span> 
     </span>
     <span class='ocr_line' id='line_1_11' title="bbox 79 973 880 1055; baseline -0.002 -22"><span class='ocrx_word' id='word_1_70' title='bbox 79 975 132 1049; x_wconf 82' lang='grc' dir='ltr'>μέν</span> <span class='ocrx_word' id='word_1_71' title='bbox 144 1001 192 1034; x_wconf 94' lang='grc' dir='ltr'>νυν</span> <span class='ocrx_word' id='word_1_72' title='bbox 205 973 237 1034; x_wconf 84' lang='grc' dir='ltr'>τδ</span> <span class='ocrx_word' id='word_1_73' title='bbox 255 979 354 1050; x_wconf 80' lang='grc' dir='ltr'>κτῆνος</span> <span class='ocrx_word' id='word_1_74' title='bbox 366 974 460 1053; x_wconf 83' lang='grc' dir='ltr'>τρόπῳ</span> <span class='ocrx_word' id='word_1_75' title='bbox 472 976 577 1055; x_wconf 70' lang='grc' dir='ltr'>τοιῷδε.</span> <span class='ocrx_word' id='word_1_76' title='bbox 612 975 704 1050; x_wconf 83' lang='grc' dir='ltr'>Θυσίη</span> <span class='ocrx_word' id='word_1_77' title='bbox 718 974 749 1032; x_wconf 91' lang='grc' dir='ltr'>δέ</span> <span class='ocrx_word' id='word_1_78' title='bbox 763 980 819 1049; x_wconf 89' lang='grc' dir='ltr'>σφι</span> <span class='ocrx_word' id='word_1_79' title='bbox 831 973 880 1048; x_wconf 83' lang='grc' dir='ltr'>ἥδε</span> 
     </span>
     <span class='ocr_line' id='line_1_12' title="bbox 81 1061 926 1143; baseline 0.002 -24"><span class='ocrx_word' id='word_1_80' title='bbox 81 1061 243 1137; x_wconf 80' lang='grc' dir='ltr'>κατέστηκε·</span> <span class='ocrx_word' id='word_1_81' title='bbox 260 1061 413 1143; x_wconf 75' lang='grc' dir='ltr'>ἀγαγόντες</span> <span class='ocrx_word' id='word_1_82' title='bbox 424 1063 458 1122; x_wconf 82' lang='grc' dir='ltr'>τά</span> <span class='ocrx_word' id='word_1_83' title='bbox 472 1064 692 1140; x_wconf 86' lang='grc' dir='ltr'>σεσημασμένον</span> <span class='ocrx_word' id='word_1_84' title='bbox 703 1067 800 1136; x_wconf 82' lang='grc' dir='ltr'>κτῆνος</span> <span class='ocrx_word' id='word_1_85' title='bbox 810 1061 880 1136; x_wconf 82' lang='grc' dir='ltr'>πρός</span> <span class='ocrx_word' id='word_1_86' title='bbox 889 1063 926 1121; x_wconf 83' lang='grc'>39</span> 
     </span>
     <span class='ocr_line' id='line_1_13' title="bbox 81 1147 879 1227; baseline 0 -21"><span class='ocrx_word' id='word_1_87' title='bbox 81 1147 129 1207; x_wconf 78' lang='grc' dir='ltr'>τάν</span> <span class='ocrx_word' id='word_1_88' title='bbox 141 1148 249 1224; x_wconf 84' lang='grc' dir='ltr'>βωμὸν,</span> <span class='ocrx_word' id='word_1_89' title='bbox 264 1149 330 1208; x_wconf 88' lang='grc' dir='ltr'>ὅκου</span> <span class='ocrx_word' id='word_1_90' title='bbox 344 1148 377 1209; x_wconf 80' lang='grc' dir='ltr'>ἂν</span> <span class='ocrx_word' id='word_1_91' title='bbox 391 1150 486 1220; x_wconf 77' lang='grc' dir='ltr'>θύωσι,</span> <span class='ocrx_word' id='word_1_92' title='bbox 501 1151 591 1227; x_wconf 84' lang='grc' dir='ltr'>πυρήν</span> <span class='ocrx_word' id='word_1_93' title='bbox 605 1151 725 1209; x_wconf 88' lang='grc' dir='ltr'>καίουσι·</span> <span class='ocrx_word' id='word_1_94' title='bbox 742 1151 836 1207; x_wconf 81' lang='grc' dir='ltr'>ἔπειτα</span> <span class='ocrx_word' id='word_1_95' title='bbox 850 1149 879 1206; x_wconf 85' lang='grc' dir='ltr'>δὲ</span> 
     </span>
     <span class='ocr_line' id='line_1_14' title="bbox 81 1235 880 1314; baseline 0 -21"><span class='ocrx_word' id='word_1_96' title='bbox 81 1235 123 1293; x_wconf 85' lang='grc' dir='ltr'>ἐπ’</span> <span class='ocrx_word' id='word_1_97' title='bbox 136 1236 220 1296; x_wconf 80' lang='grc' dir='ltr'>αὐτοῦ</span> <span class='ocrx_word' id='word_1_98' title='bbox 239 1237 313 1297; x_wconf 85' lang='grc' dir='ltr'>οἶνον</span> <span class='ocrx_word' id='word_1_99' title='bbox 331 1239 401 1297; x_wconf 83' lang='grc' dir='ltr'>κατά</span> <span class='ocrx_word' id='word_1_100' title='bbox 419 1244 469 1298; x_wconf 86' lang='grc' dir='ltr'>τοῦ</span> <span class='ocrx_word' id='word_1_101' title='bbox 487 1240 575 1314; x_wconf 82' lang='grc' dir='ltr'>ἱρηίου</span> <span class='ocrx_word' id='word_1_102' title='bbox 594 1239 815 1306; x_wconf 82' lang='grc' dir='ltr'>ἐπισπείσαντες,</span> <span class='ocrx_word' id='word_1_103' title='bbox 834 1237 880 1294; x_wconf 84' lang='grc' dir='ltr'>καὶ</span> 
     </span>
     <span class='ocr_line' id='line_1_15' title="bbox 81 1324 880 1401; baseline 0.001 -20"><span class='ocrx_word' id='word_1_104' title='bbox 81 1327 297 1389; x_wconf 82' lang='grc' dir='ltr'>ἐπικαλέσαντες</span> <span class='ocrx_word' id='word_1_105' title='bbox 316 1326 366 1386; x_wconf 85' lang='grc' dir='ltr'>τόν</span> <span class='ocrx_word' id='word_1_106' title='bbox 387 1327 458 1395; x_wconf 82' lang='grc' dir='ltr'>θεάν,</span> <span class='ocrx_word' id='word_1_107' title='bbox 480 1327 634 1401; x_wconf 80' lang='grc' dir='ltr'>σφάζουσι·</span> <span class='ocrx_word' id='word_1_108' title='bbox 663 1324 821 1400; x_wconf 84' lang='grc' dir='ltr'>σφάξαντες</span> <span class='ocrx_word' id='word_1_109' title='bbox 842 1325 880 1393; x_wconf 85' lang='grc' dir='ltr'>δὲ,</span> 
     </span>
     <span class='ocr_line' id='line_1_16' title="bbox 80 1410 881 1490; baseline 0.006 -21"><span class='ocrx_word' id='word_1_110' title='bbox 80 1411 275 1489; x_wconf 85' lang='grc' dir='ltr'>ἀποτάμνουσι</span> <span class='ocrx_word' id='word_1_111' title='bbox 288 1413 339 1489; x_wconf 82' lang='grc' dir='ltr'>τήν</span> <span class='ocrx_word' id='word_1_112' title='bbox 350 1414 488 1489; x_wconf 91' lang='grc' dir='ltr'>κεφαλήν·</span> <span class='ocrx_word' id='word_1_113' title='bbox 503 1419 586 1490; x_wconf 80' lang='grc' dir='ltr'>σῶμα</span> <span class='ocrx_word' id='word_1_114' title='bbox 599 1416 650 1489; x_wconf 82' lang='grc' dir='ltr'>μὲν</span> <span class='ocrx_word' id='word_1_115' title='bbox 661 1412 694 1488; x_wconf 81' lang='grc' dir='ltr'>δή</span> <span class='ocrx_word' id='word_1_116' title='bbox 708 1416 758 1471; x_wconf 83' lang='grc' dir='ltr'>τοῦ</span> <span class='ocrx_word' id='word_1_117' title='bbox 770 1410 881 1486; x_wconf 81' lang='grc' dir='ltr'>κτήνεος</span> 
     </span>
     <span class='ocr_line' id='line_1_17' title="bbox 80 1499 880 1579; baseline 0.001 -22"><span class='ocrx_word' id='word_1_118' title='bbox 80 1499 211 1576; x_wconf 85' lang='grc' dir='ltr'>δείρουσι·</span> <span class='ocrx_word' id='word_1_119' title='bbox 241 1505 353 1579; x_wconf 76' lang='grc' dir='ltr'>κεφαλῇ</span> <span class='ocrx_word' id='word_1_120' title='bbox 376 1502 406 1560; x_wconf 87' lang='grc' dir='ltr'>δὲ</span> <span class='ocrx_word' id='word_1_121' title='bbox 430 1503 504 1579; x_wconf 80' lang='grc' dir='ltr'>κείνη</span> <span class='ocrx_word' id='word_1_122' title='bbox 526 1502 624 1560; x_wconf 80' lang='grc' dir='ltr'>πολλά</span> <span class='ocrx_word' id='word_1_123' title='bbox 647 1499 880 1576; x_wconf 88' lang='grc' dir='ltr'>καταρησάμενοι,</span> 
     </span>
     <span class='ocr_line' id='line_1_18' title="bbox 80 1588 879 1668; baseline 0 -23"><span class='ocrx_word' id='word_1_124' title='bbox 80 1589 208 1664; x_wconf 84' lang='grc' dir='ltr'>φέρουσι·</span> <span class='ocrx_word' id='word_1_125' title='bbox 229 1593 306 1648; x_wconf 83' lang='grc' dir='ltr'>τοῖσι</span> <span class='ocrx_word' id='word_1_126' title='bbox 319 1591 371 1665; x_wconf 82' lang='grc' dir='ltr'>μὲν</span> <span class='ocrx_word' id='word_1_127' title='bbox 389 1588 423 1648; x_wconf 83' lang='grc' dir='ltr'>ἂν</span> <span class='ocrx_word' id='word_1_128' title='bbox 438 1589 457 1667; x_wconf 80' lang='grc' dir='ltr'><em>ᾗ</em></span> <span class='ocrx_word' id='word_1_129' title='bbox 471 1588 560 1668; x_wconf 84' lang='grc' dir='ltr'>ἀγορή</span> <span class='ocrx_word' id='word_1_130' title='bbox 575 1589 620 1647; x_wconf 84' lang='grc' dir='ltr'>καὶ</span> <span class='ocrx_word' id='word_1_131' title='bbox 633 1588 772 1662; x_wconf 83' lang='grc' dir='ltr'>Ἕλληνές</span> <span class='ocrx_word' id='word_1_132' title='bbox 791 1593 879 1662; x_wconf 89' lang='grc' dir='ltr'>σφισι</span> 
     </span>
     <span class='ocr_line' id='line_1_19' title="bbox 80 1674 880 1755; baseline 0.001 -21"><span class='ocrx_word' id='word_1_133' title='bbox 80 1676 146 1734; x_wconf 82' lang='grc' dir='ltr'>ἐωσι</span> <span class='ocrx_word' id='word_1_134' title='bbox 156 1675 296 1752; x_wconf 85' lang='grc' dir='ltr'>ἐπιδήμιοι</span> <span class='ocrx_word' id='word_1_135' title='bbox 310 1678 434 1753; x_wconf 83' lang='grc' dir='ltr'>ἔμποροι,</span> <span class='ocrx_word' id='word_1_136' title='bbox 447 1680 473 1735; x_wconf 84' lang='grc' dir='ltr'>οἶ</span> <span class='ocrx_word' id='word_1_137' title='bbox 487 1677 516 1734; x_wconf 84' lang='grc' dir='ltr'>δὲ</span> <span class='ocrx_word' id='word_1_138' title='bbox 527 1677 659 1753; x_wconf 89' lang='grc' dir='ltr'>φέροντες</span> <span class='ocrx_word' id='word_1_139' title='bbox 672 1681 700 1738; x_wconf 91' lang='grc' dir='ltr'>ἐς</span> <span class='ocrx_word' id='word_1_140' title='bbox 711 1675 763 1751; x_wconf 85' lang='grc' dir='ltr'>τήν</span> <span class='ocrx_word' id='word_1_141' title='bbox 773 1674 880 1755; x_wconf 84' lang='grc' dir='ltr'>ἀγορήν</span> 
     </span>
     <span class='ocr_line' id='line_1_20' title="bbox 80 1761 881 1841; baseline 0.002 -21"><span class='ocrx_word' id='word_1_142' title='bbox 80 1761 127 1821; x_wconf 84' lang='grc' dir='ltr'>ἀπ’</span> <span class='ocrx_word' id='word_1_143' title='bbox 140 1762 177 1822; x_wconf 82' lang='grc' dir='ltr'>ὦν</span> <span class='ocrx_word' id='word_1_144' title='bbox 191 1765 293 1823; x_wconf 80' lang='grc' dir='ltr'>ἔδοντο·</span> <span class='ocrx_word' id='word_1_145' title='bbox 314 1769 390 1823; x_wconf 84' lang='grc' dir='ltr'>τοῖσι</span> <span class='ocrx_word' id='word_1_146' title='bbox 407 1765 437 1823; x_wconf 88' lang='grc' dir='ltr'>δὲ</span> <span class='ocrx_word' id='word_1_147' title='bbox 453 1763 487 1824; x_wconf 77' lang='grc' dir='ltr'>ἂν</span> <span class='ocrx_word' id='word_1_148' title='bbox 499 1765 539 1840; x_wconf 82' lang='grc' dir='ltr'>μή</span> <span class='ocrx_word' id='word_1_149' title='bbox 553 1765 679 1841; x_wconf 87' lang='grc' dir='ltr'>παρέωσι</span> <span class='ocrx_word' id='word_1_150' title='bbox 690 1763 839 1837; x_wconf 84' lang='grc' dir='ltr'>Ἓλληνες,</span> <span class='ocrx_word' id='word_1_151' title='bbox 853 1767 881 1823; x_wconf 85' lang='grc' dir='ltr'>οἱ</span> 
     </span>
     <span class='ocr_line' id='line_1_21' title="bbox 80 1849 881 1929; baseline 0.002 -21"><span class='ocrx_word' id='word_1_152' title='bbox 80 1849 103 1909; x_wconf 90' lang='grc' dir='ltr'>δ’</span> <span class='ocrx_word' id='word_1_153' title='bbox 118 1852 295 1927; x_wconf 89' lang='grc' dir='ltr'>ἐκβάλλουσι</span> <span class='ocrx_word' id='word_1_154' title='bbox 309 1857 336 1915; x_wconf 82' lang='grc' dir='ltr'>ἐς</span> <span class='ocrx_word' id='word_1_155' title='bbox 351 1853 400 1911; x_wconf 85' lang='grc' dir='ltr'>τὸν</span> <span class='ocrx_word' id='word_1_156' title='bbox 413 1853 550 1929; x_wconf 84' lang='grc' dir='ltr'>ποταμόν·</span> <span class='ocrx_word' id='word_1_157' title='bbox 572 1854 751 1929; x_wconf 89' lang='grc' dir='ltr'>καταρέονται</span> <span class='ocrx_word' id='word_1_158' title='bbox 769 1852 798 1911; x_wconf 83' lang='grc' dir='ltr'>δὲ</span> <span class='ocrx_word' id='word_1_159' title='bbox 813 1852 881 1911; x_wconf 87' lang='grc' dir='ltr'>τάδε</span> 
     </span>
     <span class='ocr_line' id='line_1_22' title="bbox 79 1939 880 2018; baseline 0.002 -20"><span class='ocrx_word' id='word_1_160' title='bbox 79 1939 210 2018; x_wconf 87' lang='grc' dir='ltr'>λέγοντες</span> <span class='ocrx_word' id='word_1_161' title='bbox 232 1944 300 2018; x_wconf 84' lang='grc' dir='ltr'>τῆσι</span> <span class='ocrx_word' id='word_1_162' title='bbox 324 1945 477 2018; x_wconf 77' lang='grc' dir='ltr'>κεφαλῇσι·</span> <span class='ocrx_word' id='word_1_163' title='bbox 506 1951 523 1976; x_wconf 85' lang='grc'>“</span> <span class='ocrx_word' id='word_1_164' title='bbox 533 1942 558 1999; x_wconf 88' lang='grc' dir='ltr'>εἴ</span> <span class='ocrx_word' id='word_1_165' title='bbox 575 1967 605 2000; x_wconf 90' lang='grc' dir='ltr'>τι</span> <span class='ocrx_word' id='word_1_166' title='bbox 627 1941 730 2016; x_wconf 87' lang='grc' dir='ltr'>μέλλοι</span> <span class='ocrx_word' id='word_1_167' title='bbox 751 1939 769 2016; x_wconf 84' lang='grc' dir='ltr'>ή</span> <span class='ocrx_word' id='word_1_168' title='bbox 792 1942 880 2016; x_wconf 89' lang='grc' dir='ltr'>σφίσι</span> 
     </span>
     <span class='ocr_line' id='line_1_23' title="bbox 82 2026 879 2108; baseline 0.005 -24"><span class='ocrx_word' id='word_1_169' title='bbox 82 2031 157 2086; x_wconf 84' lang='grc' dir='ltr'>τοῖσι</span> <span class='ocrx_word' id='word_1_170' title='bbox 174 2027 274 2088; x_wconf 78' lang='grc' dir='ltr'>θύουσι</span> <span class='ocrx_word' id='word_1_171' title='bbox 290 2026 308 2104; x_wconf 84' lang='grc' dir='ltr'>ἢ</span> <span class='ocrx_word' id='word_1_172' title='bbox 325 2028 456 2108; x_wconf 78' lang='grc' dir='ltr'>Αἰγύπτῳ</span> <span class='ocrx_word' id='word_1_173' title='bbox 473 2032 508 2108; x_wconf 79' lang='grc' dir='ltr'>τῇ</span> <span class='ocrx_word' id='word_1_174' title='bbox 528 2029 678 2107; x_wconf 82' lang='grc' dir='ltr'>συναπάσῃ</span> <span class='ocrx_word' id='word_1_175' title='bbox 700 2028 785 2088; x_wconf 78' lang='grc' dir='ltr'>κακὸν</span> <span class='ocrx_word' id='word_1_176' title='bbox 804 2030 879 2108; x_wconf 90' lang='grc' dir='ltr'>γενέ-</span> 
     </span>
    </p>

    <p class='ocr_par' dir='ltr' id='par_1_2' title="bbox 40 2115 945 3166">
     <span class='ocr_line' id='line_1_24' title="bbox 40 2115 879 2194; baseline 0.004 -21"><span class='ocrx_word' id='word_1_177' title='bbox 40 2188 42 2192; x_wconf 85' lang='lat'><em>.</em></span> <span class='ocrx_word' id='word_1_178' title='bbox 80 2115 157 2184; x_wconf 86' lang='grc' dir='ltr'>σθαι,</span> <span class='ocrx_word' id='word_1_179' title='bbox 172 2120 200 2178; x_wconf 84' lang='grc' dir='ltr'>ἐς</span> <span class='ocrx_word' id='word_1_180' title='bbox 214 2115 342 2191; x_wconf 82' lang='grc' dir='ltr'>κεφαλήν</span> <span class='ocrx_word' id='word_1_181' title='bbox 355 2116 458 2192; x_wconf 84' lang='grc' dir='ltr'>ταύτην</span> <span class='ocrx_word' id='word_1_182' title='bbox 471 2115 654 2194; x_wconf 89' lang='grc' dir='ltr'>τραπέσθαι.”</span> <span class='ocrx_word' id='word_1_183' title='bbox 686 2117 755 2176; x_wconf 78' lang='grc' dir='ltr'>κατά</span> <span class='ocrx_word' id='word_1_184' title='bbox 767 2119 819 2192; x_wconf 89' lang='grc' dir='ltr'>μέν</span> <span class='ocrx_word' id='word_1_185' title='bbox 833 2143 879 2176; x_wconf 93' lang='grc' dir='ltr'>νυν</span> 
     </span>
     <span class='ocr_line' id='line_1_25' title="bbox 78 2202 879 2281; baseline 0.005 -21"><span class='ocrx_word' id='word_1_186' title='bbox 78 2202 129 2264; x_wconf 81' lang='grc' dir='ltr'>τάς</span> <span class='ocrx_word' id='word_1_187' title='bbox 150 2203 277 2279; x_wconf 88' lang='grc' dir='ltr'>κεφαλάς</span> <span class='ocrx_word' id='word_1_188' title='bbox 299 2208 355 2263; x_wconf 77' lang='grc' dir='ltr'>τῶν</span> <span class='ocrx_word' id='word_1_189' title='bbox 375 2205 515 2281; x_wconf 91' lang='grc' dir='ltr'>θυομένων</span> <span class='ocrx_word' id='word_1_190' title='bbox 539 2205 657 2280; x_wconf 90' lang='grc' dir='ltr'>κτηνέων</span> <span class='ocrx_word' id='word_1_191' title='bbox 677 2207 723 2263; x_wconf 89' lang='grc' dir='ltr'>καὶ</span> <span class='ocrx_word' id='word_1_192' title='bbox 748 2204 800 2280; x_wconf 83' lang='grc' dir='ltr'>τήν</span> <span class='ocrx_word' id='word_1_193' title='bbox 822 2207 879 2264; x_wconf 88' lang='grc' dir='ltr'>ἐπί·</span> 
     </span>
     <span class='ocr_line' id='line_1_26' title="bbox 80 2292 879 2372; baseline 0.004 -24"><span class='ocrx_word' id='word_1_194' title='bbox 80 2315 196 2350; x_wconf 90' lang='grc' dir='ltr'>σπεισιν</span> <span class='ocrx_word' id='word_1_195' title='bbox 213 2295 263 2351; x_wconf 79' lang='grc' dir='ltr'>τοῦ</span> <span class='ocrx_word' id='word_1_196' title='bbox 281 2292 364 2362; x_wconf 79' lang='grc' dir='ltr'>οἴνου,</span> <span class='ocrx_word' id='word_1_197' title='bbox 384 2292 484 2355; x_wconf 90' lang='grc' dir='ltr'>πάντες</span> <span class='ocrx_word' id='word_1_198' title='bbox 502 2292 651 2372; x_wconf 78' lang='grc' dir='ltr'>Αἰγύπτιοι</span> <span class='ocrx_word' id='word_1_199' title='bbox 668 2292 781 2369; x_wconf 87' lang='grc' dir='ltr'>νόμοισι</span> <span class='ocrx_word' id='word_1_200' title='bbox 802 2297 879 2352; x_wconf 83' lang='grc' dir='ltr'>τοῖσι</span> 
     </span>
     <span class='ocr_line' id='line_1_27' title="bbox 79 2377 878 2458; baseline 0.005 -23"><span class='ocrx_word' id='word_1_201' title='bbox 79 2377 192 2437; x_wconf 74' lang='grc' dir='ltr'>αὐτοῖσι</span> <span class='ocrx_word' id='word_1_202' title='bbox 204 2379 339 2458; x_wconf 89' lang='grc' dir='ltr'>χρέωνται</span> <span class='ocrx_word' id='word_1_203' title='bbox 355 2379 456 2455; x_wconf 82' lang='grc' dir='ltr'>ὁμοίως</span> <span class='ocrx_word' id='word_1_204' title='bbox 473 2385 500 2443; x_wconf 89' lang='grc' dir='ltr'>ἐς</span> <span class='ocrx_word' id='word_1_205' title='bbox 518 2379 610 2439; x_wconf 88' lang='grc' dir='ltr'>πάντα</span> <span class='ocrx_word' id='word_1_206' title='bbox 626 2381 661 2439; x_wconf 81' lang='grc' dir='ltr'>τά</span> <span class='ocrx_word' id='word_1_207' title='bbox 680 2380 734 2457; x_wconf 80' lang='grc' dir='ltr'>ἱρά·</span> <span class='ocrx_word' id='word_1_208' title='bbox 757 2381 803 2438; x_wconf 85' lang='grc' dir='ltr'>καὶ</span> <span class='ocrx_word' id='word_1_209' title='bbox 823 2379 878 2439; x_wconf 81' lang='grc' dir='ltr'>ἀπδ</span> 
     </span>
     <span class='ocr_line' id='line_1_28' title="bbox 77 2465 878 2545; baseline 0.001 -21"><span class='ocrx_word' id='word_1_210' title='bbox 77 2465 178 2525; x_wconf 84' lang='grc' dir='ltr'>τούτου</span> <span class='ocrx_word' id='word_1_211' title='bbox 194 2470 244 2526; x_wconf 81' lang='grc' dir='ltr'>τοῦ</span> <span class='ocrx_word' id='word_1_212' title='bbox 260 2466 355 2543; x_wconf 83' lang='grc' dir='ltr'>νόμου,</span> <span class='ocrx_word' id='word_1_213' title='bbox 374 2467 437 2526; x_wconf 79' lang='grc' dir='ltr'>οὐδὲ</span> <span class='ocrx_word' id='word_1_214' title='bbox 455 2467 546 2527; x_wconf 87' lang='grc' dir='ltr'>ἀλλου</span> <span class='ocrx_word' id='word_1_215' title='bbox 566 2467 674 2530; x_wconf 80' lang='grc' dir='ltr'>οὐδενός</span> <span class='ocrx_word' id='word_1_216' title='bbox 694 2467 820 2545; x_wconf 77' lang='grc' dir='ltr'>ἐμψύχου</span> <span class='ocrx_word' id='word_1_217' title='bbox 837 2493 878 2526; x_wconf 91' lang='grc' dir='ltr'>κε-</span> 
     </span>
     <span class='ocr_line' id='line_1_29' title="bbox 79 2553 927 2636; baseline 0.002 -24"><span class='ocrx_word' id='word_1_218' title='bbox 79 2557 176 2629; x_wconf 87' lang='grc' dir='ltr'>φαλῆς</span> <span class='ocrx_word' id='word_1_219' title='bbox 182 2553 314 2634; x_wconf 77' lang='grc' dir='ltr'>γεύσεται</span> <span class='ocrx_word' id='word_1_220' title='bbox 323 2556 480 2636; x_wconf 82' lang='grc' dir='ltr'>Αἰγυπτίων</span> <span class='ocrx_word' id='word_1_221' title='bbox 490 2555 586 2619; x_wconf 81' lang='grc' dir='ltr'>οὐδείς.</span> <span class='ocrx_word' id='word_1_222' title='bbox 613 2555 650 2614; x_wconf 87' lang='lat' dir='ltr'>‘H</span> <span class='ocrx_word' id='word_1_223' title='bbox 662 2556 691 2613; x_wconf 89' lang='grc' dir='ltr'>δὲ</span> <span class='ocrx_word' id='word_1_224' title='bbox 700 2555 733 2629; x_wconf 75' lang='grc' dir='ltr'>δή</span> <span class='ocrx_word' id='word_1_225' title='bbox 744 2555 880 2631; x_wconf 85' lang='grc' dir='ltr'>ἐξαίρεσις</span> <span class='ocrx_word' id='word_1_226' title='bbox 888 2557 927 2614; x_wconf 81' lang='grc'>40</span> 
     </span>
     <span class='ocr_line' id='line_1_30' title="bbox 77 2642 880 2720; baseline 0.001 -19"><span class='ocrx_word' id='word_1_227' title='bbox 77 2646 133 2702; x_wconf 77' lang='grc' dir='ltr'>τῶν</span> <span class='ocrx_word' id='word_1_228' title='bbox 153 2646 218 2719; x_wconf 78' lang='grc' dir='ltr'>ἱρῶν</span> <span class='ocrx_word' id='word_1_229' title='bbox 236 2644 282 2701; x_wconf 88' lang='grc' dir='ltr'>καὶ</span> <span class='ocrx_word' id='word_1_230' title='bbox 303 2642 321 2717; x_wconf 81' lang='grc' dir='ltr'><em>ἦ</em></span> <span class='ocrx_word' id='word_1_231' title='bbox 343 2648 441 2706; x_wconf 84' lang='grc' dir='ltr'>καῦσις</span> <span class='ocrx_word' id='word_1_232' title='bbox 463 2642 540 2719; x_wconf 81' lang='grc' dir='ltr'>άλλη</span> <span class='ocrx_word' id='word_1_233' title='bbox 562 2644 625 2720; x_wconf 81' lang='grc' dir='ltr'>περὶ</span> <span class='ocrx_word' id='word_1_234' title='bbox 648 2642 722 2700; x_wconf 82' lang='grc' dir='ltr'>ἀλλο</span> <span class='ocrx_word' id='word_1_235' title='bbox 744 2643 802 2718; x_wconf 77' lang='grc' dir='ltr'>ἱρόν</span> <span class='ocrx_word' id='word_1_236' title='bbox 823 2650 880 2718; x_wconf 90' lang='grc' dir='ltr'>σφι</span> 
     </span>
     <span class='ocr_line' id='line_1_31' title="bbox 78 2730 945 2840; baseline 0.002 -51"><span class='ocrx_word' id='word_1_237' title='bbox 78 2732 240 2807; x_wconf 90' lang='grc' dir='ltr'>κατέστηκε.</span> <span class='ocrx_word' id='word_1_238' title='bbox 275 2730 401 2807; x_wconf 77' lang='grc' dir='ltr'>τηνδ”</span> <span class='ocrx_word' id='word_1_239' title='bbox 382 2759 419 2792; x_wconf 90' lang='grc' dir='ltr'>ων</span> <span class='ocrx_word' id='word_1_240' title='bbox 432 2733 569 2811; x_wconf 86' lang='grc' dir='ltr'>μεγίστην</span> <span class='ocrx_word' id='word_1_241' title='bbox 582 2758 613 2790; x_wconf 91' lang='grc' dir='ltr'>τε</span> <span class='ocrx_word' id='word_1_242' title='bbox 630 2731 746 2806; x_wconf 79' lang='grc' dir='ltr'>δαίμονα</span> <span class='ocrx_word' id='word_1_243' title='bbox 762 2730 879 2840; x_wconf 77' lang='grc' dir='ltr'>ἥγηνται</span> <span class='ocrx_word' id='word_1_244' title='bbox 943 2786 945 2791; x_wconf 73' lang='grc'>,</span> 
     </span>
     <span class='ocr_line' id='line_1_32' title="bbox 78 2818 878 2900; baseline 0.001 -24"><span class='ocrx_word' id='word_1_245' title='bbox 78 2818 157 2888; x_wconf 85' lang='grc' dir='ltr'>εἶναι,</span> <span class='ocrx_word' id='word_1_246' title='bbox 172 2819 216 2877; x_wconf 84' lang='grc' dir='ltr'>καὶ</span> <span class='ocrx_word' id='word_1_247' title='bbox 230 2820 367 2900; x_wconf 88' lang='grc' dir='ltr'>μεγίστην</span> <span class='ocrx_word' id='word_1_248' title='bbox 381 2822 408 2878; x_wconf 85' lang='grc' dir='ltr'>οἱ</span> <span class='ocrx_word' id='word_1_249' title='bbox 424 2818 510 2895; x_wconf 81' lang='grc' dir='ltr'>ὁρτήν</span> <span class='ocrx_word' id='word_1_250' title='bbox 526 2818 670 2899; x_wconf 85' lang='grc' dir='ltr'>ἀνάγουσι,</span> <span class='ocrx_word' id='word_1_251' title='bbox 684 2818 787 2894; x_wconf 88' lang='grc' dir='ltr'>ταύτην</span> <span class='ocrx_word' id='word_1_252' title='bbox 801 2821 878 2897; x_wconf 86' lang='grc' dir='ltr'>ἔρχο-</span> 
     </span>
     <span class='ocr_line' id='line_1_33' title="bbox 77 2905 878 2983; baseline 0.001 -19"><span class='ocrx_word' id='word_1_253' title='bbox 77 2932 130 2982; x_wconf 90' lang='grc' dir='ltr'>μαι</span> <span class='ocrx_word' id='word_1_254' title='bbox 140 2907 231 2983; x_wconf 89' lang='grc' dir='ltr'>ἐρέων</span> <span class='ocrx_word' id='word_1_255' title='bbox 249 2906 333 2966; x_wconf 81' lang='grc' dir='ltr'>ἐπεάν</span> <span class='ocrx_word' id='word_1_256' title='bbox 343 2905 554 2983; x_wconf 89' lang='grc' dir='ltr'>ἀποδείρωσι</span> <span class='ocrx_word' id='word_1_257' title='bbox 521 2933 572 2966; x_wconf 93' lang='grc' dir='ltr'>τον</span> <span class='ocrx_word' id='word_1_258' title='bbox 584 2908 664 2982; x_wconf 79' lang='grc' dir='ltr'>βοῦν,</span> <span class='ocrx_word' id='word_1_259' title='bbox 674 2906 878 2983; x_wconf 82' lang='grc' dir='ltr'>κατευξάμενοι,</span> 
     </span>
     <span class='ocr_line' id='line_1_34' title="bbox 79 2993 905 3094; baseline -0.004 -42"><span class='ocrx_word' id='word_1_260' title='bbox 79 2995 233 3069; x_wconf 86' lang='grc' dir='ltr'>κοιλίην</span> <span class='ocrx_word' id='word_1_261' title='bbox 200 3020 251 3070; x_wconf 92' lang='grc' dir='ltr'>μεν</span> <span class='ocrx_word' id='word_1_262' title='bbox 265 2993 357 3070; x_wconf 81' lang='grc' dir='ltr'>κεινήν</span> <span class='ocrx_word' id='word_1_263' title='bbox 369 2998 467 3054; x_wconf 82' lang='grc' dir='ltr'>πᾶσαν</span> <span class='ocrx_word' id='word_1_264' title='bbox 484 2993 551 3067; x_wconf 81' lang='grc' dir='ltr'>ἐξ</span> <span class='ocrx_word' id='word_1_265' title='bbox 534 3021 570 3056; x_wconf 89' lang='grc' dir='ltr'>ων</span> <span class='ocrx_word' id='word_1_266' title='bbox 586 2993 677 3065; x_wconf 90' lang='grc' dir='ltr'>ειλον,</span> <span class='ocrx_word' id='word_1_267' title='bbox 689 2993 905 3094; x_wconf 42' lang='lat' dir='ltr'>mmm&amp;</span> 
     </span>
     <span class='ocr_line' id='line_1_35' title="bbox 71 3081 926 3168; baseline 0.008 -32"><span class='ocrx_word' id='word_1_268' title='bbox 71 3081 157 3138; x_wconf 82' lang='lat' dir='ltr'><em>av&#39;rov</em></span> <span class='ocrx_word' id='word_1_269' title='bbox 147 3083 331 3143; x_wconf 83' lang='grc' dir='ltr'>λείπουσι’</span> <span class='ocrx_word' id='word_1_270' title='bbox 316 3110 347 3145; x_wconf 92' lang='grc' dir='ltr'>εν</span> <span class='ocrx_word' id='word_1_271' title='bbox 360 3088 400 3168; x_wconf 80' lang='grc' dir='ltr'>τῷ</span> <span class='ocrx_word' id='word_1_272' title='bbox 415 3084 536 3166; x_wconf 82' lang='grc' dir='ltr'>σάματι</span> <span class='ocrx_word' id='word_1_273' title='bbox 550 3114 602 3148; x_wconf 85' lang='grc' dir='ltr'>και</span> <span class='ocrx_word' id='word_1_274' title='bbox 613 3084 669 3162; x_wconf 78' lang='grc' dir='ltr'>τὴν</span> <span class='ocrx_word' id='word_1_275' title='bbox 684 3082 829 3162; x_wconf 72' lang='grc' dir='ltr'>πιμελήν</span> <span class='ocrx_word' id='word_1_276' title='bbox 853 3097 926 3136; x_wconf 58' lang='lat' dir='ltr'>W*</span> 
     </span>
    </p>

    <p class='ocr_par' dir='ltr' id='par_1_3' title="bbox 56 3167 956 3258">
     <span class='ocr_line' id='line_1_36' title="bbox 56 3167 956 3258; baseline 0.021 -39"><span class='ocrx_word' id='word_1_277' title='bbox 56 3169 112 3222; x_wconf 75' lang='grc' dir='ltr'>λεα</span> <span class='ocrx_word' id='word_1_278' title='bbox 125 3167 195 3224; x_wconf 77' lang='grc' dir='ltr'>δὲ’</span> <span class='ocrx_word' id='word_1_279' title='bbox 171 3171 390 3251; x_wconf 86' lang='grc' dir='ltr'>αποτάμνουσι,</span> <span class='ocrx_word' id='word_1_280' title='bbox 408 3179 462 3240; x_wconf 86' lang='grc' dir='ltr'>καὶ</span> <span class='ocrx_word' id='word_1_281' title='bbox 477 3178 539 3258; x_wconf 81' lang='grc' dir='ltr'>τὴν</span> <span class='ocrx_word' id='word_1_282' title='bbox 554 3173 695 3256; x_wconf 83' lang='grc' dir='ltr'>ὄσφυν</span> <span class='ocrx_word' id='word_1_283' title='bbox 681 3196 793 3253; x_wconf 60' lang='grc' dir='ltr'>ακρηνς</span> <span class='ocrx_word' id='word_1_284' title='bbox 806 3190 864 3227; x_wconf 58' lang='grc' dir='ltr'>ΚΜ</span> <span class='ocrx_word' id='word_1_285' title='bbox 876 3175 956 3219; x_wconf 42' lang='grc' dir='ltr'>τως</span> 
     </span>
    </p>
   </div>
   <div class='ocr_carea' id='block_1_2' title="bbox 44 3257 981 3351">
    <p class='ocr_par' dir='ltr' id='par_1_4' title="bbox 44 3257 981 3351">
     <span class='ocr_line' id='line_1_37' title="bbox 44 3257 981 3351; baseline 0.002 -29"><span class='ocrx_word' id='word_1_286' title='bbox 44 3271 140 3322; x_wconf 72' lang='lat' dir='ltr'>‘⁰1¹⁴0v5</span> <span class='ocrx_word' id='word_1_287' title='bbox 152 3279 185 3315; x_wconf 82' lang='grc' dir='ltr'>τε</span> <span class='ocrx_word' id='word_1_288' title='bbox 200 3283 252 3319; x_wconf 88' lang='grc' dir='ltr'>και</span> <span class='ocrx_word' id='word_1_289' title='bbox 267 3261 323 3325; x_wconf 80' lang='grc' dir='ltr'>τάν</span> <span class='ocrx_word' id='word_1_290' title='bbox 333 3267 516 3351; x_wconf 85' lang='grc' dir='ltr'>τράχηλον·</span> <span class='ocrx_word' id='word_1_291' title='bbox 537 3295 644 3335; x_wconf 87' lang='grc' dir='ltr'>ταυτα</span> <span class='ocrx_word' id='word_1_292' title='bbox 656 3267 698 3328; x_wconf 75' lang='grc' dir='ltr'>δε</span> <span class='ocrx_word' id='word_1_293' title='bbox 713 3257 981 3335; x_wconf 51' lang='grc' dir='ltr'>πωήσανῖῑςῗω</span> 
     </span>
    </p>
   </div>
   <div class='ocr_carea' id='block_1_3' title="bbox 0 0 1024 3464">
    <p class='ocr_par' dir='ltr' id='par_1_5' title="bbox 0 0 1024 3464">
     <span class='ocr_line' id='line_1_38' title="bbox 0 0 1024 3464; baseline 0 0"><span class='ocrx_word' id='word_1_294' title='bbox 0 0 1024 3464; x_wconf 95' lang='lat' dir='ltr'> </span> 
     </span>
    </p>
   </div>
  </div>
 </body>
</html>
