2040 3464
135 111 182 158 ιιι
439 110 622 157 ἨΡοΔοτοι
882 107 933 170 [11.

133 191 219 266 μένας
231 189 346 266 ἡμέρας·
361 194 397 268 τῇ
411 190 440 248 δὲ
453 191 598 267 τελευταίῃ
609 189 707 258 ἐξιεῖσι
721 192 751 246 ἔκ
763 191 814 264 τῆς
828 187 933 262 κοιλίης

134 277 186 353 τήν
202 278 317 353 κεδρίην,
331 277 384 352 τήν
398 281 502 352 ἐσῆκαν
515 276 660 353 πρότερον·
681 276 700 352 ή
714 275 744 334 δὲ
760 277 817 352 ἔχει
832 274 934 333 τοσαύ-

134 389 185 439 την
209 364 331 440 δύναμιν,
357 365 430 424 ὥστε
457 364 515 440 ἅμα
539 368 625 442 ἑωυτῇ
648 363 700 438 τήν
723 363 807 438 νηδύν
829 362 876 421 καὶ
898 362 934 420 τά

135 451 291 532 σπλάγχνα
310 452 513 528 κατατετηκότα
534 450 634 530 ἐξάγει·
655 451 705 514 τός
724 451 753 509 δὲ
774 449 881 526 σάρκας
900 449 934 509 τό

135 543 232 616 λίτρον
254 539 411 615 κατατήκει·
440 540 485 597 καὶ
507 539 541 614 δή
563 539 690 597 λείπεται
710 542 761 597 τοῦ
783 541 881 614 νεκροῦ
900 537 933 596 τό

135 628 222 705 δέρμα
241 632 345 704 μοῦνον
362 628 407 685 καὶ
426 627 462 686 τοὶ
483 627 578 687 ὀστέα·
600 626 683 687 ἐπεάν
699 627 729 685 δὲ
748 630 837 686 ταῦτα
854 625 933 700 ποιή·

136 742 218 786 σωσι,
242 715 289 774 ἀπ’
310 715 347 775 ὧν
371 716 473 774 ἔδωκαν
500 714 570 773 οὕτω
596 714 646 774 τόν
669 713 766 792 νεκρόν
790 712 870 773 ούδέν
893 715 933 772 ἔτι

89 805 126 862 88
135 804 399 884 πρηγματευθέντες.
432 802 470 860 Ἦ
487 803 517 861 δὲ
528 804 608 879 τρίτη
621 803 782 880 ταρίχευσίς
800 807 862 860 ε’στι
875 799 932 875 ἥδε,

134 890 153 965 ή
173 891 237 953 τούς
258 890 387 968 χρήμασι
408 888 625 965 ἀσθενεστέρους
646 889 932 966 σκευάζει·-συρμαίῃ

135 977 316 1053 διηθήσαντες
335 977 387 1052 τήν
407 979 523 1052 κοιλίην,
543 977 723 1056 ταριχεύουσι
742 976 792 1039 τός
812 976 933 1052 ἑβδομή-

136 1091 220 1125 κοντα
237 1064 350 1141 ἡμέρας,
373 1066 418 1122 καὶ
441 1066 535 1123 ἔπειτα
553 1064 599 1123 ἀπ’
617 1065 654 1124 ιίν
673 1065 774 1123 ἔδωκαν
795 1063 933 1140 ἀποφέρε-

88 1155 124 1210 89
136 1154 212 1212 σθαι.
240 1153 296 1215 Τάς
310 1153 339 1210 δὲ
348 1157 479 1233 γυναῖκας
489 1157 544 1211 τῶν
554 1153 709 1227 ἐπιφανέων
723 1151 836 1227 ἀνδρῶν,
849 1151 933 1211 ἐπεάν

134 1241 333 1316 τελευτήσωσι,
351 1240 383 1299 αι’
396 1241 553 1317 παραυτίκα
569 1241 677 1300 διδοῦσι
693 1239 856 1318 ταριχεύειν,
870 1238 934 1298 οὐδὲ

134 1328 201 1387 ὅσαι
217 1327 251 1388 ἂν
268 1328 320 1387 ὦσι
337 1328 449 1391 εὐειδέες
467 1327 554 1404 κάρτα
575 1329 621 1386 καὶ
641 1327 730 1408 λόγου
749 1330 869 1390 πλεῦνος
884 1354 932 1407 γν-

135 1420 234 1479 ναῖκες·
255 1416 320 1474 ἀλλ’
338 1416 420 1474 ε’πεάν
437 1419 558 1492 τριταῖαι
575 1414 594 1491 ἢ
612 1420 772 1492 τεταρταῖαι
790 1414 932 1494 γένωνται,

135 1504 204 1563 οὕτω
218 1505 402 1581 παραδιδοῦσι
415 1508 491 1563 τοῖσι
504 1501 692 1581 ταριχεύουσι.
720 1506 804 1561 τοῦτο
818 1502 848 1561 δὲ
857 1505 933 1562 ποιέ-

136 1618 201 1651 ουσι
219 1593 289 1651 οὕτω
305 1592 386 1650 τοῦδε
406 1591 514 1661 εἵνεκεν,
533 1592 577 1650 ἵνα
592 1590 632 1667 μή
651 1597 706 1666 σφι
726 1593 752 1648 οἱ
771 1591 931 1669 ταριχευταὶ

135 1680 289 1760 μίσγωνται
306 1683 375 1756 τῇσι
390 1680 508 1758 γυναιξί·
529 1680 696 1755 λαμφθῆναι
711 1678 766 1757 γάρ
781 1678 844 1738 τινά
858 1684 931 1754 φησι

132 1768 305 1847 μισγόμενον
324 1771 408 1843 νεκρῷ
424 1766 581 1846 προσφάτῳ
597 1766 734 1847 γυναικός·
756 1770 884 1824 κατεῖπαι
903 1767 932 1824 δὲ
974 1840 978 1845 .

87 1857 125 1913 90
135 1854 183 1914 τόν
206 1853 367 1931 ὁμότεχνον.
403 1853 457 1915 Ὃς
481 1854 503 1911 δ’
525 1853 559 1913 ἂν
582 1851 600 1929 ἢ
624 1853 712 1913 αὐτῶν
736 1854 895 1934 Αἰγυπτίων
913 1855 932 1929 ἢ

135 1943 228 2012 ξείνων
255 1941 355 2016 ὁμοίως
380 1941 435 2000 ύπὸ
464 1942 643 2017 κροκοδείλου
667 1942 820 2020 όρπαχθεὶς
843 1939 862 2017 ἢ
885 1941 931 2000 ὕπ’

134 2029 219 2088 αύτοΰ
239 2035 289 2088 τοῦ
309 2033 437 2104 ποταμοῦ
461 2031 594 2104 φαίνηται
616 2029 743 2103 τεθνηώς,
765 2028 824 2088 κατ’
844 2029 878 2104 ἣν
898 2030 932 2088 (ἲν

135 2117 219 2176 πόλιν
240 2117 389 2194 ἐξενειχθῇ,
410 2115 524 2179 τούτους
544 2120 625 2176 πᾶσα
647 2116 754 2196 άνοίγκη
775 2116 836 2175 ἐστὶ
857 2144 931 2192 ταρι-

135 2204 290 2284 χεύσαντας
310 2205 394 2264 αὐτόν
418 2205 463 2262 καὶ
483 2206 713 2280 περιστείλαντας
733 2205 769 2267 οἷς
790 2204 932 2264 κάλλιστα

136 2293 224 2371 θάψαι
245 2299 273 2352 ἔν
292 2297 370 2371 ἱρῇσι
391 2293 502 2370 θήκῃσι·
525 2292 587 2351 οὐδὲ
606 2297 716 2370 ψαῦσαι
734 2294 826 2362 ἔξεστι
845 2293 932 2352 αὐτοῦ

135 2381 225 2441 ἄλλον
234 2380 338 2450 ούδένα,
348 2380 411 2440 οὔτε
421 2386 475 2440 τῶν
485 2379 683 2458 προσηκόντων
694 2379 757 2439 οὔτε
767 2384 821 2439 τῶν
830 2382 930 2455 φίλων·

135 2470 212 2529 ἀλλά
223 2496 272 2546 μιν
285 2473 312 2527 οἱ
325 2469 394 2545 ἱρέες
408 2469 486 2528 αύτοὶ
500 2473 526 2527 οἱ
543 2472 593 2527 τοῦ
607 2469 722 2537 Νείλου,
737 2466 785 2527 ἅτε
801 2469 890 2528 πλέον
905 2493 931 2528 τι

134 2557 312 2636 ἢάνθριύπου
327 2557 431 2634 νεκρόν,
444 2555 674 2636 χειραπτάζοντες
688 2554 837 2615 θάπτουσι.

175 2646 370 2720 Ἑλληνικοῖσι
387 2645 417 2704 δὲ
434 2645 576 2720 νομαίοισι
594 2643 732 2724 φεύγουσι
747 2644 882 2721 χρᾶσθαι,
897 2642 931 2703 τό

135 2736 165 2796 δὲ
188 2735 303 2810 σύμπαν
331 2737 424 2802 εἰπεῖν,
447 2731 511 2808 μήδ’
536 2731 630 2790 ἄλλων
656 2732 772 2808 μηδαμοὶ
797 2731 933 2808 μηδαμῶν

88 2827 124 2884 91
135 2822 284 2899 ἀνθρώπων
304 2821 455 2896 νομαίοισι.
490 2820 528 2898 (οἱ
548 2820 599 2895 μέν
617 2846 664 2878 νυν
682 2819 767 2878 ἄλλοι
785 2819 931 2900 Αἰγύπτιοι

136 2911 206 2972 οὕτω
222 2914 305 2970 τοῦτο
320 2908 514 2983 φυλάσσουσι·
537 2909 597 2967 ἔστι
614 2908 643 2966 δὲ
663 2908 773 2983 Χέμμις
787 2908 870 2970 πόλις
885 2933 932 2983 με·

134 2999 210 3081 γάλη
230 3002 318 3073 νομοῦ
335 3002 385 3055 τοῦ
404 2997 558 3071 Θηβαϊκοῦ,
575 2994 656 3075 ε’γγύς
677 2996 753 3070 Νέης
772 2995 882 3058 πόλιος·
903 2999 932 3053 έν

132 3087 266 3165 ταύτῃτῇ
280 3085 349 3145 πόλι
362 3085 424 3144 ἐστὶ
438 3083 565 3160 Περσέος
577 3087 627 3141 τοῦ
642 3082 754 3158 Δανάης
768 3082 828 3160 ἱρόν
837 3082 932 3158 τετρά-

114 3201 221 3256 γωνον·
246 3175 334 3254 πέριξ
356 3173 387 3235 δὲ
411 3171 499 3234 αὐτοῦ
524 3172 648 3249 φοίνικες
669 3170 821 3247 πεφύκασι·
847 3169 886 3226 τά
904 3170 935 3227 δέ

100 3263 251 3331 πρόπυλα
270 3269 328 3326 τοῦ
350 3267 416 3338 ἱροῦ
438 3262 540 3328 λίθινά
560 3267 636 3332 ἔστι,
653 3257 745 3336 κάρτα
766 3253 886 3333 μεγᾶλω
906 3255 956 3309 ὶπῖ
