2040 3464
118 99 195 164 5-8]
435 103 598 152 υυυυΡΠΗ.
869 103 913 149 ιιι

112 178 245 254 ἐξίκοντο
264 180 375 240 στάδια.
405 180 475 240 οὕτω
489 179 523 241 ἂν
537 182 635 256 εἴησαν
648 180 793 262 Αἰγύπτου
805 180 916 240 στάδιοι

111 260 252 329 ἑξακόσιοι
271 262 317 319 καὶ
336 263 500 339 τρισχίλιοι,
514 261 548 321 τό
560 262 637 337 παραὶ
651 262 811 322 θάλασσαν.
852 260 940 324 Ἐν-’ἰ
970 293 985 316 ρ

111 349 207 408 θεῦτεν
230 352 282 424 μὲν
309 350 458 426 καὶμέχρι
477 349 679 412 Ἡλιουπόλιος
706 355 733 412 ἐς
755 349 807 424 τήν
828 348 914 425 μεσό·

110 461 194 516 γαιαν
217 438 278 496 ἔστι
303 436 382 513 εὐρέα
403 437 552 516 Αἴγυπτος,
577 441 663 495 εὀῦσα
680 441 761 495 πᾶσα
780 436 863 512 ῦπτίη
883 463 915 497 τε

110 525 156 582 καὶ
170 523 294 600 ἄνυδρος,
313 524 358 582 καὶ
373 522 442 585 ἰλύς.
477 523 540 582 ἔστι
561 523 590 581 δὲ
608 524 671 587 ὁδός
688 530 716 587 ές
733 523 786 598 τὴν
798 523 912 583 Ἡλιού-

109 615 196 670 πολιν
222 611 278 670 οἶπό
310 611 460 685 θαλάσσης
487 610 543 670 ἅνω
573 610 642 670 ἰόντι
667 613 854 688 παραπλησίη
878 612 913 672 τό

109 702 199 775 μῆκος
221 704 257 776 τῇ
280 699 311 768 ἐξ
329 699 468 774 Ἀθηνέων
489 698 552 776 ὀδῷ,
576 703 613 776 τῇ
633 698 690 758 α’πθ
714 704 768 759 τῶν
789 699 912 759 δυόδεκα

110 786 181 846 θεαῖν
200 791 251 846 τοῦ
270 789 371 862 βωμοῦ
386 785 513 863 φερούσῃ
530 787 557 848 ές
574 812 605 845 τε
626 788 722 846 Πίσαν
738 788 784 845 καί
800 788 845 846 ε’πί
864 787 914 847 τόν

111 872 177 948 νηόν
192 878 243 933 τοῦ
257 873 325 936 Διός
340 878 390 932 τοῦ
407 873 575 947 Ὀλυμπίου.
617 874 736 950 σμικρόν
755 901 783 934 τι
802 873 835 934 τδ
856 874 913 933 διά-

110 966 200 1038 φορον
214 961 288 1037 εὖροι
300 987 341 1023 τις
355 960 389 1020 ἂν
402 960 583 1039 λογιζόμενος
597 967 652 1021 τῶν
667 962 736 1022 ὁδῶν
749 964 867 1022 τουτέων
879 963 912 1023 τό

110 1048 149 1124 μή
159 1048 224 1110 ἴσας
233 1052 323 1125 μῆκος
337 1048 413 1118 εἶναι,
429 1048 461 1106 ού
474 1049 563 1107 πλέον
575 1051 770 1109 πεντεκαίδεκα
781 1050 909 1110 σταδίων·

109 1133 128 1209 ἦ
140 1137 192 1213 μὲν
204 1137 259 1216 γοίρ
279 1142 306 1198 ές
327 1137 423 1195 Πίσαν
441 1136 471 1203 ἐξ
482 1134 620 1211 Ἀθηνέων
640 1137 753 1196 καταδεῖ
770 1138 910 1197 πεντεκαί-

109 1222 175 1281 δεκα
189 1223 317 1292 σταδίων,
333 1223 368 1286 οῖς
385 1222 428 1300 μη
449 1223 518 1282 εἶναι
534 1224 724 1283 πεντακοσίων
743 1225 789 1282 καὶ
804 1226 912 1302 χιλίων·

108 1310 175 1385 ἠδὲ
191 1316 219 1374 ές
235 1309 423 1370 Ἡλιούπολιν
443 1309 499 1369 οἷπὸ
521 1310 671 1387 θαλάσσης
691 1316 798 1389 πληροῖ
817 1317 844 1374 ές
862 1312 912 1372 τόν

109 1396 230 1474 αἶριθμὸν
251 1403 356 1458 τοῦτον.
393 1397 465 1457 Ἀπὸ
487 1399 517 1456 δὲ
536 1397 739 1461 Ἡλιουπόλιος
759 1398 815 1458 ἅνω
836 1399 937 1470 ἰόντι,8

109 1485 207 1562 στεινή
228 1491 289 1545 ἐστι
314 1487 464 1566 Αἴγυπτος.
499 1490 536 1564 τῇ
557 1488 609 1562 μὲν
632 1487 687 1567 γάρ
708 1490 758 1561 τῆς
777 1486 914 1564 Ἀραβίης

108 1572 174 1649 ὅρος
197 1576 394 1650 παρατέταται,
415 1575 502 1651 φέρον
523 1573 570 1633 ἀπ’
593 1573 695 1650 άρκτου
715 1574 785 1650 πρός
803 1601 912 1651 μεσαμ-

108 1662 194 1738 βρίης
208 1688 240 1722 τε
257 1664 303 1721 καὶ
319 1662 409 1732 νότου,
424 1664 478 1720 αἰεὶ
494 1660 548 1721 ἅνω
561 1666 652 1721 τεῖνον
666 1666 693 1724 ές
708 1662 760 1737 τὴν
773 1662 912 1740 Ἐρυθρην

109 1750 281 1826 καλεομένην
301 1750 461 1810 θάλασσαν·
490 1755 519 1809 έν
538 1754 577 1829 τῷ
597 1753 626 1809 αἱ
648 1750 808 1827 λιθοτομίαι
828 1751 912 1810 ἔνεισι

108 1841 138 1898 αἰ
159 1843 187 1900 ἐς
206 1837 258 1901 τοίς
277 1839 434 1915 πυραμίδας
450 1840 670 1914 κατατμηθεῖσαι
687 1838 737 1901 τὰς
754 1845 782 1898 ἐν
798 1840 911 1916 Μέμφι.

107 1924 195 2002 ταύτῃ
208 1929 260 2001 μὲν
272 1929 363 2006 λῆγον
381 1924 553 2002 ἀνακάμπτει
568 1931 595 1989 ἐς
615 1926 651 1985 τοὶ
668 1928 774 2003 εἴρηται
789 1927 822 1986 τό
836 1925 910 2004 ὅρος·

108 2017 143 2091 τῇ
157 2014 187 2072 δὲ
199 2013 266 2072 αῦτό
282 2017 381 2072 ἑωυτοῦ
398 2015 460 2072 ε’στί
473 2013 657 2089 μακρότατον,
680 2013 715 2077 ὥς
727 2014 781 2095 ε’γῶ
795 2017 911 2075 ἐπυνθα-

108 2101 204 2177 νόμην,
232 2100 280 2161 δύο
300 2105 395 2178 μηνῶν
422 2100 489 2160 αῦτθ
510 2102 578 2160 εἶναι
605 2107 655 2177 τῆς
676 2102 741 2161 ὁδοῦ
768 2103 824 2164 α’πὸ
845 2102 912 2179 ἠοῦς

108 2190 178 2266 πρός
198 2190 328 2266 ἑσπέρην·
355 2189 392 2249 τοὶ
419 2189 449 2248 δὲ
467 2189 538 2267 πρός
556 2190 609 2266 τήν
627 2190 669 2265 ηὀῖ
692 2191 911 2268 λιβανωτοφόρα

108 2278 195 2337 αὐτοῦ
214 2276 249 2338 τιί
276 2278 400 2354 τέρματα
425 2278 500 2337 εἶναι
544 2281 627 2337 τοῦτο
648 2278 700 2353 μέν
726 2305 774 2339 νυν
793 2277 827 2338 τό
847 2277 912 2355 ὄρος

108 2370 220 2425 τοιοῦτο
242 2367 310 2425 ε’στί.
352 2365 386 2425 πθ
409 2365 439 2425 δὲ
464 2363 535 2443 πρός
557 2365 668 2442 Λιβύης
688 2371 738 2441 τῆς
759 2365 910 2447 Αἰγύπτου,

107 2452 172 2529 ὅρος
185 2452 260 2512 άλλο
272 2454 402 2531 πέτρινον
414 2453 497 2513 τείνει
515 2458 543 2512 έν
557 2457 595 2531 τῷ
609 2457 638 2512 αἶ
651 2454 803 2530 πυραμίδες
816 2455 908 2525 ένεισι,

108 2541 213 2622 ψάμμῳ
235 2542 439 2618 κατειλυμένον,
461 2541 611 2618 τεταμένον
632 2541 682 2600 τόν
703 2541 786 2600 αὐτόν
806 2541 911 2618 τρόπον

107 2629 157 2690 τόν
171 2630 279 2690 καὶτοῦ
292 2629 430 2706 Ἀραβίου
445 2628 481 2688 τοί
494 2628 565 2706 πρός
580 2629 763 2705 μεσαμβρίην
777 2629 907 2705 φέροντα.

106 2717 141 2778 τό
159 2717 196 2778 ὧν
213 2717 247 2793 δη
269 2716 324 2776 οἷπδ
341 2715 544 2780 Ἡλιουπόλιος
562 2715 653 2775 οὐκέτι
672 2714 784 2775 πολλόν
798 2718 908 2795 χωρίον,

108 2805 144 2869 ὦς
158 2805 227 2865 εἶναι
240 2805 392 2886 Αἰγύπτου·
413 2804 479 2863 ἀλλ’
495 2803 566 2863 ὅσον
580 2829 611 2863 τε
627 2803 749 2879 η’μερέων
768 2804 911 2883 τεσσέρων

107 2891 252 2953 ἀναπλόου
279 2890 375 2968 στεινή
403 2897 473 2962 ε’στι,
500 2891 642 2972 Αἴγυπτος
668 2895 764 2949 έοῦσα·
798 2894 854 2951 τῶν
879 2892 911 2951 δὲ

108 2979 210 3057 ούρέων
235 2984 290 3040 τῶν
317 2982 465 3057 εἰρημένων
487 2978 520 3039 τό
543 2976 646 3057 μεταξύ
666 2977 765 3041 πεδιάς
791 2981 840 3055 μὶν
862 2983 909 3057 ηῖῑ

102 3067 213 3127 στάδιοι
229 3068 262 3128 δὲ
274 3068 410 3147 μάλιστα
427 3068 541 3133 ἐδόκεόν
562 3095 612 3151 μοι
631 3067 716 3139 εἶναι,
732 3093 773 3147 τη
792 3063 948 3162 στεινίιτα;

91 3152 141 3210 '03‘
152 3159 225 3226 ἐπὶ,
251 3158 412 3236 διηκοσίων
432 3163 467 3227 ού
485 3163 611 3229 πλείους
632 3165 670 3223 ἔκ
682 3152 908 3233 τοῦἈριιίὶλῦὋ
920 3167 975 3202 ‘N‘

75 3261 144 3301 Μῦς
157 3247 186 3305 ές
199 3245 238 3306 τό
251 3251 398 3328 Λιβυκόν
413 3257 621 3339 καλεύμενον·
647 3249 688 3316 τῦ
715 3243 895 3310 ὶέυθεῖιτευ
912 3229 1007 3287 8Ψῖ
