2040 3464
81 106 223 171 ιιι-ιιι]
427 109 538 156 mm.
852 109 882 154 69

78 212 128 264 ρος
150 185 244 267 ὀλίγῳ,
266 187 316 249 τοίς
331 187 447 265 παρειὰς
463 188 620 263 φιλέονται·
640 185 675 263 ἢν
695 186 726 246 δὲ
744 185 883 264 πολλῷῇ
931 188 939 277 J
1010 260 1013 264 .

80 273 192 349 οὕτερος
215 274 420 352 ἀγεννέστερος,
441 276 626 352 προσπίπτων
647 275 812 351 προσκυνέει
833 272 883 333 τῶν
929 280 933 307 ’

81 363 184 438 ἕτερον.
219 366 323 439 τιμῶσι
339 362 368 420 δὲ
386 368 416 421 ἑκ
432 363 541 422 πάντων
553 363 619 426 τούς
637 361 761 444 ἄγχιστα
778 365 883 421 ἑωυτῶν
912 310 931 424 θ

82 451 230 520 οἰκέοντας,
239 449 310 525 μετοί
321 476 355 530 γε
365 450 487 512 ἑωυτούς·
503 451 615 528 δεύτερα
623 452 652 510 δὲ
659 451 723 513 τούς
731 451 882 527 δευτέρους·

81 538 154 614 μετῶ
167 537 204 607 δὲ,
219 537 289 596 κατιί
302 537 389 617 λόγον
401 540 602 615 προβαίνοντες
614 544 725 615 τιμῶσι,
738 537 841 613 ἥκιστα
854 539 883 598 δὲ

79 623 144 687 τούς
164 629 271 685 ἑωυτῶν
289 623 432 684 ἑκαστάτω
453 626 613 701 οἰκημένους
630 631 659 684 ἐν
671 630 739 704 τιμῇ
758 624 882 706 ἄγονται·

80 713 238 789 νομίζοντες
255 713 369 775 ἑωυτούς
386 712 454 772 εἰναι
471 712 622 790 ἀνθρώπων
634 718 731 790 μακρῷ
743 712 779 772 τά
791 713 883 773 πάντα

80 800 220 877 ἀρίστους,
237 801 302 862 τούς
318 801 347 859 δὲ
363 799 468 862 ἅλλους
485 801 555 859 κατὰ
568 800 656 880 λόγον
668 801 717 859 τόν
729 800 883 882 λεγόμενον

79 892 131 962 τῆς
152 887 251 964 ἀρετῆς
271 888 447 966 ἀντέχεσθαι,
461 888 525 950 τούς
541 888 571 946 δὲ
588 888 731 948 ἑκαστάτω
745 889 883 952 οἰκέοντας

80 974 137 1034 α’πδ
160 979 264 1035 ἑωυτῶν
283 976 431 1038 κακίστους
448 975 526 1035 εἶναι.
561 977 607 1034 ε’πί
620 976 649 1034 δὲ
668 976 772 1051 Μήδων
784 975 882 1054 ἀρχόν-

80 1088 135 1122 των
155 1064 201 1121 καὶ
221 1063 292 1141 ἦρχε
309 1063 345 1121 τοί
362 1064 442 1122 ἔθνεα
462 1063 606 1138 ἀλλήλων·
635 1064 816 1124 συναπάντων
832 1067 884 1140 μὲν

81 1151 177 1225 Μῆδοι
201 1153 246 1208 καὶ
266 1156 321 1210 τῶν
343 1149 467 1230 ἄγχιστα
488 1153 630 1211 οἰκέοντων
646 1153 742 1228 σφίσι,
760 1149 836 1211 οὗτοι
855 1153 885 1212 δὲ

82 1240 196 1297 καὶτῶν
209 1238 341 1315 ὁμούρων,
354 1242 380 1297 οἱ
394 1239 423 1297 δὲ
436 1238 564 1315 μάλιστα
573 1245 627 1298 τῶν
639 1241 785 1317 ἐχομένων.
813 1240 884 1299 κατὰ

82 1325 130 1385 τᾶν
144 1326 227 1386 αὐτῶν
241 1328 270 1385 δὲ
284 1326 372 1406 λόγον
385 1328 430 1384 καὶ
444 1330 470 1385 οἱ
484 1328 597 1402 Πέρσαι
606 1333 718 1403 τιμῶσι·
732 1328 884 1405 προέβαινε

81 1413 136 1493 γάρ
151 1414 184 1489 δη
197 1414 229 1473 τῶ
243 1416 320 1476 ἔθνος
333 1413 460 1492 ἄρχοντε
471 1416 517 1473 καὶ
530 1419 720 1490 ἐπιτροπεῦον.
753 1415 864 1477 Ξεινικά
875 1417 930 1475 135

82 1501 113 1560 δὲ
132 1501 234 1578 νόμαια
250 1504 363 1578 Πέρσαι
379 1502 543 1580 προσίενται
560 1501 666 1577 ἀνδρῶν
680 1502 817 1578 μάλιστα·
838 1504 885 1562 καὶ

46 1655 50 1662 Ι
81 1589 138 1669 γοίρ
155 1591 189 1665 δή
206 1590 258 1665 τήν
277 1589 406 1665 Μηδικὴν
421 1591 527 1665 ἐσθῆτα
540 1591 704 1666 νομίσαντες
717 1594 766 1665 τῆς
780 1594 885 1650 ἑωυτῶν

83 1676 153 1736 εἰναι
173 1679 280 1736 καλλίω
302 1678 447 1755 φορέουσι,
467 1679 512 1736 καὶ
533 1683 561 1740 ές
579 1677 644 1741 τούς
663 1678 805 1755 πολέμους
820 1677 885 1742 τούς

82 1767 251 1845 Αἰγυπτίους
265 1765 396 1842 θώρηκας.

125 1855 183 1912 Καὶ
194 1853 339 1917 εὐπαθείας
350 1880 381 1913 τε
394 1853 573 1916 παντοδαπῶς
581 1853 784 1931 πυνθανόμενοι
793 1860 884 1931 έπιτη-

83 1940 202 2014 δεύουσι,
225 1942 271 2000 καί
292 1941 326 2017 δὴ
347 1943 393 2000 καί
413 1940 460 2000 ἀπ’
480 1942 625 2018 Ἑλλήνων
645 1942 780 2018 μαθόντες
801 1945 885 2002 παισὶ

82 2030 243 2110 μίσγονται.
277 2030 416 2110 γαμέουσι
434 2029 457 2087 δ’
472 2030 587 2092 ἕκαστος
605 2029 693 2088 αύτῶν
709 2031 821 2094 πολλιίς
833 2034 886 2107 μὲν

83 2117 222 2193 κουριδίας
239 2122 377 2197 γυναῖκας,
396 2122 496 2196 πολλῶ
510 2117 532 2176 δ’
547 2120 585 2176 ἔτι
599 2122 719 2181 πλεῦνας
737 2119 885 2181 παλλακάς

83 2210 209 2264 κτῶνται.
243 2205 431 2286 Ἀνδραγαθίη
453 2205 475 2264 δ’
495 2206 564 2281 αὕτη
587 2205 774 2277 ἀποδέδεκται,
794 2207 932 2281 μετοί136

83 2293 117 2351 τδ
135 2292 280 2372 μάχεσθαι
299 2293 368 2351 εἶναι
388 2293 503 2373 ἀγαθῶν,
520 2294 551 2356 ὃς
567 2292 600 2352 ἂν
617 2294 743 2357 πολλούς
763 2294 885 2373 ἀποδέξῃ

83 2382 193 2444 παῖδας·
222 2386 260 2460 τῷ
283 2381 312 2439 δὲ
334 2381 400 2444 τούς
424 2383 576 2443 πλείστους
602 2381 791 2442 ἀποδεικνύντι
812 2383 886 2458 δῶρα

84 2470 219 2545 ἐκπέμπει
239 2469 255 2530 ὁ
273 2469 413 2544 βασιλεύς
433 2469 485 2528 ἀνά
505 2473 561 2528 πᾶν
583 2471 652 2531 ἔτος·
677 2468 711 2528 τδ
731 2470 842 2529 πολλὰν
863 2469 886 2528 δ’

83 2557 201 2637 η’γέαται
224 2557 341 2636 ἰσχυρῶν
362 2557 439 2616 εἶναι.
473 2557 637 2616 παιδεύουσι
654 2558 684 2616 δὲ
703 2557 767 2621 τούς
786 2558 887 2620 παῖδας

84 2644 142 2704 α’πὸ
163 2647 325 2708 πενταέτεος
346 2644 494 2722 ἀρξάμενοι
514 2645 599 2723 μέχρι
622 2647 803 2714 εἰκοσαέτεος,
823 2646 887 2721 τρία

84 2736 183 2808 μοῦνα,
199 2733 322 2792 ἱππεύειν
336 2734 382 2790 καὶ
399 2733 520 2801 τοξεύειν
534 2734 580 2790 καὶ
593 2732 787 2808 ἀληθίζεσθαι.
820 2733 887 2810 πρὶν

85 2820 116 2879 δὲ
136 2820 154 2896 ἢ
174 2822 323 2896 πενταέτης
342 2820 464 2901 γένηται,
479 2820 528 2880 οὐκ
549 2819 706 2880 ἀπικνέεται
723 2825 750 2882 ἑς
767 2818 831 2897 ὄψιν
848 2824 887 2898 τῷ

86 2911 172 2986 πατρὶ
192 2909 270 2968 ἀλλὰ
290 2909 367 2986 παραὶ
386 2914 454 2986 τῇσι
473 2910 581 2990 γυναιξὶ
600 2908 707 2968 δίαιταν
720 2909 786 2985 ἔχει·
807 2908 887 2967 τοῦδε

86 2998 177 3057 εἵνεκα
189 3002 273 3056 τοῦτο
287 2997 357 3057 οὕτω
370 2997 501 3067 ποιέεται,
512 2997 556 3056 ἵνα
568 2994 603 3072 ἣν
612 2995 739 3073 ἀποθάνῃ
752 2994 887 3072 τρεφόμε-

86 3111 133 3148 νος
146 3086 283 3162 μηδεμίαν
296 3083 370 3161 ἀσην
381 3088 420 3162 τῷ
433 3085 519 3161 πατρὶ
531 3083 699 3162 προσβάλῃ.

128 3175 216 3232 Αἰνέω
227 3173 282 3249 μέν
295 3199 343 3232 νυν
354 3171 434 3232 τόνδε
446 3170 496 3234 τῶν
508 3169 606 3251 νέμον·
622 3173 705 3233 αἰνέω
715 3172 753 3231 δε
765 3167 953 3230 κιίιτίιυ-ΧὫ

79 3261 116 3329 δε,
132 3261 166 3318 τιν’
172 3261 219 3334 μή
228 3266 301 3334 μιῆς
313 3263 406 3331 αἰτίης
421 3264 519 3327 εἵνεκα
535 3264 610 3344 μήτε
624 3261 713 3325 αύτδυ
723 3261 778 3323 τὸν
794 3254 936 3336 ssnom'm
