2040 3464
86 107 193 169 (λθ-72]
380 106 604 154 ΜΕΛΠΟΜΕΝΗ.
832 108 877 159 307

86 183 223 254 ἀκινάκεα,
246 186 293 242 καὶ
316 183 435 254 α’ΐστοῦς,
458 184 504 242 καὶ
526 182 654 263 σάγαριν,
676 183 722 240 καὶ
743 181 879 244 ἀκόντιον·

86 271 169 330 ε’πεάν
184 272 214 328 δὲ
234 277 326 331 ταῦτα
339 271 488 346 ποιήσωσι,
510 269 689 347 κατεύχονται
708 269 812 339 πολλοὶ,
833 272 879 330 καὶ

86 359 179 417 ἔπειτα
197 359 367 418 ἀποπίνουσι
384 358 465 417 αὗταί
478 383 509 417 τε
522 362 548 417 οῖ
561 358 593 417 τά
608 356 702 434 ὅρκιον
714 357 879 432 ποιεύμενοι,

86 447 132 503 καὶ
145 450 199 504 τῶν
212 447 351 521 ἑπομένων
365 449 392 505 οἶ
405 447 542 505 πλείστου
556 444 637 514 ἄξιοι.

125 534 221 608 Ταφαὶ
237 535 266 591 δὲ
286 537 341 591 τῶν
356 533 502 608 βασιλέων
519 539 548 593 ε’ν
564 534 695 609 Γέρροισι
712 531 775 601 εἶσὶ,
790 535 817 593 ἔς
833 531 921 592 όόΉ

85 619 261 694 Βορυσθένης
275 625 336 678 ε’στι
348 619 543 696 προσπλωτάς.
586 618 710 686 ἐνθαῦτα,
725 617 806 676 ε’πεάν
823 625 880 695 σφι

85 703 211 783 ἀποθάνῃ
232 705 248 765 ὁ
267 705 414 781 βασιλεῦς,
431 704 539 785 ὄρυγμα
558 710 611 785 γῆς
630 706 703 785 μέγα
723 704 880 780 ὀρύσσουσι

84 791 264 872 τετράγωνον·
286 796 396 869 ἑτοῖμον
417 793 446 851 δὲ
465 796 547 851 τοῦτο
567 792 741 866 ποιήσαντες,
756 790 879 869 ἀναλαμ-

84 878 207 953 βάνουσι
223 880 273 940 τάν
288 879 392 956 νεκράν,
407 880 665 956 κατακεκηρωμένον
677 881 728 954 μὲν
740 877 773 937 τά
787 882 879 954 σῶμα,

84 964 136 1039 τήν
149 966 179 1024 δὲ
191 967 274 1042 νηδύν
288 966 512 1045 ἀνασχισθεῖσαν
525 967 571 1024 καὶ
584 967 779 1042 καθαρθεῖσαν,
789 967 879 1042 πλέην

85 1054 212 1130 κυπέρου
230 1055 399 1130 κεκομμένου
425 1053 471 1112 καὶ
498 1053 669 1130 θυμιήματος
695 1054 741 1112 καὶ
767 1054 880 1112 σελίνου

85 1141 245 1216 σπέρματος
263 1142 308 1199 καὶ
326 1140 456 1216 ἀννήσου,
474 1141 699 1216 συνερραμμένην
717 1139 817 1209 ὀπίσω,
834 1141 879 1196 καὶ

85 1229 231 1302 κομίζουσι
249 1232 278 1288 ἐν
296 1227 390 1306 ἀμάξῃ
409 1233 436 1290 ἐς
455 1227 530 1285 ἀλλο
549 1229 634 1290 ἔθνος·
656 1227 682 1284 οἳ
698 1226 720 1284 δ’
740 1225 774 1285 ἀν
791 1253 878 1303 παρα-

84 1314 213 1383 δέξωνται
233 1316 402 1390 κομισθέντα
418 1315 468 1374 τδν
483 1315 586 1392 νεκράν,
600 1317 711 1372 ποιεῦσι
726 1313 761 1374 τά
778 1340 831 1390 περ
853 1317 880 1372 οἱ

84 1402 235 1476 βασιλήϊοι
254 1403 367 1466 Σκύθαι·
391 1406 441 1461 τοῦ
462 1401 529 1464 ω’τός
549 1400 762 1477 ἀποτάμνονται,
783 1401 879 1479 τρίχας

84 1490 292 1565 περικείρονται,
301 1491 455 1566 βραχίονας
465 1488 685 1565 περιτάμνονται,
695 1489 823 1564 μέτωπον
834 1489 879 1545 καὶ

83 1578 147 1651 ῥῖνα
157 1576 394 1652 καταμύσσονται,
403 1577 448 1634 διά
460 1580 511 1651 τῆς
523 1603 554 1635 τε
564 1576 712 1653 ἀριστερῆς
724 1575 807 1653 χερός
820 1574 879 1633 όῖσ-

83 1663 149 1725 τοῦς
166 1663 368 1739 διαβυνέονται·
390 1664 514 1722 ε’νθεῦτεν
531 1663 561 1722 δὲ
580 1664 725 1739 κομίζουσι
741 1668 769 1721 ἐν
785 1661 878 1740 ἀμάξῃ

83 1748 134 1808 τάν
148 1751 227 1809 νέκυν
242 1755 291 1809 τοῦ
307 1751 446 1825 βασιλέος
462 1755 489 1812 ἐς
505 1749 579 1809 ἀλλο
594 1751 670 1812 ἔθνος
683 1753 737 1808 τῶν
750 1748 878 1827 οῖρχουσι·

84 1835 123 1915 (οἱ
137 1837 169 1895 δέ
177 1843 233 1912 σφι
246 1838 359 1897 ἕπονται
373 1843 400 1900 ἐς
411 1837 476 1900 τοῦς
488 1837 622 1914 πρότερον
632 1837 742 1917 ἦλθον)
757 1836 840 1896 ἐπεάν
850 1837 880 1895 δὲ

84 1922 189 1986 πάντας
201 1925 370 2000 περιέλθωσι
382 1924 431 1984 τόν
445 1925 523 1984 νέκυν
534 1925 698 2002 κομίζοντες,
708 1929 736 1983 ε’ν
750 1923 880 2000 Γέρροισι

84 2011 192 2088 ἔσχατα
206 2012 433 2087 κατοικημένοισί
445 2016 500 2070 εἶσι
512 2017 567 2071 τῶν
577 2012 674 2072 ἐθνέων
683 2017 737 2070 τῶν
751 2010 878 2089 ἄρχουσι,

84 2099 130 2155 καὶ
142 2103 170 2157 ε’ν
178 2103 247 2177 τῇσι
256 2104 375 2177 ταφῇσι·
390 2099 436 2156 καὶ
447 2100 547 2169 ἔπειτα,
557 2099 640 2157 ε’πεάν
650 2100 735 2158 θέωσι
742 2098 791 2157 τάν
801 2098 880 2157 νέκυν

84 2190 113 2242 ἐν
125 2189 193 2262 τῇσι
210 2184 314 2263 θήκῃσι
330 2186 375 2243 ἐπὶ
394 2185 537 2261 στιβάδος,
551 2186 762 2263 παραπήξαντες
778 2184 880 2262 αἰχμάς

84 2273 160 2331 ἔνθεν
182 2274 228 2330 καὶ
250 2274 325 2333 ἔνθεν
346 2278 395 2331 τοῦ
418 2277 522 2349 νεκροῦ,
537 2273 608 2342 ξύλα
624 2272 816 2348 ὑπερτείνουσι
833 2272 880 2328 καὶ

83 2361 178 2417 ἔπειτα
197 2360 258 2437 ῥιψὶ
279 2359 526 2440 καταστεγάζουσι·
548 2365 577 2419 ε’ν
597 2360 627 2418 δὲ
646 2364 681 2437 τῇ
702 2363 789 2435 λοιπῇ
806 2357 880 2433 εύρυ·

83 2447 171 2524 χωρίῃ
187 2451 237 2521 τῆς
254 2447 348 2522 θήκης,
360 2452 415 2506 τῶν
432 2447 599 2505 παλλακέων
614 2470 645 2504 τε
662 2446 730 2522 μίαν
747 2444 879 2513 ἀποπνίξ-

83 2559 163 2595 αντες
180 2534 326 2603 θάπτουσι,
341 2535 387 2592 καὶ
404 2533 453 2592 τάν
469 2533 604 2611 οἰνοχόον,
618 2534 663 2590 καὶ
680 2532 821 2611 μάγειρον,
835 2531 882 2589 καὶ

84 2619 250 2696 ἱπποκόμον,
277 2621 324 2679 καὶ
352 2619 487 2695 διήκονον,
515 2621 561 2678 καὶ
590 2617 807 2699 ἀγγελιηφόρον,
835 2617 881 2676 καὶ

84 2707 192 2776 ἵππους,
202 2708 247 2765 καὶ
259 2712 313 2766 τῶν
327 2706 421 2766 ἄλλων
432 2706 560 2766 ἁπάντων
574 2706 709 2783 ἀπαρχάς,
719 2707 764 2763 καὶ
776 2704 880 2780 φιάλας

84 2794 214 2871 χρυσέας·
238 2793 359 2873 (ἀργύρῳ
380 2794 409 2852 δὲ
430 2794 508 2852 οῦδὲν
528 2793 591 2852 οῦδὲ
611 2796 707 2871 χαλκῷ
726 2791 882 2870 χρέωνται·)

85 2886 170 2939 ταῦτα
180 2880 210 2938 δὲ
223 2881 398 2955 ποιήσαντες,
407 2885 493 2959 χοῦσι
506 2881 606 2943 πάντες
619 2884 701 2957 χῶμα
709 2881 790 2960 μέγα,
800 2879 881 2954 ἀμιλ-

85 2966 217 3043 λειόμενοι
237 2968 283 3025 καὶ
302 2967 523 3043 προθυμεόμενοι
543 2967 579 3031 οῖς
598 2968 733 3046 μέγιστον
753 2970 878 3040 ποιῆσαι.

85 3052 226 3113 Ἐνιαυτοῦ
246 3053 276 3112 δὲ
295 3054 524 3130 περιφερομένου,
539 3054 615 3116 αῦτις
634 3058 746 3112 ποιεῦσι
766 3052 928 3112 τοιόνδεΉ

81 3139 223 3215 λαβόντες
239 3144 294 3199 τῶν
311 3143 419 3199 λοιπῶν
438 3139 613 3217 θεραπόντων
626 3139 695 3203 τοῦς
707 3137 892 3212 'tm-mm&-
926 3189 929 3193 .

77 3251 152 3288 τους·
167 3226 206 3304 (οἱ
219 3225 253 3286 δέ
263 3231 322 3287 εἶσι
333 3227 444 3292 Σκύθαι
459 3230 597 3312 ἐγγενέες·
614 3225 699 3287 οῦτοι
708 3225 771 3306 «γάρ
778 3222 824 3293 δὴ
834 3221 923 3289 QQ-
945 3221 948 3226 ⁴
978 3266 981 3279 ·

971 3280 981 3379 ἰ,
