2040 3464
81 109 188 172 12-15]
371 111 598 159 ΜαΛΠοΜκΝΗ.
766 158 770 164 Δ
834 114 882 159 285

81 186 233 261 κοννήσιος,
260 187 360 246 ποιέων
386 189 461 258 ἔπεα,
485 187 636 248 α’πικέσθαι
664 193 691 251 ἐς
715 187 883 264 Ἰσσηδόνας

80 275 300 351 φοιβόλαμπτος
312 274 469 355 γενόμενος·
490 274 661 350 Ἰσσηδόνων
672 277 700 334 δὲ
714 275 882 351 ύπεροικέεεν

79 358 280 438 Ἀριμασπούς,
300 361 400 438 ἄνδρας
414 363 661 439 μουνοφθάλμους,
677 363 747 440 όπὲρ
769 363 799 422 δὲ
820 364 881 423 τού·

79 474 134 508 των
159 449 224 511 τούς
243 449 467 528 χρυσοφύλακας
490 451 610 526 Γρύπας,
630 450 734 510 τούτων
754 451 792 520 δὲ,
818 452 883 515 τοίς

79 530 292 614 Ὑπερβορέους,
311 538 480 613 κατήκοντας
501 541 546 596 ἐπὶ
567 539 728 599 θάλασσαν.
768 539 883 604 τούτους

81 623 117 683 ὧν
125 624 230 687 πάντας
240 626 316 701 πλήν
323 625 527 702 Ὑπερβορέων,
540 624 680 701 α’ρξόντων
689 625 881 703 Ἀριμασπῶν,

79 713 134 771 αἰεὶ
151 716 227 771 τοῖσι
245 713 473 791 πλησιοχώροισι
492 715 675 773 ἐπιτίθεσθαι·
697 715 743 772 καὶ
760 714 814 773 ὑπό
832 718 884 790 μὲν

79 798 265 876 Ἀριμασπῶν
287 801 452 870 ἐξωθέεσθαι
473 807 503 860 ἐκ
528 805 579 877 τῆς
597 802 689 879 χώρης
709 801 883 877 Ἰσσηδόνας,

80 886 135 946 ind
150 888 179 946 δὲ
191 888 362 964 Ἰσσηδόνων
380 889 497 959 Σκύθας,
512 890 684 966 Κιμμερίους
703 889 732 946 δὲ
746 891 884 953 οἰκέοντας

81 975 127 1033 ἐπὶ
152 979 188 1053 τῇ
216 979 293 1054 νοτίῃ
316 976 452 1055 θαλάσσῃ
479 976 534 1036 ύπό
557 979 684 1039 Σκυθέων
706 979 883 1054 πιεζομένους

81 1063 218 1123 ἐκλείπειν
231 1063 283 1139 τήν
296 1063 398 1142 χώρην.
442 1063 511 1122 οὕτω
528 1063 591 1123 ούδὲ
611 1063 692 1127 οὗτος
709 1066 883 1142 συμφέρεται

80 1152 208 1227 περὶτῆς
221 1152 313 1230 χιίρης
324 1151 426 1227 ταύτης
444 1151 579 1230 Σκύθῃσι.
621 1153 679 1210 Καὶ
695 1152 759 1212 ὅθεν
772 1155 823 1228 μὲν
837 1153 883 1228 έην
895 1155 927 1212 Η

80 1237 229 1314 Ἀριστέης
250 1239 266 1297 ό
286 1244 374 1299 ταῦτα
400 1239 530 1316 ποιήσας,
559 1240 672 1316 εἴρηται·
699 1240 749 1299 τόν
769 1241 798 1299 δὲ
818 1243 882 1316 περὶ

80 1325 165 1386 αὐτοῦ
191 1326 292 1402 ήκουον
318 1327 406 1407 λόγον
427 1335 455 1388 ἐν
483 1328 672 1406 Προκοννήσῳ
694 1329 739 1386 καί
764 1329 882 1406 Κυζίκῳ,

80 1415 161 1483 λέξω·
195 1414 344 1492 Ἀριστέην
370 1415 424 1496 γόρ
452 1418 579 1495 λέγουσι,
608 1416 688 1475 ε’όντα
710 1421 765 1475 τῶν
789 1415 884 1475 ἀστῶν

81 1501 190 1566 οὐδενός
203 1505 283 1583 γένος
300 1504 508 1581 ὑποδεέστερον,
526 1503 680 1563 ἐσελθόντα
700 1510 726 1567 ἐς
746 1502 882 1578 κναφήϊον

81 1595 110 1648 ἐν
131 1591 320 1670 Προκοννήσῳ
342 1591 502 1651 οἷττοθανεῖν·
538 1593 583 1648 καὶ
603 1591 652 1651 τόν
674 1593 781 1667 κναφέα
802 1616 882 1649 κατα·

81 1679 236 1752 κληίσαντα
265 1679 298 1738 τό
330 1679 522 1760 ἐργαστήριον,
555 1680 684 1757 οἴχεσθαι
712 1679 883 1760 ἀγγελέοντα

80 1769 157 1824 τοῖσι
179 1766 357 1843 προσήκουσι
378 1772 416 1845 τῷ
436 1772 530 1846 νεκρῷ·
552 1767 757 1843 ἐσκεδασμένου
778 1767 807 1824 δὲ
827 1764 882 1842 ἤδη

81 1857 131 1912 τοῦ
145 1853 232 1934 λόγου
247 1854 300 1913 όνοί
312 1853 365 1930 τήν
375 1856 459 1914 πόλιν
469 1855 505 1918 οἷς
518 1854 633 1917 τεθνεώς
647 1855 688 1931 εἴη
700 1855 716 1914 ό
728 1855 882 1932 Ἀριστέης,

81 1947 109 2004 ἐς
134 1941 337 2019 όμφισβασίας
364 1948 441 2002 τοῖσι
470 1946 589 2025 λέγουσι
616 1943 767 2003 ἐπικέσθαι
796 1942 883 2019 ἄνδρα

81 2030 236 2107 Κυζικηνόν
255 2031 359 2106 ἥκοντα
380 2033 411 2101 ἐξ
427 2031 564 2108 Ἀρτάκης
581 2031 689 2101 πόλιος,
706 2031 799 2108 φόντα
818 2056 882 2089 συν-

81 2123 176 2197 τυχεῖν
189 2119 222 2178 τέ
239 2122 266 2177 οἰ
283 2119 351 2178 ἰόντι
370 2120 415 2178 ἐπὶ
432 2121 553 2190 Κυζίκου
572 2121 618 2178 καὶ
632 2126 659 2182 ἐς
672 2120 774 2200 λόγους
787 2119 880 2176 όπικέ-

81 2208 158 2265 σθαι·
194 2207 240 2264 καὶ
266 2211 365 2266 τοῦτον
384 2209 436 2284 μὲν
456 2208 638 2282 ἐντεταμένως
664 2207 881 2283 όμφισβητέειν·

80 2294 144 2356 τούς
170 2293 200 2352 δὲ
225 2293 419 2370 προσήκοντας
445 2299 483 2373 τῷ
507 2299 591 2373 νεκρῷ
615 2295 660 2353 ἐπὶ
682 2294 714 2353 τό
740 2291 875 2368 κναφήιον

80 2386 207 2458 παρεῖναι
225 2384 339 2460 ἔχοντας
354 2382 389 2442 τοί
408 2383 570 2459 πρόσφορα,
587 2382 621 2445 ὥς
638 2381 881 2457 ἀναιρησομένους·

81 2470 259 2548 α’νοιχθέντος
279 2470 309 2530 δὲ
329 2475 379 2529 τοῦ
399 2471 558 2546 οἰκήματος,
580 2470 642 2528 οὔτε
663 2471 798 2528 τεθνεῶτα
820 2468 884 2527 οὔτε

81 2560 169 2628 ζῶντα
190 2559 342 2634 φαίνεσθαι
362 2558 519 2635 Ἀριστέην·
545 2557 616 2634 μετοί
636 2558 673 2626 δὲ,
696 2556 808 2634 ἑβδόμῳ
827 2557 880 2613 ἔτεϊ

81 2647 205 2722 φανέντα
213 2645 297 2705 αύτόν
307 2652 333 2709 ές
342 2646 543 2723 Προκόννησον
553 2649 671 2719 ποιῆσαι
678 2644 714 2703 τοὶ
724 2646 789 2701 ἔπεα
797 2646 882 2701 ταῦτα

81 2735 115 2794 τό
135 2739 184 2793 νῦν
199 2734 245 2792 εἰτ’
264 2734 410 2809 Ἑλλήνων
430 2733 609 2809 Ἀριμάσπεα
631 2733 769 2791 καλέεται·
803 2729 882 2805 ποιή-

80 2849 170 2881 σαντα
189 2823 217 2880 δὲ
238 2822 430 2897 ἀφανισθῆναι
447 2822 479 2880 τό
498 2820 633 2896 δεύτερον.
675 2824 762 2878 ταῦτα
782 2821 834 2896 μὲν
854 2821 884 2876 αἱ

80 2911 177 2972 πόλιες
191 2907 272 2968 αὗται
287 2911 413 2990 λέγουσι.
442 2909 513 2966 Τόδε
527 2909 557 2966 δὲ
571 2909 632 2967 οἰδα
646 2907 883 2966 Μεταποντίνοισι
894 2907 929 2964 15

79 3002 156 3058 τοῖσι
175 3003 204 3056 έν
219 2996 326 3075 Ἰταλίη
344 2995 561 3077 συγκυρήσαντα
582 2995 654 3070 μετὰ
674 2995 726 3070 τήν
748 2993 884 3068 οἰφόνισιν

81 3086 132 3160 τήν
146 3086 276 3161 δευτέρην
289 3084 424 3161 Ἀριστέω
442 3087 516 3144 ἔτεσι
529 3083 738 3160 τεσσεράκοντα
752 3083 797 3140 καὶ
811 3106 884 3158 τριη-

34 3225 36 3229 ,
80 3174 214 3241 κοσίοισι,
237 3172 272 3235 ως
297 3172 350 3253 ε’γώ
373 3171 616 3249 συμβαλλόμενος
641 3176 668 3231 ἐν
696 3169 903 3247 Κροκουυὴσω,

78 3286 109 3319 τε
130 3260 178 3318 καὶ
203 3261 393 3344 Μεταποντίῳ
420 3261 564 3342 εὕρισκον·
590 3252 822 3322 Μεταπονΐιυυί
844 3256 942 3313 ‘b‘m
966 3328 970 3335 Ι
