2040 3464
112 111 159 159 280
416 111 600 159 ἨΡΟΔΟΤΟΤ
846 110 910 174 [IV.

110 188 143 249 τό
153 190 239 271 γάλα·
257 192 301 249 καὶ
314 190 347 250 τό
360 193 412 268 μὲν
422 189 507 249 αὐτοῦ
522 189 708 266 ἐπιστάμενον
718 189 914 268 ἀπαρύσαντες

110 277 240 358 ἡγεῦνται
254 279 323 337 εἶναι
336 277 508 355 τιμιώτερον·
528 278 562 337 τό
577 277 599 336 δ’
613 277 804 354 ὑπιστάμενον
817 277 914 355 ἧσσον

109 369 161 426 τοῦ
174 367 276 441 ἑτέρου.
302 366 407 425 τούτων
416 369 467 442 μὲν
479 366 568 426 εἵνεκα
578 364 687 425 ἅπαντα
697 365 747 426 τόν
755 363 789 425 ἂν
798 367 914 442 λάβωσι

110 457 138 513 οἶ
159 451 265 523 Σκύθαι
287 458 468 528 ἐκτυφλοῦσι·
496 453 528 513 ού
549 453 604 534 γάρ
626 453 725 529 α’ρόται
750 455 815 522 εἰσὶ,
836 454 915 514 am

78 543 95 602 3
110 542 235 618 νομάδες.
262 540 313 601 Ἐκ
325 541 429 601 τούτων
443 541 477 618 δὴ
492 541 528 600 ὧν
541 549 598 616 σφι
611 545 666 600 τῶν
680 540 789 600 δούλων
802 543 850 601 καὶ
860 547 915 603 τῶν

111 633 246 711 γυναικιῦν
265 630 409 707 ἐπετράφη
429 635 533 705 νεότης·
556 630 583 688 οἳ
604 629 666 687 ἐπεί
684 654 715 687 τε
736 630 842 706 ἔμαθον
862 631 915 706 τὴν

112 719 253 796 σφετέρην
261 718 379 799 γένεσιν,
389 718 535 794 η’ντιοῦντο
549 716 660 776 αὐτοῖσι
674 721 802 776 κατιοῦσι
816 722 848 776 ἐκ
858 722 915 778 τῶν

112 806 226 881 Μήδων·
248 807 294 865 καὶ
311 810 409 883 πρῦτα
421 808 473 882 μὲν
488 804 541 881 την
553 805 647 884 χάρην
663 803 852 882 ἀπετάμοντο,
866 806 914 864 τά·

111 902 185 970 φρον
198 894 362 972 ὀρυξάμενοι
379 893 482 970 εύρέαν,
496 893 712 953 κατατείνουσαν
727 897 758 952 ἐκ
774 898 829 953 τιῦν
843 901 914 954 Ταυ-

111 987 194 1059 ρικῶν
217 982 318 1059 ούρέων
342 988 369 1044 ἐς
391 982 443 1058 την
467 985 594 1041 Μαιῶτιν
617 981 729 1058 λίμνην,
752 979 826 1059 ἥπερ
852 983 915 1042 ἐστὶ

110 1072 241 1149 μεγίστη·
268 1070 339 1146 μετοὶ
363 1071 399 1139 δὲ,
421 1069 631 1147 πειρεωμένοισι
654 1069 813 1144 ἐσβάλλειν
836 1075 915 1130 τοῖσι

112 1158 238 1237 Σκύθησι
265 1156 514 1234 α’,ντικατιζόμενοιΙ
528 1156 677 1236 ἐμάχοντο·
707 1158 857 1238 γινομένης
883 1159 915 1218 δέ

111 1245 203 1326 μάχης
216 1247 362 1316 πολλάκις,
375 1248 420 1305 καὶ
434 1245 466 1305 ού
481 1247 635 1322 δυναμένων
649 1244 728 1304 οὐδὲν
740 1246 830 1306 πλέον
841 1247 915 1326 ἐχειν

110 1339 165 1394 τόν
184 1336 311 1400 Σκυθέων
328 1340 364 1413 τῇ
379 1334 466 1413 μάχη,
482 1335 520 1396 εἶς
538 1333 628 1393 αύτιῦν
646 1334 724 1403 ἔλεξε
741 1333 818 1393 τάδε·
841 1345 859 1370 “
869 1336 915 1394 οἷα

110 1429 249 1500 ποιεῦμεν,
263 1423 358 1500 ἄνδρες
373 1423 494 1491 Σκύθαι;
516 1421 645 1481 δούλοισι
660 1426 738 1481 τοῖσι
750 1421 915 1499 η’μετέροισι

110 1512 274 1590 μαχόμενοι,
288 1512 369 1570 αύτοί
379 1537 410 1570 τε
427 1509 582 1573 ἐλάσσονες
596 1509 764 1587 κτεινόμενοι
777 1511 915 1592 γινόμεθα

112 1601 158 1658 καὶ
167 1600 284 1664 ἐκείνους
293 1602 442 1662 κτείνοντες
453 1598 616 1658 ἐλασσόνων
626 1599 658 1658 τό
670 1599 772 1659 λοιπόν
782 1597 914 1677 ἄρξομεν·

112 1693 159 1748 νῦν
172 1688 209 1747 ὦν
221 1714 271 1765 μοι
285 1689 373 1747 δοκέει
389 1687 493 1766 αἰχμαῖς
507 1690 559 1764 μὲν
573 1689 619 1745 καὶ
634 1686 704 1757 τόξα
717 1691 849 1763 μετεῖναι,
863 1693 916 1747 λα·

111 1776 202 1852 βάντα
212 1777 241 1835 δὲ
252 1777 370 1837 ἕκαστον
380 1782 429 1837 τοῦ
441 1777 528 1835 ἵππου
540 1775 592 1850 την
601 1773 729 1856 μάστιγα
741 1776 810 1835 ἰέναι
820 1775 916 1837 ἆσσον

112 1864 210 1924 αύτιῦν·
228 1866 312 1943 μέχρι
324 1864 444 1944 μὲνγὰρ
460 1863 545 1941 ύρεον
558 1862 646 1940 ἡμέας
660 1862 737 1922 όπλα
750 1865 873 1942 ἔχοντας,
889 1869 916 1925 αἶ

113 1953 142 2012 δὲ
155 1951 280 2029 ἐνόμιζον
290 1952 385 2029 όμοῖοί
395 1979 426 2012 τε
440 1953 486 2010 καὶ
500 1953 532 2022 ἐξ
545 1951 647 2028 όμοίων
656 1951 724 2028 ἡμῖν
735 1952 814 2011 εἶναι·
831 1954 917 2014 ἐπεάν

130 2045 143 2099 ὲ
161 2041 270 2101 ἴδωνται
287 2041 428 2121 μάστιγας
446 2040 507 2100 οἷντὶ
525 2041 620 2100 ὅπλων
639 2041 761 2119 ἔχοντας,
778 2041 917 2115 μαθόντες

113 2129 149 2192 όίς
168 2134 222 2188 εἶσι
238 2129 368 2206 ἡμέτεροι
387 2131 484 2188 δοῦλοι
503 2130 549 2186 καὶ
567 2128 735 2209 συγγνόντες
754 2133 848 2200 τοῦτο,
865 2129 916 2190 ούκ

79 2217 321 2294 4ῦπομενέουσι.”
353 2221 448 2276 Ταῦτα
461 2216 630 2279 ἀκούσαντες
645 2220 671 2275 οἱ
686 2216 791 2280 Σκύθαι
805 2218 917 2279 ἐποίευν
936 2291 940 2298 Ι

114 2306 251 2364 ἐπιτελέα·
274 2309 300 2364 οἱ
313 2305 336 2364 δ’
351 2305 535 2386 ἐκπλαγέντες
550 2311 588 2382 τῷ
600 2304 744 2386 γινομένῳ,
758 2309 809 2381 τῆς
821 2305 917 2386 μάχης

113 2421 144 2454 τε
158 2395 328 2454 ἐπελάθοντο
345 2396 390 2453 καὶ
405 2396 532 2474 ἔφευγον.
566 2393 636 2452 οὕτω
654 2397 680 2452 οἱ
696 2391 802 2457 Σκύθαι
818 2399 870 2470 τῆς
885 2421 916 2455 τε

113 2481 212 2559 Ἀσίης
230 2482 326 2559 ἦρξαν,
346 2483 392 2540 καὶ
415 2480 610 2551 ἐξελασθέντες
629 2480 705 2544 αῦτις
725 2480 780 2542 ύπό
800 2482 916 2558 Μήδων,

116 2573 257 2648 κατῆλθον
273 2571 367 2650 τρόπῳ
383 2570 497 2649 τοιούτῳ
512 2576 538 2633 ἐς
556 2570 608 2645 την
627 2569 778 2646 σφετέρην.
812 2575 869 2629 τῶν
887 2572 917 2632 δέ

114 2662 203 2720 εἵνεκα
226 2660 242 2719 ό
266 2665 383 2737 Δαρεῖος
405 2659 543 2719 τίσασθαι
562 2659 746 2736 βουλόμενος,
767 2655 916 2741 συνήγειρε

117 2749 157 2807 ἐπ’
172 2748 271 2811 αύτούς
284 2748 454 2824 στράτευμα.

86 2841 104 2897 5
153 2837 202 2900 Ὡς
215 2838 245 2896 δὲ
263 2836 368 2901 Σκύθαι
385 2838 511 2917 λέγουσι,
525 2835 660 2895 νεώτατον
674 2834 803 2895 ἁπάντων
818 2837 918 2899 ἐθνέων

116 2927 185 2986 εἶναι
208 2927 240 2986 τό
263 2917 411 3002 σφέτερον·
438 2930 521 2984 τοῦτο
544 2925 573 2983 δὲ
593 2926 725 3005 γενέσθαι
746 2923 807 2984 ὧδε·
829 2924 918 3005 ἄνδρα

114 3016 246 3095 γενέσθαι
263 3019 374 3091 πρῶτον
391 3019 420 3073 ἐν
439 3018 475 3090 τῇ
495 3018 533 3094 γῇ
553 3014 648 3091 ταύτῃ,
664 3013 749 3091 ἐούσῃ
764 3013 866 3094 ἐρήμῳ,
880 3019 920 3096 τῷ

109 3102 218 3184 ούνομα
240 3103 311 3188 εἶναι
330 3104 495 3185 Ταργίταον·
516 3106 568 3160 τοῦ
589 3103 618 3160 δὲ
639 3100 797 3181 Ταργιτάου
816 3103 920 3165 τούτου

46 3242 49 3247 -
98 3195 172 3260 τούς
196 3197 303 3261 τοκέας
322 3192 462 3279 ’λέγουσι
493 3190 575 3260 εἶναι,
601 3189 666 3264 ἐμοὶ
696 3192 743 3261 μὶν
775 3189 806 3243 αἱ)
834 3193 928 3249 πιστὰ

106 3284 248 3369 ιθγοντες,
261 3289 396 3372 λέγουσι
410 3283 434 3347 δ’
453 3283 492 3344 ὧν
510 3280 568 3341 Δία
581 3302 616 3335 τε
629 3276 678 3333 καὶ
688 3271 887 3344 Χὶῦθῖῦδῖλὶὒῖ
899 3278 952 3328 '³³⁵3‘
