2040 3464
141 107 189 156 τοι
447 106 630 156 ἯΡοΔουου
887 103 935 167 [ια

142 186 301 259 φοιτέοντες
310 183 381 261 πρός
390 184 533 264 τῶγαλμα,
545 184 682 259 ἐσέβοντο
691 182 829 260 μεγάλως·
842 183 939 258 μαθων

142 271 200 330 δὲ
184 298 200 330 ο
215 270 340 346 Ἄμασις
359 296 392 329 το
409 276 439 328 ἐκ
458 275 513 329 τῶν
533 269 627 329 ἀστῶν
646 269 817 345 ποιεύμενον,
835 294 938 349 σνγκα·

140 358 228 419 λέσας
241 358 407 437 Αἰγυπτίους
421 357 536 434 ἐξέφηνε
552 357 636 431 φάς’
624 383 654 414 εκ
671 382 721 415 του
708 355 938 433 ποδανιπτῆρος

140 442 277 523 τῶγαλμα
289 445 440 525 γεγονέναι,
454 450 481 507 ἐς
493 446 542 504 τόν
562 443 697 520 πρότερον
712 445 763 518 μὲν
778 441 843 505 τοῦς
855 447 938 524 Αῖγυ·

141 532 237 593 πτίους
258 536 362 608 ἐνεμεῖν
381 557 413 590 τε
433 533 478 590 καὶ
499 533 632 608 ἐνουρέειν
645 531 691 589 καὶ
710 529 798 592 πόδας
814 532 935 591 ἐναπονθ

141 618 248 688 ζεσθαι,
269 618 333 678 τότε
352 618 382 678 δὲ
401 619 531 699 μεγάλως
551 618 701 693 σέβεσθαι·
741 614 795 692 η”δη
816 616 861 686 ὧν,
882 619 938 694 ἐφη

141 705 239 779 λέγων,
253 705 353 782 ὁμοίως
367 705 448 769 αὐτός
460 710 499 784 τῷ
517 705 700 780 ποδανιπτῆρι
713 705 894 784 πεπρηγέναι·
914 711 939 766 εἰ

141 791 196 872 γὰρ
216 792 351 869 πρότερον
373 794 441 852 εἶναι
462 792 591 869 δημότης,
615 790 680 850 ἀλλ’
702 797 731 850 ἐν
750 796 788 869 τῷ
807 791 939 869 παρεόντι

142 879 212 939 εἶναι
232 880 321 939 αὐτῶν
340 881 488 956 βασιλεύς·
513 881 559 938 καὶ
578 884 662 955 τιμᾶν
681 905 712 938 τε
733 880 779 937 καὶ
798 881 938 957 προμηθέ·

142 968 224 1026 εσθαι
245 970 344 1026 ἐωυτοῦ
365 969 479 1027 ἐκέλευε.
522 967 636 1045 τοιούτῳ
653 968 704 1042 μὲν
719 966 813 1045 τρόπῳ
830 993 939 1044 προση·

141 1053 245 1133 γάγετο
266 1054 332 1117 τούς
352 1056 528 1135 Αἰγυπτίους,
551 1053 623 1113 ὥστε
647 1054 767 1112 δικαιοῦν
787 1054 937 1114 δουλεύειν.

98 1141 155 1200 173
189 1141 310 1220 Ἐχρᾶτο
324 1142 353 1200 δέ
363 1143 535 1201 καταστάσει
543 1141 714 1222 πρηγμάτων
722 1141 825 1219 τοιῇδε·
840 1142 874 1201 τό
886 1146 939 1218 μὲν

143 1225 262 1305 ὄρθριον,
288 1230 372 1307 μέχρι
397 1228 463 1288 ὅτου
485 1228 635 1306 πληθῶρης
659 1226 770 1307 ἀγορῆς,
790 1228 938 1305 προθύμως

143 1316 269 1390 ἔπρησσε
288 1316 325 1374 τοὶ
344 1316 562 1394 προσφερόμενα
581 1314 742 1394 πρήγματα·
778 1316 811 1374 τό
832 1315 862 1374 δέ
881 1315 938 1376 ἀπό

141 1402 241 1462 τούτου
254 1403 328 1461 ἔπινέ
339 1428 370 1463 τε
389 1405 435 1461 καὶ
453 1404 629 1461 κατέσκωπτε
644 1402 709 1463 τους
724 1400 878 1476 συμπότας,
892 1405 938 1462 καὶ

142 1487 178 1563 ἦν
189 1488 305 1565 μα’ταιός
317 1516 348 1549 τε
361 1491 407 1548 καὶ
423 1489 605 1569 παιγνιήμων·
640 1488 823 1566 ἀχθεσθέντες
834 1489 864 1548 δέ
876 1491 937 1549 τού-

144 1602 220 1636 τοισι
247 1579 274 1635 οἶ
299 1578 381 1652 φίλοι
414 1576 498 1635 αὐτοῦ
533 1577 688 1635 ἐνουθέτεον
722 1575 821 1645 αὐτόν,
845 1578 938 1637 τοιάδε

143 1664 281 1744 λέγοντες·
313 1663 355 1721 “ὦ
378 1666 510 1739 βασιλεῦ,
534 1663 583 1722 οὐκ
605 1662 693 1738 ὀρθῶς
714 1667 835 1722 σεωυτοῦ
856 1666 936 1741 προέ-

145 1775 257 1826 στηκας,
277 1755 304 1813 ἐς
318 1750 351 1809 τό
372 1750 443 1831 ἀγαν
464 1755 575 1826 φαῦλον
590 1750 719 1830 προάγων
732 1749 863 1810 σεωυτόν.
902 1755 938 1811 σὲ

144 1838 200 1917 γάρ
225 1841 297 1915 χρῆν
320 1843 349 1895 ἐν
370 1838 457 1915 θρόνιρ
484 1842 577 1915 σεμνῷ
604 1838 709 1913 σεμνόν
737 1837 881 1907 θωκέοντα,
903 1839 937 1898 δι’

144 1923 247 2000 η’μέρης
261 1923 399 2000 πρήσσειν
412 1925 448 1983 τὰ
462 1925 622 2003 πρήγματα·
644 1925 689 1981 καὶ
707 1923 777 1982 οὕτω
790 1924 939 2005 Αἰγύπτιοί

145 2010 169 2070 τ’
182 2009 215 2070 ἂν
228 2011 376 2070 ἐπιστέατο
391 2011 425 2074 ῶς
437 2011 482 2070 ἀπ’
497 2011 594 2088 ἀνδρός
606 2011 732 2120 μεγάλου
746 2009 879 2089 ἄρχονται
891 2014 937 2072 καὶ

146 2096 257 2175 ἄμεινον
270 2124 307 2156 συ
321 2097 354 2157 ἂν
366 2097 472 2173 ἤκουες·
492 2104 541 2159 νῦν
552 2099 582 2158 δὲ
597 2100 698 2160 ποιέεις
715 2096 839 2175 οὐδαμῶς
851 2101 938 2175 βασι-

146 2185 236 2244 λικά.”
257 2185 471 2297 ὁδ’ἀμείβετρ
491 2187 598 2246 τοισιδε
618 2212 726 2248 αυτους·
748 2195 809 2244 “τα
800 2185 936 2256 τόξα’
911 2214 937 2247 οι
960 2178 963 2183 ”

146 2274 314 2348 κεκτημένοι,
331 2274 413 2333 ἐπεαν
427 2277 479 2350 μὲν
496 2275 608 2333 δέωνται
625 2275 782 2352 χρᾶσθαι’
769 2273 937 2345 εντανιίουσι,

146 2358 241 2441 [ἐπεάν
267 2360 296 2418 δὲ
321 2361 489 2439 χρήσωνται,
513 2360 665 2441 ἐκλύουσι]·
699 2365 723 2418 εἰ
747 2359 802 2439 γάρ
828 2360 863 2436 δῆ
888 2361 938 2422 τόν

146 2447 237 2507 πάντα
250 2447 352 2526 χρόνον
372 2450 535 2524 ἐντεταμένα
552 2449 602 2523 εἴη,
621 2448 747 2527 ἐκραγείη
761 2445 804 2507 ἅν·
824 2447 898 2508 ὥστε
911 2454 938 2514 ἐς

145 2535 179 2594 τό
200 2535 261 2594 δέον
281 2534 331 2594 οὐκ
350 2533 384 2595 ἂν
404 2537 492 2614 ἔχοιεν
512 2534 623 2595 αι’·τοῐσι
642 2537 775 2613 χρῆσθαι.
817 2534 938 2614 οὕτωδη

147 2622 193 2680 καὶ
215 2621 360 2698 ἀνθρώπου
383 2623 562 2685 κατάστασις·
591 2649 615 2681 ει
607 2624 728 2682 ’ἐθέλοι
751 2624 939 2684 κατεσπουδό·

145 2711 214 2768 σθαι
226 2711 280 2767 αἰεὶ
292 2710 390 2785 μηδέ’
378 2736 405 2772 ες
423 2711 553 2821 παιγνίην
564 2709 597 2768 τό
614 2711 697 2786 μέρος
713 2709 812 2769 ἐωυτόν
825 2709 938 2781 ἀνιέναι,

146 2795 230 2855 λάθοι
247 2794 314 2854 ἄν’
295 2821 358 2871 ητοι
375 2796 503 2872 μανεὶςη
493 2798 565 2877 γὸγε
585 2795 763 2872 ἀπόπληκτος
782 2796 938 2877 γενόμενος·

146 2882 181 2940 τά
202 2882 255 2962 ἐγῶ
276 2884 466 2959 ἐπιστάμενος,
479 2885 562 2960 μέρος
579 2884 696 2962 ἐκατέρῳ
715 2883 812 2960 νέμω.”
851 2889 939 2945 ταῦτα

101 2969 158 3028 174
165 2972 216 3045 μὲν
228 2970 291 3031 τοίς
305 2971 405 3044 φίλους
417 2970 564 3048 ἀμείψατο.
604 2972 724 3049 Λέγεται
739 2972 769 3028 δέ
782 2971 798 3030 ό
805 2968 940 3046 Ἄμασις,

140 3057 190 3113 καί
202 3055 250 3115 ὅτε
262 3055 297 3132 ῆν
307 3055 422 3131 ἰδιότης,
434 3056 469 3120 ῶς
482 3056 639 3133 φιλοπότης
653 3058 704 3116 ἐῶν
717 3057 763 3115 καὶ
776 3058 941 3137 φιλοσκώμ-

53 3170 58 3181 „
122 3165 200 3215 μων,
222 3145 273 3203 καὶ
300 3144 431 3222 οὐδαμῶς
458 3143 736 3219 κατεσπουδασμένος
760 3141 838 3218 ἀνήρ·
872 3143 941 3211 ὅκως

53 3190 68 3259 ἐ
115 3224 157 3285 δέ
176 3254 234 3301 μιν
264 3236 418 3297 ἐπιλείποι
444 3233 568 3297 πίνοντά
594 3255 628 3291 τε
654 3229 703 3290 κολ
727 3229 897 3288 εἰιπαδέοντιι
917 3230 958 3291 πὶ
