2040 3464
113 107 254 173 ιτς-175]
428 112 588 160 mmmm.
734 104 739 119 “·
860 113 906 162 195

115 190 252 264 ἐπιτήδεα,
273 191 427 250 κλέπτεσκε
446 189 480 250 ἂν
499 191 618 268 περιὶῶν·
642 194 669 252 οἶ
689 189 712 251 δ’
732 189 767 252 ἅν
785 217 834 269 μιν
853 191 907 269 φά-

116 302 192 335 αενοι
205 278 276 355 ἔχειν
288 277 325 336 τῶ
338 280 463 355 σφέτερα
472 279 603 358 χρήματα
613 278 776 355 ἀρνεύμενον
786 278 907 360 ἅγεσκον

115 365 161 422 ἐπὶ
182 365 325 440 μαντήϊον,
347 365 413 424 ὅκου
437 368 569 426 ἑκάστοτε
593 368 644 441 εἴη.
683 367 780 425 πολλῶ
800 370 851 442 μέν
873 365 908 443 δή

115 453 161 510 καὶ
173 453 306 511 ἆλίσκετο
319 452 373 512 ὑπό
388 458 443 513 τῶν
459 455 604 530 μαντηίων,
617 453 714 512 πολλῶ
733 454 762 512 δὲ
781 453 827 513 καὶ
839 454 906 513 α’πο-

116 539 263 620 φείγεσκε·
284 543 346 599 ἐπεί
355 566 387 599 τε
401 541 431 600 δέ
447 543 493 600 καὶ
510 543 690 617 ἐβασίλευσε,
705 546 793 600 ἐποίεε
805 541 906 601 τοιάδε·

115 626 180 686 ὅσοι
198 629 250 702 μὲν
266 626 356 687 αὐτόν·
366 631 421 688 τῶν
439 629 508 688 θεῶν
521 628 666 688 ἀπέλυσαν
681 629 721 704 μή
735 633 817 706 φῶρα
830 629 907 700 εἶναι,
969 697 974 715 Ι

115 714 219 774 τούτων
237 716 289 792 μὲν
307 719 362 775 τῶν
383 718 447 792 ἱρῶν
466 714 529 775 οὔτε
551 717 700 792 ἐπεμέλετο
721 715 783 775 οὔτε
804 722 830 779 ἐς
850 721 907 776 ἐπιι

116 801 219 877 σκευήν
237 801 325 861 ἐδίδου
344 801 432 862 οὐδέν·
452 802 514 862 οὐδὲ
531 805 649 878 φοιτέων
667 804 735 873 ἔθυε,
750 802 785 866 ῶς
799 802 908 867 οὐδενός

116 893 194 948 ἐοῦσι
206 888 310 958 ἀξίοισι
323 888 425 966 ψεύδεά
438 915 469 950 τε
485 890 606 968 μαντήῖα
623 893 823 967 κεκτημένοισι·
843 890 908 951 ὅσοι

101 1024 105 1031 x
116 975 147 1034 δέ
157 1001 206 1052 μιν
218 977 379 1052 κατέδησαν
388 980 470 1054 φῶρα
485 977 562 1047 εἶναι,
574 977 678 1037 τούτων
694 979 723 1037 δὲ
737 977 771 1039 ῶς
784 978 907 1053 ἀληθέως

116 1064 186 1122 θεῶν
205 1063 304 1123 ἐόντων
323 1065 369 1122 καὶ
389 1063 508 1142 ἀψευδέα
526 1064 647 1140 μαντήια
665 1067 859 1144 παρεχομένων
871 1066 907 1125 τῶ

115 1150 243 1226 μα’λιστα
256 1152 414 1228 ἐπεμέλετο.

157 1238 215 1297 Καὶ
233 1243 316 1298 τοῦτο
335 1239 394 1313 μὲν,
409 1243 438 1298 ἐν
457 1237 511 1304 Edi
529 1238 710 1318 τῇἈθηναίη
725 1239 952 1315 προπύλαιαῙΊδ

117 1325 263 1401 θωυμάσιιί
276 1329 303 1385 οἶ
316 1326 469 1401 ἐξεποίησε,
483 1327 594 1386 πολλῶν
610 1327 715 1389 πάντας
728 1327 905 1403 ῶπερβαλλό·

117 1439 198 1488 μενος
212 1417 250 1490 τῷ
266 1439 297 1472 τε
312 1412 377 1489 ὕψεϊ
391 1414 437 1471 καὶ
457 1417 495 1491 τῷ
517 1414 640 1494 μεγάθεϊ,
659 1413 734 1473 ὅσων
751 1440 782 1472 τε
802 1413 835 1472 τδ
859 1440 905 1489 με·

116 1501 202 1579 γαθος
214 1501 300 1560 λίθων
313 1499 374 1558 ἐστὶ
387 1501 433 1558 καὶ
448 1500 544 1560 ὁκοίων
560 1502 637 1560 τέων·
657 1501 790 1570 τοῦτοδὲ,
805 1506 906 1561 κολοσ-

117 1587 329 1668 σοῶςμεγάλους
337 1586 382 1646 καὶ
391 1587 600 1668 ἀνδρόσφιγγας
608 1588 776 1666 περιμήκεας
784 1588 905 1664 οἷνέθηκε,

116 1675 212 1738 λίθους
221 1700 252 1734 τε
265 1674 369 1737 ἅλλους
380 1680 406 1738 ἐς
420 1681 567 1751 ἐπισκευήν
576 1675 732 1752 ήπερφυέας
741 1675 773 1735 τῶ
786 1676 908 1756 μέγαθος

118 1760 241 1837 ἐκόμισε.
280 1761 402 1843 η’γάγετο
419 1763 449 1820 δὲ
463 1763 565 1823 τούτων
577 1763 641 1826 τούς
655 1766 707 1840 μὲν
722 1769 752 1821 ἐκ
770 1768 824 1822 τῶν
837 1763 907 1823 κατὰ

118 1850 236 1925 Μέμφιν
249 1850 366 1909 ἐουσέων
378 1852 567 1925 λιθοτομιέων,
580 1851 644 1914 τοῦς
659 1851 688 1909 δὲ
703 1851 908 1932 ὑπερμεγάθεας

118 1937 149 2005 ἐξ
160 1937 358 2012 Ἐλεφαντίνης
373 1937 479 2007 πόλιος,
495 1938 585 1998 πλόον
599 1939 644 1996 καὶ
664 1940 766 1998 ἐείκοσι
784 1938 906 2016 ἡμερέων

118 2023 277 2102 α’πεχοίσης
296 2023 352 2083 οἶπδ
380 2024 471 2088 Σάῖος.
510 2025 543 2085 τό
571 2027 601 2085 δὲ
627 2025 676 2085 οὐκ
696 2025 798 2101 ἥκιστα
818 2026 907 2086 αὐτῶν

117 2110 195 2170 ἀλλὰ
213 2112 340 2187 μάλιστα
360 2112 499 2187 θωυμάζω,
521 2113 581 2172 ἔστι
599 2113 672 2172 τόδε·
693 2114 795 2189 οἴκημα
811 2114 908 2190 μουνό-

118 2200 198 2258 λιθον
218 2198 332 2275 ἐκόμισε
348 2198 379 2266 ἐξ
400 2198 599 2276 Ἐλεφαντίνης
621 2200 730 2263 πόλιος·
762 2202 806 2259 καὶ
826 2206 908 2261 τοῦτο

118 2285 244 2362 ἐκόμιζον
255 2288 307 2362 μὲν
322 2285 363 2344 ἐπ’
377 2287 438 2345 ἔτεα
454 2289 526 2364 τρία,
545 2288 680 2367 δισχίλιοι
693 2287 725 2346 δέ
736 2292 763 2347 οἱ
776 2314 908 2365 προσετε-

117 2374 223 2452 τάχατο
249 2373 344 2451 ἄνδρες
368 2372 493 2454 α’γωγέες,
517 2376 563 2434 καὶ
589 2375 666 2435 οὗτοι
692 2374 810 2438 ἅπαντες
835 2375 909 2450 ἦσαν

119 2463 309 2536 κυβερνήταν·
326 2465 377 2536 τῆς
396 2461 426 2520 δὲ
445 2465 547 2543 στέγης
566 2463 666 2538 ταύτης
691 2464 724 2521 τό
750 2464 802 2539 μὲν
820 2467 909 2539 μῆκος

118 2549 215 2616 ἔξωθεν
228 2550 289 2608 ἐστι
302 2548 341 2610 εἷς
352 2573 383 2607 τε
396 2549 442 2607 καὶ
456 2549 544 2610 εἴκοσι
556 2550 666 2628 πήχεες,
681 2549 758 2625 εὖρος
769 2549 798 2608 δὲ
810 2575 908 2609 τεσσε·

117 2635 289 2710 ρεσκαίδεκα,
315 2634 385 2712 ὕψος
411 2635 442 2694 δὲ
466 2634 547 2696 όκτῶ.
588 2641 675 2695 ταῦτα
697 2639 748 2712 μὲν
767 2637 803 2695 τοὶ
822 2638 911 2714 μέτρα

118 2722 217 2790 ἔξωθεν
241 2727 292 2797 τῆς
318 2723 421 2803 στέγης
450 2727 501 2798 τῆς
533 2726 701 2800 μουνολίθου
728 2724 798 2783 ἐστι’·
839 2723 911 2802 οἷτιὶρ

119 2811 221 2869 ἔσωθεν
233 2809 267 2869 τὰ
286 2814 375 2884 μῆκος
394 2809 577 2870 ὀκτωκαίδεκα
595 2812 705 2888 πηχέων
725 2813 771 2869 καὶ
783 2812 909 2892 πυγόνος,

117 2895 150 2954 τό
161 2895 190 2955 δὲ
200 2895 277 2973 εὖρος
290 2896 409 2955 δυώδεκα
421 2899 579 2975 πηχέων,τᾶ
593 2899 623 2956 δὲ
632 2899 701 2975 ὕψος
710 2901 792 2959 πέντε
801 2901 912 2976 πηχέων

119 2983 191 3042 ἐστί.
216 2983 285 3058 αὕτη
304 2988 354 3042 τοῦ
375 2986 434 3060 ἱροῦ
454 2986 543 3044 κέεται
562 2985 638 3061 παρῶ
657 2987 709 3061 τήν
728 2987 835 3045 ἔσοδον·
857 2989 912 3046 ἔσω

118 3068 173 3150 γάρ
185 3095 234 3147 μιν
247 3075 273 3132 ἐς
285 3070 318 3129 τό
332 3070 391 3146 ἱρόν
404 3075 478 3146 φασι
489 3071 566 3130 τῶνδ’
581 3073 669 3132 εἵνεκα
683 3072 733 3132 οὐκ
750 3074 915 3133 ἐσελκόσαυ

117 3156 168 3215 τῶν
199 3155 379 3233 ἀρχιτέκτονα
411 3156 506 3236 αὐτῆς,
540 3161 699 3238 ἑλκομένης
732 3165 789 3235 τῆς
822 3159 950 3233 στἐηηςς

108 3240 295 3311 Μῖθᾶέαι
327 3243 376 3306 οίιί
406 3273 438 3308 τε
471 3249 583 3328 χρόνου
616 3249 816 3329 ἐκγεγονέιτος
844 3235 974 3298 πῦᾪχῶ
