2040 3464
86 107 194 172 56-62]
380 108 605 157 ωακιιοιιακιι.
835 111 882 158 ιιι

85 189 162 251 θίους
180 186 266 250 πόδας
284 187 393 263 ἕστηκε·
415 187 431 246 ὁ
446 187 475 245 δὲ
489 187 567 257 θύων,
582 186 684 247 ὄπισθε
701 190 752 246 τοῦ
774 187 885 262 κτήνεος

85 274 193 343 ἑστειδς,
221 274 337 338 σπάσας
366 275 418 350 τήν
448 274 537 352 άρχην
565 279 616 334 τοῦ
648 275 776 351 στρόφου
804 301 884 334 κατα-

84 362 192 438 βάλλει
213 389 270 438 μιν·
292 364 441 424 πίπτοντος
459 363 488 419 δὲ
503 366 553 421 τοῦ
573 363 669 438 ἱρηίου,
685 364 824 421 ἐπικαλέει
836 363 885 423 τόν

85 450 150 510 θεόν
167 454 206 528 τῷ
224 448 258 511 άν
275 449 337 528 θύη·
365 451 411 507 καὶ
429 450 522 508 ἔπειτα
542 449 641 528 βρόχῳ
659 450 723 526 περὶ
741 449 778 508 ὦν
797 451 885 525 ἑβαλε

83 537 134 597 τόν
156 537 268 615 αύχένα·
303 537 459 596 σκυταλίδα
483 537 513 595 δὲ
534 537 668 612 ε’μβαλών
691 536 816 618 περιάγει
838 539 884 596 καὶ

84 623 241 704 ἀποπνίγει,
256 623 318 684 ούτε
333 629 389 700 πῦρ
409 622 576 693 ἀνακαύσας,
591 623 654 682 οὔτε
673 625 884 701 καταρξάμενος,

85 709 142 771 οὔτ’
164 713 340 794 ἐπισπείσας·
361 712 517 780 ἀποπνίξας
534 712 564 770 δὲ
588 713 634 770 καὶ
655 711 802 788 άποδείρας
820 713 884 789 τρά-

84 825 166 858 πεται
178 799 249 876 πρός
269 800 379 877 ἕψησιν·
401 803 457 874 Τῆς
473 800 502 857 δὲ
514 802 567 879 γῆς
581 803 632 874 τῆς
651 800 789 874 Σκυθικῆς
804 802 926 863 αἶνῶς6]

84 885 189 954 άξύλου
210 886 318 962 ἐούσης,
340 885 393 944 ὧδέ
413 893 468 961 σφι
487 891 515 948 ἐς
536 886 587 961 την
606 887 709 964 ἑψησιν
723 891 779 946 τῶν
799 891 885 965 κρεῶν

85 972 235 1049 ἐξεύρηται·
258 973 342 1032 ἐπεάν
358 972 526 1050 ἀποδείρωσι
545 974 582 1032 ταὶ
603 974 684 1050 ἶρήῖα,
698 980 836 1055 γυμνοῦσι
848 976 884 1034 τά

84 1058 171 1120 ὀστέα
190 1066 245 1120 τῶν
266 1065 360 1138 κρεῶν·
386 1061 480 1120 ἔπειτα
502 1060 693 1137 ἐσβάλλουσι,
712 1060 747 1137 ἢν
766 1065 818 1138 ρὲν
838 1065 884 1122 τύ·

75 1166 158 1225 ’χωσι
180 1150 288 1227 ἔχοντες
304 1151 428 1225 λέβητας
446 1149 615 1228 ἐπιχωρίους,
636 1149 764 1226 μάλιστα
785 1151 889 1226 Λεσβί-

84 1260 143 1294 οισι
169 1240 306 1313 κρητῆρσι
332 1237 532 1312 προσεικέλους
558 1236 642 1315 χωρὶς
669 1234 687 1310 ἢ
715 1235 758 1294 ὅτι
783 1241 883 1315 πολλῷ

83 1323 207 1397 μέζονας,
219 1330 246 1386 ἐς
259 1323 372 1385 τούτους
383 1324 584 1399 ἐσβάλλοντες,
597 1326 697 1402 ἑψουσι
706 1323 885 1387 ὑποκαίοντες

83 1409 119 1468 τά
132 1410 218 1469 ὀστέα
231 1414 286 1470 τῶν
306 1412 408 1486 ἱρηίων·
430 1409 464 1486 ἢν
482 1411 511 1469 δὲ
526 1411 567 1487 μή
581 1419 637 1487 σφι
655 1416 732 1489 παρῇ
746 1412 843 1486 λέβης,
857 1415 884 1471 οἱ

84 1496 114 1555 δὲ
127 1502 154 1560 ἐς
166 1497 216 1560 τοὶς
228 1499 368 1577 γαστέρας
380 1503 435 1558 τῶν
450 1499 543 1574 ἱρηίων
562 1497 756 1573 ἐσβάλλοντες
767 1497 803 1556 τά
818 1500 885 1575 κρέα

83 1583 176 1644 πάντα
190 1585 236 1642 καὶ
249 1585 455 1662 παραμίξαντες
468 1586 547 1662 ὕδωρ,
559 1585 726 1644 ύποκαίουσι
738 1584 775 1643 τά
788 1583 883 1645 όστέα·

82 1671 119 1730 τοὶ
141 1672 171 1730 δὲ
191 1673 299 1730 αἴθεται
320 1671 472 1731 κάλλιστα·
494 1676 523 1732 αἱ
544 1673 573 1732 δὲ
591 1675 727 1755 γαστέρες
746 1673 885 1751 χωρέουσι

84 1759 216 1822 εύπετέως
231 1759 268 1818 τά
284 1760 351 1836 κρέα
369 1761 527 1838 ἐψιλωμένα
542 1765 597 1820 τῶν
616 1761 730 1821 ὀστέων·
752 1761 798 1818 καὶ
815 1759 884 1820 οὕτω

82 1849 155 1922 βοῦς
180 1873 212 1908 τε
232 1847 332 1906 ἑωυτόν
359 1848 457 1926 ἐξέψει,
479 1849 525 1905 καὶ
544 1847 581 1906 τοὶ
607 1847 684 1906 ἄλλα
706 1847 781 1923 ἶρήῖα
802 1848 885 1908 ἑωυτδ

85 1935 212 1994 ἑκαστον·
248 1934 332 1993 ἐπεάν
358 1935 388 1993 δὲ
415 1937 506 2013 ἑψηθῇ
531 1934 568 1994 τά
588 1938 663 2013 κρέα,
685 1935 701 1995 ὁ
723 1934 811 1999 θύσας
829 1941 885 1996 τῶν

85 2026 170 2098 κρειῦν
184 2022 230 2080 καὶ
243 2025 297 2080 τῶν
314 2021 487 2102 σπλάγχνων
500 2022 693 2099 ἀπαρξάμενος
706 2024 797 2100 ῥίπτει
812 2028 838 2086 ἐς
851 2024 884 2083 τό

83 2111 252 2186 ἔμπροσθεν.
295 2107 394 2169 θύουσι
414 2110 444 2168 δὲ
464 2109 510 2167 καὶ
529 2111 565 2169 τά
589 2110 665 2169 ἄλλα
685 2110 819 2188 πρόβατα
839 2112 885 2169 καὶ

85 2197 186 2259 ἵππους
197 2197 335 2272 μάλιστα.

124 2288 207 2344 Τοῖσι
220 2286 271 2359 μὲν
285 2284 318 2359 δὴ
338 2283 455 2343 ἄλλοισι
472 2288 527 2344 τοῦν
548 2285 617 2344 θεῶν
632 2284 702 2343 οὕτω
723 2285 823 2345 θύουσι
839 2286 884 2344 καὶ
894 2289 931 2346 62

82 2366 173 2430 ταῦτα
185 2375 241 2430 τιῦν
251 2372 377 2447 κτηνέων,
388 2377 426 2449 τῷ
440 2372 469 2430 δὲ
483 2372 516 2445 δή
525 2371 610 2446 ’Λρηϊ
625 2369 686 2429 ιῖδε·
705 2372 774 2428 κατοὶ
783 2373 885 2447 νομούς

84 2457 232 2518 ἑκάστοισι
250 2463 306 2517 τῶν
326 2457 448 2536 οἷρχηίων
468 2457 611 2534 ἐσίδρυταί
629 2464 686 2532 σφι
700 2455 804 2533 Ἀρηος
826 2458 885 2534 ἶρδν

83 2544 200 2605 τοιόνδε·
222 2545 371 2625 φρυγάνων
387 2544 508 2621 φάκελοι
525 2544 703 2604 συννενέαται
717 2543 786 2604 ὅσον
800 2544 825 2604 τ’
839 2546 884 2605 ἐπὶ

82 2632 214 2695 σταδίους
234 2637 308 2709 τρεῖς
326 2635 416 2709 μῆκος
436 2633 482 2690 καὶ
502 2630 588 2707 εὖρος,
607 2630 677 2708 ὕψος
698 2630 727 2688 δὲ
749 2632 882 2692 ἔλασσον·

83 2718 139 2778 ἅνω
159 2720 189 2778 δὲ
208 2719 317 2800 τούτου,
337 2718 508 2799 τετράγωνον
528 2716 631 2776 άπεδον
653 2718 811 2793 πεποίηται·
839 2720 884 2778 καὶ

82 2806 119 2865 τοὶ
132 2809 184 2882 μὲν
196 2808 260 2883 τρία
273 2811 327 2864 τῶν
342 2806 437 2866 κάλων
451 2805 513 2864 ἐστὶ
526 2804 664 2881 ἀπότομα,
674 2805 744 2863 κατά
757 2806 787 2863 δὲ
799 2805 832 2865 τό
847 2807 884 2878 ἑν,

84 2894 230 2969 ἐπιβατόν·
252 2895 325 2956 ἔτεος
341 2893 371 2952 δὲ
385 2893 504 2951 ἑκάστου
525 2891 633 2968 ἀμάξας
652 2893 824 2967 πεντήκοντα
838 2896 884 2952 καὶ

84 2981 182 3038 ἑκατόν
196 2981 335 3039 ἐπινέουσι
349 2979 506 3061 φρυγάνων·
526 2980 692 3040 ὑπονοστέει
707 2980 762 3059 γάρ
784 2981 817 3056 δὴ
832 2983 885 3040 αἰεὶ

82 3067 139 3126 ῦπό
152 3071 207 3126 τῶν
220 3066 371 3145 χειμώνων.
410 3068 457 3126 ε’πὶ
468 3065 569 3126 τούτου
584 3067 679 3142 δήτοῦ
694 3067 778 3148 ὄγκου
792 3068 883 3128 άκινά-

82 3179 134 3229 κης
155 3154 283 3230 σιδήρεος
306 3153 411 3230 ἵδρυται
430 3153 547 3232 α’ρχαῖος
571 3155 731 3224 ἑκάστοισι,
748 3157 799 3212 καλ
815 3155 886 3212 τοῦτ’

77 3242 142 3305 ἔστι
161 3245 213 3300 τοῦ
229 3239 335 3319 Ἀρηος
350 3242 386 3304 τὰ
409 3241 542 3328 ἄγαλμα·
564 3241 660 3325 τοῦτο
672 3242 712 3300 δε
727 3244 773 3316 τὲγ
790 3233 932 3296 mim&
