2040 3464
124 109 157 157 ιο
426 110 609 157 Ἦνοκοτου
885 106 921 171 [1.

123 187 268 264 Τάβαλον·
290 190 431 249 καὶτοῦτο
442 193 495 266 μὲν
507 189 646 268 Πριηνέας
660 187 921 264 ἐξηνδραποδίσατο,

125 279 209 336 τοῦτο
223 276 253 334 δὲ
265 276 428 354 Μαιάνδρου
440 277 535 337 πεδίον
547 281 603 337 πᾶν
618 277 753 352 ἐπέδραμε
766 277 850 352 λη’ίην
862 305 921 340 ποι-

125 362 236 440 είμενος
255 368 294 441 τῷ
313 371 433 444 στρατῷ,
450 367 620 446 Μαγνησίην
636 365 665 422 δὲ
686 362 824 427 ώσαύτως·
850 368 920 441 μετὰ

79 451 173 510 162δέ
192 455 280 511 ταῦτα
298 451 395 511 αὐτίκα
408 452 499 532 νούσῳ
511 457 637 531 τελευτᾷ.
669 451 874 516 Ἀποθανόντος
892 456 922 514 δέ

122 537 230 609 τούτου,
243 538 389 619 Ἅρπαγος
408 541 515 616 κατέβη
533 540 661 618 διάδοχος
679 544 728 614 τῆς
741 541 920 619 στρατηγίης,

124 627 203 706 γένος
217 627 262 684 καὶ
277 627 359 690 αὐτός
376 627 426 686 ἐών
439 629 545 702 Μῆδος,
559 626 619 705 (τὸν
632 625 648 684 ὁ
662 625 765 700 Μήδων
781 626 920 701 βασιλεῦς

122 713 281 793 Ἀστυάγης
297 713 390 794 οἷνόμῳ
405 716 529 793 τραπέζῃ
548 714 660 791 ἐδαισε,)
678 713 693 773 ὁ
710 717 749 791 τῷ
769 713 852 794 Κύρῳ
869 716 921 792 την

122 803 279 877 βασιληίην
299 802 609 882 συγκατεργασάμενος.
643 799 723 863 οὗτος
745 800 831 878 ώ’νὴρ
856 803 921 863 τότε

121 888 176 949 ίπδ
192 889 285 966 Κύρου
299 890 457 969 στρατηγός
475 889 639 967 ἀποδεχθεὶς
653 889 688 950 ώς
701 887 815 948 ἀπίκετο
830 895 857 952 ἐς
868 890 920 966 τὴν

123 976 236 1053 Ἰωνίην,
252 977 325 1053 αἵρεε
340 977 390 1039 τοὶς
408 976 509 1038 πόλιας
525 976 648 1055 χώμασι·
669 975 737 1038 ὅκως
754 976 809 1057 γάρ
827 979 920 1056 τειχή-

122 1091 187 1140 ρεας
205 1064 339 1138 ποιήσειε,
353 1064 385 1124 τῦ
400 1068 523 1124 ἐνθεῦτεν
535 1063 653 1143 χώματα
665 1068 724 1142 χῶν
736 1064 806 1140 πρός
818 1065 854 1125 τά
866 1068 920 1125 τεί-

122 1179 175 1230 χεα
189 1151 313 1228 ἐπόρθεε.
345 1153 441 1230 πρώτη
455 1152 484 1210 δὲ
497 1152 724 1230 Φωκαίῃ-Ἰωνίης
737 1155 910 1231 ἐπεχείρησε.

78 1241 135 1300 163
186 1244 222 1298 Οἱ
235 1240 265 1298 δὲ
278 1240 412 1302 Φωκαιέες
425 1237 501 1299 οὗτοι
510 1239 669 1319 ναυτιλίῃσι
680 1245 806 1318 μακρῇσι
816 1247 920 1318 πρῶτοι

122 1328 266 1404 Ἑλλήνων
286 1326 453 1406 ἐχρήσαντο·
481 1329 527 1386 καί
547 1328 596 1387 τόν
616 1354 647 1386 τε
668 1328 781 1403 Ἀδρίην
801 1330 847 1387 καὶ
869 1330 920 1404 τήν

123 1417 279 1493 Τυρσηνίην
297 1416 342 1474 καὶ
358 1416 410 1490 τήν
424 1415 552 1494 Ἰβηρίην
566 1417 611 1473 καί
630 1416 678 1474 τόν
694 1417 862 1492 Ταρτησσόν
876 1415 920 1476 οῦ-

121 1505 169 1563 τοί
185 1509 240 1563 εἶσι
254 1507 280 1562 οἱ
294 1505 498 1572 καταδέεαντες·
520 1504 715 1563 ἐναυτίλλοντο
728 1504 758 1562 δὲ
771 1503 803 1563 ού
819 1531 921 1586 στρογ-

122 1592 229 1672 γύλῃσι
241 1592 324 1668 νηυσὶ
336 1591 414 1650 άλλά
425 1593 677 1668 πεντηκοντέροισι.
711 1590 874 1668 ἀπικόμενοι
891 1595 921 1652 δέ

124 1686 151 1743 ε’ς
166 1681 215 1739 τόν
233 1679 409 1756 Ταρτησσόν,
423 1680 598 1756 προσφιλέες
613 1680 739 1761 ἐγένοντο
752 1683 790 1757 τῷ
801 1681 921 1755 βασιλέϊ

123 1773 178 1827 τῶν
196 1768 388 1844 Ταρτησσίων,
407 1772 445 1845 τῷ
466 1766 570 1843 οὕνομα
589 1770 640 1843 μὲν
657 1766 692 1842 ἦν
708 1764 920 1848 Ἀργανθώνιος·

124 1855 303 1931 ἐτυράννευσε
321 1855 350 1914 δέ
366 1861 535 1931 Ταρτησσοῦ
554 1854 711 1936 ὀγδώκοντα
729 1856 798 1926 ἔτεα,
818 1857 921 1931 ἐβίωσε

59 1949 63 1956 '
123 1943 153 2002 δὲ
175 1942 267 2013 πάντα
291 1944 381 2002 ε’ίκοσι
407 1945 453 2001 καὶ
479 1942 584 2002 ἑκατόν.
625 1941 712 2021 τούτῳ
735 1943 765 2002 δὲ
785 1947 824 2022 τῷ
843 1943 921 2021 α’νδρὶ

123 2031 297 2107 προσφιλέες
315 2034 342 2089 οί
360 2033 494 2094 Φωκαιέες
512 2031 581 2090 οὕτω
596 2031 671 2106 δήτι
685 2031 818 2111 ἐγένοντο,
834 2031 869 2095 οἷς
886 2033 922 2092 τά

122 2121 174 2196 μὲν
194 2119 291 2195 πρῶτά
313 2125 405 2194 σφεας
429 2118 593 2182 ἐκλιπόντας
614 2119 719 2193 Ἰωνίην
741 2120 851 2178 ἐκέλευε
870 2125 922 2195 τῆς

124 2210 224 2265 ἑωυτοῦ
241 2206 333 2284 χώρης
350 2211 463 2282 οἰκῆσαι
480 2207 545 2266 ὅκου
561 2205 726 2282 βούλονται·
746 2207 818 2283 μετὰ
834 2208 872 2278 δὲ,
886 2208 921 2271 (ῦς

123 2294 206 2353 τοῦτό
220 2321 254 2375 γε
271 2294 320 2354 οῦκ
342 2295 432 2354 ἔπειθε
449 2294 514 2356 τοῦς
533 2294 680 2365 Φωκαιεάς,
695 2294 710 2354 ὁ
724 2295 754 2353 δὲ
766 2294 922 2372 πυθόμενος

123 2381 172 2441 τόν
188 2382 288 2457 Μῆδον
306 2381 370 2458 παρ’
385 2382 474 2442 αὐτῶν
493 2382 529 2445 ὦς
547 2382 667 2453 αὔξοιτο,
682 2388 694 2440 ἐ
712 2383 772 2442 ίδου
786 2390 842 2459 σφι
854 2384 921 2462 χρή-

124 2495 199 2546 ματα
224 2473 317 2549 τεῖχος
342 2472 552 2547 περιβαλέσθαι
576 2472 628 2546 τὴν
653 2470 746 2531 πόλιν·
778 2472 867 2532 ἐδίδου
892 2475 922 2533 δὲ

123 2557 265 2635 ἀφειδέως·
293 2559 339 2616 καὶ
353 2558 408 2639 γάρ
428 2560 473 2617 καὶ
493 2559 512 2634 ἦ
533 2559 661 2635 περίοδος
680 2564 730 2618 τοῦ
749 2560 857 2638 τείχεος
872 2561 922 2621 οῦκ

126 2643 219 2727 ὀλίγοι
239 2646 352 2706 στάδιοί
372 2651 436 2706 είσι·
463 2651 546 2706 τοῦτο
567 2647 597 2705 δὲ
614 2652 671 2706 πᾶν
688 2647 775 2707 λίθων
792 2647 922 2728 μεγάλων

79 2734 191 2794 164καὶ
213 2732 242 2792 εῦ
266 2735 512 2811 συναρμοσμένων.
544 2734 583 2794 Τό
608 2737 661 2810 μὲν
681 2734 715 2810 δή
736 2739 829 2814 τεῖχος
847 2741 923 2797 τοῖσι

125 2824 280 2880 Φωκαιεῦσι
297 2822 390 2900 τρόπῳ
405 2822 500 2900 τοιῷδε
516 2822 673 2898 ἐξεποιήθη.
706 2823 722 2883 ὁ
736 2824 766 2883 δὲ
778 2824 923 2905 Ἅρπαγος

125 2909 161 2972 ώς
181 2910 303 2968 ἐπέλασε
320 2908 372 2984 τὴν
389 2911 533 2987 στρατιήν,
550 2910 714 2987 ἐπολιόρκεε
728 2911 834 2983 αὐτούς,
855 2939 922 2990 προ-

124 2997 274 3075 ἳσχόμενσς
291 2998 358 3055 ἔπεα
379 3007 396 3032 “
405 2997 440 3059 ὥς
456 3000 483 3056 οἱ
503 3002 637 3076 καταχρᾷ,
653 3003 676 3058 εί
693 2999 848 3075 βούλονται
866 3009 922 3059 Φω

124 3085 213 3147 καιέες
232 3090 418 3163 προμαχεῶνα
435 3086 482 3145 ’ένα
497 3090 600 3162 μοῦνον
615 3092 665 3145 τοῦ
682 3089 788 3166 τείχεος
808 3092 923 3166 ἐρεῖψαι,

444 3177 457 3190 Λ
519 3172 534 3192 '2
559 3176 581 3196 »0

106 3171 160 3225 καί
173 3170 281 3248 οἴκημα
304 3174 336 3233 ἐν
350 3200 518 3252 κατιρωσαι·
556 3200 584 3233 οι
602 3174 632 3233 δὲ
648 3176 784 3239 Φωκαιέες
796 3202 924 3252 περιημε·

86 3256 226 3320 *Τέννης
248 3264 288 3341 ’τῇ
301 3261 483 3346 δουλοσύνῃ,
500 3265 616 3342 ἔφασαν
636 3275 654 3300 “
667 3266 760 3325 θέλειν
783 3264 938 3336 βουλεύσω
