2040 3464
75 108 216 175 ιιι-ιιι]
421 112 535 160 mm.
846 113 874 162 ω

74 188 142 252 λοῦς
158 188 257 266 α’ρετός
274 189 476 249 ἀπεδείκνυντο·
499 190 668 251 ἑσσωθέντες
685 190 714 248 δὲ
731 190 777 248 καὶ
790 215 875 248 κατει·

74 278 205 352 ληθέντες
225 282 253 340 ἐς
271 277 304 338 τό
325 277 404 348 ἄστυ,
426 278 585 353 συνήλισαν
606 283 634 340 ἐς
652 277 705 352 τήν
725 276 874 354 ἀκρόπολιν

73 364 122 427 τός
141 391 172 425 τε
191 368 324 445 γυναῖκας
344 366 390 423 καὶ
409 365 445 424 ταὶ
464 367 548 424 τέκνα
564 365 610 423 καὶ
626 364 662 423 τοὶ
678 364 810 442 χρήματα
830 365 876 424 καὶ

72 451 137 516 τοῦς
147 453 261 521 οἰκέτας,
273 454 319 511 καὶ
329 453 423 511 ἔπειτα
431 451 546 531 ὑπῆψαν
555 452 606 527 τήν
617 451 771 529 οἷκρόπολιν
781 456 878 512 πᾶσαν

71 539 175 617 ταύτην
196 541 334 601 καίεσθαι·
355 545 442 600 ταῦτα
463 541 492 599 δὲ
510 540 678 615 ποιήσαντες
695 541 741 598 καὶ
757 541 877 617 συνομό-

72 653 173 692 σαντες
185 627 284 705 ὅρκους
297 627 409 698 δεινοῦς,
420 627 619 697 ὑπεξελθόντες
627 627 767 693 ἀπέθανον
776 628 877 691 πάντες

72 715 188 778 Ξόνθιοι
213 715 378 794 μαχόμενοι·
408 720 463 776 τῶν
490 716 520 774 δὲ
546 721 595 775 νῦν
617 717 725 776 Λυκίων
747 717 877 793 φαμένων

72 803 197 866 Ξανθίων
218 803 295 874 εἶναι,
316 806 343 862 οἶ
358 804 472 873 πολλοὶ,
490 803 566 879 πλήν
586 803 744 884 ὀγδώκοντα
759 805 875 873 ἱστιέων,

71 891 127 950 εἶσὶ
147 889 292 966 ἐπήλυδες·
314 893 343 949 αἶ
360 890 389 949 δὲ
404 890 562 971 ὀγδώκοντα
580 892 666 950 ἱστίαι
684 889 765 950 αὗται
779 893 877 970 ἔτυχον

70 982 221 1053 τηνικαῦτα
242 978 434 1054 ἐκδημέουσαι,
454 979 499 1037 καὶ
516 978 587 1038 οὕτω
602 979 804 1059 περιεγένοντο·
823 979 877 1055 τήν

70 1066 122 1141 μὲν
142 1065 176 1141 δή
197 1065 306 1128 Ξάνθον
324 1065 408 1142 οὕτως
425 1068 493 1145 ἔσχε
511 1065 693 1148 όἊρπαγος.
727 1072 874 1144 παραπλη-
928 1122 929 1125 ,

70 1153 138 1216 σίως
158 1154 188 1212 δὲ
208 1155 254 1212 καὶ
274 1153 326 1228 τήν
342 1158 454 1213 Καῦνον
471 1156 547 1232 ἔσχε.
590 1155 636 1213 καὶ
648 1154 704 1235 γαῖρ
718 1159 745 1213 οἱ
758 1155 874 1215 Καύνιοι

70 1240 133 1303 τοῦς
152 1242 272 1303 Λυκίους
293 1241 467 1317 ἐμιμήσαντο
487 1242 523 1300 τοὶ
542 1243 629 1301 πλέω.
671 1241 713 1300 To?
735 1244 787 1318 μέν
807 1243 919 1304 νυν177

71 1327 144 1388 κότω
165 1333 217 1404 τῆς
232 1327 332 1404 Ἀσίης
344 1328 491 1410 Ἅρπαγος
506 1329 650 1388 υἷνόστατα
669 1330 767 1399 ἐποίεε,
788 1329 823 1388 τό
845 1331 874 1389 δὲ

69 1414 125 1475 α”νω
137 1416 223 1491 αὐτῆς
236 1415 319 1479 αῦτὸς
332 1421 434 1494 Κῦρος,
449 1422 505 1477 πᾶν
522 1418 599 1479 ἔθνος
612 1417 874 1493 καταστρεφόμενος

70 1504 116 1562 καὶ
137 1503 216 1564 οῦδὲν
234 1504 352 1579 παριείς.
382 1505 422 1564 ’ταὶ
440 1505 492 1580 μέν
513 1531 561 1564 νυν
577 1503 666 1563 αὐτῶν
686 1505 764 1562 πλέω
784 1505 872 1582 παρή-

69 1617 167 1667 σομεν·
196 1591 231 1650 τοὶ
256 1592 287 1651 δέ
313 1595 340 1650 οἱ
363 1594 491 1671 παρέσχε
510 1592 597 1652 πόνον
616 1618 648 1651 τε
669 1595 807 1652 πλεῖστον
828 1594 875 1652 καὶ

69 1677 315 1761 ἅξιαπηγητότατό
328 1685 397 1751 ἐστι,
410 1680 514 1740 τούτων
528 1679 724 1756 ἐπιμνήσομαι.

110 1772 203 1844 Κῦρος
223 1768 285 1826 ἐπεί
301 1793 332 1827 τε
349 1768 385 1827 ταὶ
401 1768 492 1828 πάντα
508 1772 559 1843 τῆς
574 1767 690 1844 ήπείρου
706 1767 852 1847 ὑποχείρια
862 1770 920 1830 178

68 1854 230 1931 ἐποιήσατο,
244 1855 425 1932 Ἀσσυρίοισι
438 1857 588 1916 ἐπετίθετο.
611 1861 662 1931 τῆς
675 1856 705 1914 δὲ
717 1855 871 1933 Ἀσσυρίης

69 1944 131 2002 ἐστὶ
142 1942 178 2002 τό
190 1944 242 2019 μέν
255 1968 305 2001 κου
316 1944 361 2000 καὶ
371 1942 448 2002 ἄλλα
458 1944 624 2019 πολίσματα
638 1943 751 2024 μεγάλα
763 1945 869 2015 πολλὰ,

68 2030 100 2088 τῦ
117 2031 146 2090 δὲ
162 2030 390 2107 ὀνομαστότατον
407 2032 452 2089 καὶ
474 2030 657 2109 ἰσχυρότατον
675 2032 720 2089 καὶ
737 2032 802 2091 ἔνθα
815 2038 871 2106 σφι

68 2119 156 2178 Νίνου
170 2118 328 2179 ἀναστάτου
341 2120 490 2200 γενομένης
502 2119 538 2178 τοὶ
550 2118 693 2194 βασιλήῖα
705 2119 872 2195 κατεστήκεε

67 2205 103 2281 ἧν
121 2207 271 2283 Βαβυλών,
286 2210 373 2266 ἐοῦσα
389 2207 504 2282 τοιαύτη
521 2206 554 2282 δή
570 2233 621 2269 τις·
642 2206 726 2269 πόλις
739 2208 830 2266 κέεται
843 2213 872 2267 ἐν

67 2295 152 2374 πεδίῳ
171 2295 294 2376 μεγάλῳ,
307 2296 431 2375 μέγαθος
449 2299 536 2354 ἐοῦσα
552 2295 680 2371 μέτωπον
699 2295 818 2354 ἕκαστον
837 2296 872 2353 εἴ·

69 2407 133 2441 κοσι
147 2382 193 2441 καὶ
210 2382 308 2442 ἑκατόν
327 2383 454 2450 σταδίων,
475 2382 575 2456 ἐούσης
592 2382 773 2462 τετραγώνου·
795 2380 870 2441 οῦτοι

67 2469 178 2530 στάδιοι
197 2474 248 2546 τῆς
267 2469 396 2547 περιόδου
412 2475 464 2544 ’τῆς
481 2469 581 2531 πόλιος
593 2471 717 2550 γίνονται
731 2469 870 2529 συνάπαν-

66 2582 112 2620 τες
131 2557 288 2638 ὀγδώκοντα
304 2559 350 2615 καὶ
367 2557 552 2633 τετρακόσιοι·
573 2556 606 2616 τό
624 2557 676 2633 μέν
689 2583 736 2617 νυν
750 2558 873 2637 μέγαθος

68 2644 204 2704 τοσοῦτόν
231 2650 293 2704 ἐστι
315 2649 365 2703 τοῦ
391 2644 491 2707 ἄστεος
517 2649 566 2703 τοῦ
591 2646 785 2720 Βαβυλωνίου.
815 2650 871 2702 ἐκε-

67 2732 195 2809 κόσμητο
209 2732 238 2791 δὲ
252 2732 287 2795 οἷς
301 2732 380 2791 οῦδὲν
395 2733 469 2791 ἄλλο
483 2732 612 2825 πόλισμη
624 2736 679 2791 τῶν
692 2732 771 2807 ἡμεῖς
784 2732 871 2807 ἴδμεν-

66 2820 175 2898 τόφρος
187 2822 239 2896 μὲν
252 2819 349 2896 πρῶτό
361 2846 410 2897 μιν
423 2821 518 2895 βαθέα
533 2845 565 2878 τε
583 2820 629 2877 καὶ
644 2819 723 2896 εὐρέα
737 2821 783 2877 καὶ
795 2820 869 2895 πλέη

66 2908 166 2971 ὕδατος
178 2910 309 2985 περιθέει·
327 2908 399 2985 μετὰ
412 2909 450 2978 δὲ,
464 2912 557 2985 τεῖχος
570 2907 742 2982 πεντήκοντα
754 2911 806 2984 μὲν
818 2933 870 2982 πη·

66 2997 138 3074 χέων
159 2997 319 3072 βασιληίων
343 2996 389 3055 ἐόν
413 2995 446 3055 τό
475 2995 560 3072 εὖρος,
581 2994 651 3073 ὕψος
673 2995 702 3053 δέ
724 2995 871 3071 διηκοσίων

66 3084 188 3162 πηχέων·
211 3083 240 3162 (ὁ
265 3084 294 3142 δέ
316 3083 470 3159 βασιλήῖος
491 3087 582 3160 πῆχυς
602 3088 656 3141 τοῦ
676 3085 789 3160 μετρίου
811 3084 872 3141 ἐστὶ

66 3170 173 3250 πήχεος
189 3171 279 3248 μέζων
299 3172 377 3250 τρισὶ
393 3171 584 3254 δακτῦλοισιῆ
620 3174 674 3232 Δεῖ
685 3170 725 3246 δή
744 3197 781 3248 με
798 3168 944 3242 πρδςῖλδδ

61 3257 185 3318 rothum
209 3261 249 3318 ἔτι
274 3260 399 3334 φρόσαι,
423 3263 470 3322 ἵνα
491 3288 528 3324 τε
553 3268 587 3322 ἐκ
609 3267 664 3340 τῆς
688 3261 809 3336 τάφρου
832 3252 924 3326 ἦἺῗὶ
