2040 3464
142 117 189 164 334
442 114 615 163 ΗΡΟΔΟΤΟΤ
876 109 937 173 [IV.

140 197 275 276 γέφυραν,
286 193 304 272 ἢ
318 197 367 255 καί
376 223 405 256 τι
412 195 493 255 Ἴωσι
507 195 585 263 δόξαι
596 192 630 253 τό
643 192 731 269 ήμέας
744 191 805 251 οἶόν
817 217 848 250 τε
862 192 940 250 ἐσται

96 285 152 343 135
163 283 395 365 ἐξεργάσασθαι.”
427 282 563 360 Γωβρύης
575 285 626 359 μὲν
638 286 727 360 ταῦτα
740 279 939 355 συνεβούλευε·

141 372 213 447 μετά
239 372 276 443 δὲ,
298 372 348 442 νύξ
373 399 404 431 τε
427 373 535 452 ἐγένετο
563 372 609 429 καὶ
636 374 756 445 Δαρεῖος
782 373 885 446 ἐχρᾶτο
905 373 940 446 τῇ

142 460 238 540 γνώμῃ
250 460 346 539 ταύτῃ·
367 461 432 524 τούς
448 463 500 537 μὲν
519 458 694 536 καματηρούς
708 461 763 517 τῶν
776 455 883 533 ἀνδρῶν
895 459 941 516 καὶ

141 553 197 608 τῶν
223 547 258 623 ἦν
284 549 435 628 ἐλάχιστος
462 549 664 624 ἀπολλυμένων
689 545 784 626 λόγος,
807 545 853 603 καὶ
877 545 942 609 τούς

144 636 223 701 ὄνους
243 638 349 701 πάντας
369 637 536 713 καταδήσας,
550 636 682 694 κατέλιπε
702 633 788 693 αύτοΐ
807 633 894 712 ταύτῃ
913 640 942 694 ἐν

142 730 180 805 τῷ
206 727 396 805 στρατοπέδῳ.
438 725 571 784 κατέλιπε
597 724 627 783 δὲ
652 722 717 785 τούς
739 749 770 782 τε
794 721 874 785 ὄνους
897 724 942 781 καὶ

141 816 206 878 τούς
228 815 363 879 ἀσθενέας
388 819 439 891 τῆς
459 817 593 891 στρατιῆς
612 812 697 872 τῶνδε
718 812 829 870 εἵνεκεν·
851 810 896 870 ἵνα
916 815 943 870 οἱ

142 906 194 978 μὲν
206 900 265 962 όνοι
275 903 350 978 βοήν
362 905 546 982 παρέχωνται·
560 905 587 961 οἱ
600 901 630 960 δέ
643 899 783 977 ἅνθρωποι
797 898 943 976 ἀσθενείης

144 993 196 1065 μὲν
229 992 329 1050 εἵνεκεν
363 991 554 1059 κατελίποντο,
587 988 748 1066 προφάσιος
782 988 812 1045 δὲ
845 989 942 1062 τῆσδε·

146 1078 252 1154 δηλαδή
280 1078 362 1142 αύτάς
388 1082 440 1156 μὲν
467 1078 521 1139 σύν
546 1083 585 1156 τῷ
612 1078 723 1154 καθαρῷ
745 1080 796 1136 τοῦ
819 1080 943 1151 στρατοῦ

143 1166 331 1242 ἐπιθήσεσθαι
357 1169 461 1244 μέλλοι
486 1171 563 1226 τοῖσι
590 1166 725 1243 Σκύθῃσι,
750 1161 827 1222 οὗτοι
854 1164 884 1223 δέ
910 1170 943 1224 τό

144 1255 336 1331 στρατόπεδον
362 1259 462 1315 τοῦτον
487 1254 538 1314 τάν
564 1253 666 1333 χρόνον
691 1254 814 1328 ῥυοίατο.
855 1257 944 1313 ταῦτα

143 1347 219 1402 τοῖσι
242 1343 490 1419 ὑπολειπομένοισι
517 1343 686 1418 ὑποθέμενος
712 1340 728 1399 ὁ
752 1345 871 1415 Δαρεῖος
898 1342 944 1400 καὶ

143 1430 218 1507 πυρά
250 1431 394 1501 ἐκκαύσας,
424 1430 475 1506 τήν
504 1431 643 1509 ταχίστην
669 1430 794 1509 ἐπείγετο
822 1429 868 1487 ἐπὶ
894 1429 944 1489 τόν

139 1516 263 1595 Ἴστρον·
291 1522 317 1576 οἱ
338 1519 367 1577 δὲ
387 1517 446 1578 ὄνοι
467 1519 651 1593 ἐρημωθέντες
670 1521 720 1576 τοῦ
740 1515 851 1592 ὁμίλου,
873 1517 944 1576 οὕτω

144 1608 196 1680 μὲν
210 1605 243 1680 δή
255 1611 369 1681 μᾶλλον
382 1610 481 1684 πολλῷ
496 1607 574 1664 ἵεσαν
585 1609 636 1681 τῆς
649 1608 752 1680 φωνῆς·
773 1603 944 1668 ἀκούσαντες

145 1693 174 1751 δὲ
188 1697 215 1751 οἱ
229 1693 333 1755 Σκύθαι
348 1699 403 1754 τῶν
417 1693 494 1765 όνων,
508 1693 603 1774 πάγχυ
625 1693 694 1752 κατά
714 1691 808 1771 χιύρην
824 1690 944 1768 ήλπιζον

99 1783 155 1839 136
164 1781 228 1843 τούς
241 1783 356 1858 Πέρσας
370 1782 448 1841 εἶναι.
482 1781 606 1858 Ἡμέρης
619 1781 648 1838 δέ
660 1780 817 1860 γενομένης,
831 1780 945 1860 γνόντες

147 1871 174 1926 οἶ
186 1867 403 1944 ἀπολειφθέντες
417 1870 452 1932 ὦς
465 1870 663 1946 προδεδομένοι
677 1869 730 1927 εἶεν
743 1867 799 1926 ύπό
814 1871 943 1946 Δαρείου,

143 1954 239 2033 χεῖράς
251 1983 281 2014 τε
297 1959 489 2031 προετείνοντο
507 1961 583 2016 τοῖσι
598 1955 723 2032 Σκύθησι
738 1957 783 2013 καὶ
798 1956 898 2037 ἐλεγον
909 1958 945 2017 τά

145 2042 308 2117 κατήκοντα·
336 2046 363 2101 οἱ
380 2044 409 2102 δὲ
431 2043 467 2106 ως
486 2042 611 2118 ἥκουσαν
626 2048 722 2112 ταῦτα,
739 2043 791 2118 τήν
806 2045 945 2122 ταχίστην

145 2131 363 2205 συστραφέντες,
381 2131 413 2189 αἵ
425 2157 456 2190 τε
472 2131 521 2190 δύο
537 2135 635 2208 μοῖραι
652 2135 707 2190 τῶν
725 2132 854 2195 Σκυθέων
868 2133 944 2209 καὶή

144 2219 204 2294 μία,
219 2217 397 2295 Σαυρομάται
415 2220 460 2277 καὶ
479 2219 606 2279 Βουδῖνοι
623 2220 669 2277 καὶ
687 2219 818 2288 Γελωνοὶ,
833 2221 946 2282 ἐδίωκον

144 2305 209 2368 τούς
222 2307 338 2383 Πέρσας
352 2306 396 2365 ἰθύ
413 2311 463 2365 τοῦ
478 2305 604 2382 Ἴστρου·
625 2305 674 2365 ἅτε
691 2307 720 2365 δὲ
735 2311 785 2365 τοῦ
800 2312 945 2384 Περσικοῦ

144 2397 196 2470 μὲν
209 2399 259 2455 τοῦ
271 2399 382 2454 πολλοῦ
396 2394 489 2458 ἐόντος
502 2396 587 2465 πεζοῦ
599 2399 722 2471 στρατοῦ
742 2396 787 2453 καὶ
801 2395 852 2458 τάς
865 2395 946 2460 ὁδούς

145 2481 195 2542 ούκ
209 2484 404 2559 ἐπισταμένου,
414 2483 488 2542 ὥστε
500 2482 531 2541 ού
544 2482 721 2560 τετμημένων
733 2488 788 2542 τῶν
802 2483 883 2554 ὁδῶν,
896 2488 945 2544 τοῦ

146 2571 175 2629 δὲ
202 2573 338 2635 Σκυθικοῦ
366 2570 487 2632 ἱππότεω
514 2572 560 2629 καὶ
585 2571 621 2630 τά
648 2570 775 2648 σύντομα
801 2575 854 2647 τῆς
879 2572 945 2632 ὁδοῦ

146 2659 342 2735 ἐπισταμένου,
356 2659 527 2735 ἁμαρτόντες
544 2659 688 2734 ἀλλήλων,
702 2660 833 2735 ἔφθησαν
846 2666 947 2740 πολλῷ

146 2750 172 2806 οἶ
184 2747 290 2811 Σκύθαι
303 2747 368 2810 τούς
381 2746 498 2823 Πέρσας
511 2747 556 2806 ἐπὶ
568 2746 620 2821 τήν
633 2745 759 2827 γέφυραν
773 2747 945 2825 ἀπικόμενοι,

145 2833 282 2911 μαθόντες
303 2835 332 2894 δὲ
347 2835 411 2897 τούς
430 2836 547 2911 Πέρσας
565 2834 636 2894 ούκω
657 2834 827 2916 ἀπιγμένους
849 2839 947 2919 ἔλεγον

144 2923 215 3000 πρός
240 2923 305 2986 τούς
325 2922 422 2986 Ἴωνας
443 2923 538 2986 ἐόντας
565 2928 593 2982 ἐν
616 2927 685 3001 τῇσι
706 2924 798 2999 νηυσί
830 2924 947 3004 ((ἅνδρες

139 3010 241 3080 Ἴωνες,
261 3012 293 3069 αἴ
308 3037 339 3070 τε
358 3011 460 3087 ήμέραι
481 3010 546 3088 ύμῖν
566 3015 617 3070 τοῦ
639 3012 760 3088 ἀριθμοῦ
782 3011 946 3092 διοίχηνται,

138 3101 187 3161 καὶ
215 3099 250 3162 ου’
271 3098 380 3162 ποιέετέ
399 3125 433 3184 γε
454 3099 545 3159 δίκαια
565 3101 605 3158 ἔτι
625 3101 841 3177 παραμένοντες·
871 3101 947 3172 ἀλλ’,

126 3192 194 3252 ἐπεὶ
222 3191 370 3274 πρότερον
392 3189 584 3271 δειμαίνοντες
611 3187 731 3264 ἐμένετε,
747 3191 796 3244 νῖιν
812 3189 952 3252 λύσαντες

115 3279 178 3344 Τδν
194 3283 296 3366 πόρον
318 3285 376 3366 τήν
396 3282 548 3366 ταχίστην
563 3276 652 3337 ἄπιτε
663 3272 814 3351 χαίροντες
822 3270 979 3343 ὶλεύδερςε,
