2040 3464
133 105 240 168 ιιι-20]
457 111 618 158 mmmm.
888 103 933 156 112

130 208 161 242 τε
174 183 284 244 πάντων
298 186 386 262 σφίσι
401 188 501 256 ἐξεῖναι
514 187 673 268 γεύεσθαι·”
693 186 710 247 ὅ
724 186 753 245 δέ
767 182 829 248 θεύς
842 189 935 259 σφεας

128 268 180 330 οῦκ
200 272 231 329 ἔα
249 274 352 333 ποιέειν
372 279 467 345 ταῦτα,
490 276 546 351 φῦς
563 277 727 354 “Λῖγυπτον
744 273 813 332 εἶναι
833 271 936 345 ταύτην

127 365 180 440 την
201 365 217 425 ὁ
241 371 346 431 Νεῖλος
373 369 457 428 ἐπιῶν
483 368 568 446 ἄρδει·
604 371 650 428 καὶ
671 368 840 449 Αἰγυπτίους
864 365 933 425 εἶναι

127 453 242 517 τούτους
256 453 282 513 οἳ
295 456 388 532 ἔνερθε
400 456 603 533 Ἐλεφαντίνης
616 457 716 520 πόλιος
729 456 863 517 οἰκέοντες
876 453 932 513 οἷπῦ

126 545 178 601 τοῦ
204 548 333 618 ποταμοῦ
357 544 457 604 τούτου
484 545 624 605 πίνουσι.”
666 546 736 605 οὕτω
763 550 819 619 σφι
843 543 977 602 ταῦταΙθ

127 629 266 706 ἐχρήσθη.
308 633 454 711 ἐπέρχεται
475 633 504 691 δὲ
525 633 541 693 ὁ
564 637 677 702 Νεῖλος,
705 631 789 691 ἐπεοὶν
808 629 930 707 πληθύῃ,

127 717 160 775 ού
173 717 261 793 μόνον
273 717 307 778 τῦ
322 720 427 790 Δέλτα,
442 720 520 779 α’λλᾶ
540 722 586 779 καὶ
600 725 650 779 τοῦ
664 723 792 796 Λιβυκοῦ
805 743 837 777 τε
849 722 930 797 λεγο·

126 805 212 878 μένου
226 805 318 884 χοίρου
335 807 464 866 εἶναικαὶ
482 812 532 868 τοῦ
548 808 694 884 Ἀραβίου,
710 811 807 885 ἐνιαχῆ
821 807 866 864 καὶ
885 805 930 864 ἐπὶ

126 891 176 950 δύο
195 892 319 970 ἡμερέων
340 896 486 971 ἑκατέρωθι
505 895 578 966 ὁδὸν,
597 897 643 954 καὶ
657 899 746 954 πλεῦν
766 897 805 953 ἔτι
820 893 929 962 τούτου,

128 980 175 1038 καὶ
189 981 325 1041 ἔλασσον.

166 1072 223 1128 Τοῦ
239 1073 368 1146 ποταμοῦ
383 1070 413 1129 δὲ
427 1070 530 1147 φύσιος
550 1072 621 1147 πέρι,
644 1070 707 1130 οῦτε
726 1096 754 1130 τι
773 1074 829 1130 τῶν
849 1069 928 1144 ἱρέων

126 1153 190 1214 οῦτε
210 1154 302 1215 ἄλλον
323 1157 432 1220 ούδενῦς
454 1161 634 1235 παραλαβεῖν
656 1157 818 1232 ἐδυνάσθην.
859 1156 927 1232 πρύ-

126 1244 214 1319 θυμος
234 1245 264 1303 δὲ
283 1246 313 1303 ἐα
329 1245 395 1304 τάδε
410 1244 476 1322 παρ’
490 1245 579 1306 αὐτῶν
592 1246 740 1314 πυθέσθαι,
755 1244 771 1304 ὅ
789 1271 816 1304 τι
833 1243 927 1320 κατέρ·

124 1356 204 1408 χεται
217 1334 269 1409 μὲν
283 1332 299 1391 ὁ
313 1337 418 1395 Νεῖλος
431 1333 563 1408 πληθύων
576 1333 632 1391 <ind
647 1334 771 1410 τροπέων
788 1336 843 1390 τῶν
857 1332 927 1407 θερι·

125 1419 193 1477 νέων
213 1418 367 1497 ἀρξάμενος
388 1422 433 1479 ἐπὶ
457 1421 553 1480 ἑκατὸν
574 1421 688 1497 ἡμέρας,
707 1418 836 1482 πελάσας
856 1417 878 1477 δ’
900 1423 927 1482 ἐς

674 1506 718 1529 Ἰ
786 1507 831 1527 5!

124 1504 174 1565 τόν
187 1506 306 1584 οἷριθμὸν
323 1510 441 1567 τουτέων
457 1512 511 1567 τῶν
524 1508 648 1584 η’μερέων
666 1534 758 1567 οπισω
776 1531 927 1584 απερχεται

125 1593 287 1655 ἀπολείπων
306 1595 339 1654 τὰ
360 1596 482 1672 ῥέεθρον·
512 1595 584 1655 ὥστε
604 1595 715 1673 βραχύς
734 1594 784 1655 τῦν
803 1598 926 1673 χειμῶνα

125 1679 234 1742 ἅπαντα
252 1683 386 1742 διατελέει
403 1684 462 1751 ἐιῦν,
476 1683 560 1761 μέχρι
581 1681 614 1742 οῦ
634 1682 711 1745 αὖτις
729 1684 852 1759 τροπέων
869 1685 924 1741 τῶν

125 1770 260 1844 θερινέων.
301 1770 405 1830 τούτων
433 1769 469 1831 ὧν
495 1772 559 1848 πέρι
587 1770 696 1833 οῦδενός
719 1769 798 1830 οῦδὲν
822 1769 879 1832 οἷός
898 1768 922 1828 τ’

125 1856 259 1935 ἐγενόμην
270 1861 449 1935 παραλαβεῖν
459 1859 535 1935 παρὰ
548 1863 603 1919 τῶν
614 1859 779 1939 Αἰγυπτίων,
793 1858 925 1935 ἱστορέων

124 1942 224 2007 αύτούς
247 1946 343 2020 ἥντινα
365 1946 480 2023 δύναμιν
502 1949 558 2025 ἔχει
581 1946 597 2006 ὁ
619 1950 723 2009 Νεῖλος
746 1947 782 2005 τὰ
804 1948 924 2023 ἔμπαλιν

123 2033 277 2107 πεφυκέναι
296 2036 352 2092 τῶν
372 2033 467 2094 ἄλλων
491 2039 633 2111 ποταμῶν.
674 2031 762 2093 ταῦτά
782 2061 813 2093 τε
834 2034 867 2110 δη
887 2033 923 2093 τῦ

123 2121 279 2199 λελεγμένα
299 2120 475 2199 βουλόμενος
496 2123 603 2192 εἰδέναι,
629 2122 764 2198 ἱστόρεον,
786 2124 832 2181 καὶ
856 2120 872 2181 ὅ
895 2148 923 2181 τι

123 2205 208 2283 αύρας
241 2208 436 2272 ἀποπνεούσας
462 2215 563 2286 μοῦνος
594 2215 728 2287 ποταμῶν
754 2211 863 2270 πάντων
891 2209 923 2269 οῦ

122 2297 282 2374 παρέχεται.
323 2296 416 2354 Ἀλλυῖ
442 2296 586 2372 Ἑλλήνων
611 2299 663 2374 μέν
686 2325 766 2368 τινες,
791 2299 924 2374 ἐπίσημοι
932 2297 971 2357 20

121 2383 293 2460 βουλόμενοι
307 2385 438 2464 γενέσθαι
452 2387 566 2460 σοφίην,
579 2387 675 2454 ἔλεξαν
688 2389 752 2462 περὶ
766 2391 815 2445 τοῦ
824 2386 923 2449 ὕδατος

121 2470 221 2529 τούτου
233 2473 388 2548 τριφασίας
403 2472 491 2534 ὁδούς·
511 2477 567 2531 τῶν
587 2474 637 2536 ταὶς
654 2477 705 2549 μὲν
723 2474 771 2533 δύο
784 2478 839 2532 τῶν
851 2473 923 2533 ὁδῶν

123 2557 179 2616 οὐδ’
192 2557 259 2627 α’ξιιῦ
272 2560 440 2634 μνησθῆναι,
450 2564 474 2618 εἰ
483 2561 523 2636 μὴ
535 2560 605 2620 ὅσον
615 2566 740 2639 σημῇναι
747 2561 922 2637 βουλόμενος

120 2650 233 2722 μοῦνον·
254 2650 310 2706 τῶν
322 2647 341 2722 η’
356 2649 434 2722 ἑτέρη
446 2650 498 2723 μὲν
512 2649 590 2729 λέγει
602 2649 667 2711 τοῦς
681 2650 793 2724 ἐτησίας
806 2647 922 2724 ἀνέμους

121 2732 192 2792 εἶναι
212 2735 315 2798 αἰτίους
335 2734 472 2811 πληθύειν
491 2735 540 2795 τῦν
559 2736 696 2811 ποταμὸν,
718 2734 874 2798 κωλύοντας
895 2742 922 2800 ἐς

121 2820 275 2882 θάλασσαν
288 2823 390 2899 ἐκρέειν
402 2821 452 2881 τᾶν
465 2827 582 2883 Νεῖλον.
616 2822 755 2886 πολλάκις
769 2824 799 2881 δὲ
813 2824 922 2898 ἐτησίαι

119 2910 172 2984 μὲν
185 2907 235 2968 οῦκ
249 2909 286 2970 ὦν
299 2911 443 2978 ἔπνευσαν,
458 2909 473 2969 ὁ
490 2911 519 2969 δέ
536 2914 642 2973 Νεῖλος
661 2911 749 2971 τώυτό
768 2910 920 2992 ἐργάζεται·

119 2996 191 3070 πρδς
202 2997 239 3067 δὲ,
252 3002 278 3056 εἰ
288 2999 400 3075 ἐτησίαι
412 3000 497 3060 αἴτιοι
509 2999 598 3079 ἦσαν,
608 3005 684 3083 χρῆν
697 3002 745 3061 καὶ
753 3000 823 3062 τοῦς
833 2999 951 3056 mmm

106 3085 254 3184 'ff’fflswv'e
265 3085 335 3149 ὅσοι
352 3094 437 3152 τοῖσι
459 3095 603 3176 ἐτησίῃσι
622 3093 723 3154 ἀντίοι
738 3090 848 3171 ῥέουσι
864 3081 978 3187 ὀμῡὶωῒ

85 3176 292 3280 μασχεινμαὶ
311 3181 391 3242 καταὶ
411 3182 454 3246 τυῖ
479 3184 563 3248 αὐτὰ
582 3190 630 3268 τῷ
649 3183 777 3263 Nem&
795 3179 848 3237 καὶ
873 3168 1000 3247 ΝΜ

77 3272 122 3306 ‘⁷‘
140 3277 288 3341 ⁷⁰⁰⁰W‘i’s
306 3266 376 3354 ὅσῳ
398 3276 586 3346 ε’λιίσσονες
610 3275 723 3340 ἐόντες
743 3265 977 3333 ῦσῦευὲστεοῦ
988 3263 1020 3294 “““
