2040 3464
86 112 194 173 22-25]
433 113 567 164 θιιυιι.
665 113 667 118 ·
835 116 882 166 211

85 188 151 264 ζόης
164 193 209 248 καὶ
222 190 327 266 διαίτης
339 192 411 267 πέρι,
427 193 487 249 ἔτεα
500 194 552 266 μὲν
565 196 593 256 ἒς
607 191 709 266 ἐείκοσι
725 191 772 251 καὶ
788 192 886 255 έκατάν

84 278 150 340 τούς
169 278 294 340 πολλοῦς
317 278 405 338 αὐτῶν
429 279 618 348 ἀπικνέεσθαι,
638 278 832 355 ὑπερβάλλειν
851 280 883 341 δέ

84 390 160 428 τινας
180 365 226 423 καὶ
246 369 343 424 ταῦτα·
374 366 488 440 σίτησιν
508 367 538 424 δὲ
559 366 628 426 εἶναι
647 368 714 442 κρέα
734 366 817 441 ἑφθά,
838 369 885 430 καὶ

83 451 163 528 πόμα
175 452 260 533 γάλα·
282 454 378 529 θῶυμα
395 454 425 512 δὲ
441 454 609 530 ποιευμένων
626 459 682 512 τῶν
700 453 883 516 κατασκόπων

83 539 220 615 περὶτῶν
236 541 324 611 ε’τέων,
339 541 385 598 ε’·πὶ
403 540 505 616 κρήνην
523 548 579 616 σφι
594 540 769 620 η’γήσασθαι·
790 539 838 600 ἀπ’
849 541 884 618 ἧς

83 625 233 703 λουόμενοι
250 627 436 704 λιπαρώτεροι
450 629 582 708 ἐγίνοντο,
602 627 724 704 κατάπερ
746 633 770 688 εἰ
788 631 883 691 έλαίου

85 714 137 790 εἴη·
163 713 236 785 ὄζειν
256 715 286 773 δὲ
305 713 353 773 ἀπ’
374 714 459 791 αύτῆς
480 714 546 774 άσεὶ
567 716 623 774 ἰ’ων.
665 715 781 778 ἀσθενὲς
801 716 830 774 δὲ
849 717 883 777 τά

82 800 155 879 ὕδωρ
167 807 218 878 τῆς
234 803 335 879 κρήνης
350 803 451 878 ταύτης
471 802 542 862 οὕτω
561 802 595 878 δή
614 828 643 861 τι
663 805 760 883 ἔλεγον
774 803 843 862 εἶναι
856 807 882 865 οἶ

83 889 267 960 κατάσκοποι,
290 890 362 949 ὥστε
385 891 471 966 μηδὲν
498 890 557 950 οἶόν
581 916 613 949 τε
639 890 708 949 εἶναι
729 889 770 949 ἐπ’
798 890 882 951 αὐτοῦ

84 979 233 1047 ἐπιπλέειν,
260 978 331 1053 μήτε
359 977 443 1046 ξύλον
469 977 540 1054 μήτε
559 982 613 1037 τῶν
634 977 690 1038 ὅσα
714 978 799 1046 ξύλου
820 980 882 1038 ε’στὶ

84 1064 268 1140 ἐλαφρότερα,
285 1064 364 1124 ἀλλά
383 1064 474 1124 πάντα
495 1067 572 1140 σφέα
591 1067 705 1144 χωρέειν
719 1071 746 1128 ές
757 1065 882 1140 βυσσόν·

84 1152 128 1232 (vd
160 1152 254 1229 ὲύδωρ
267 1156 352 1211 τοῦτο
366 1154 391 1211 εἴ
403 1153 461 1228 σφί
473 1158 534 1212 ἐστι
547 1152 671 1227 ἀληθέως
688 1152 747 1212 οἶόν
760 1178 788 1210 τι
803 1154 881 1232 λέγε·

82 1265 137 1309 ται,
152 1240 197 1298 διά
211 1244 295 1299 τοῦτο
316 1238 350 1299 ἂν
371 1239 432 1308 εἶεν,
446 1239 533 1318 τούτῳ
552 1238 588 1298 τά
608 1239 699 1298 πάντα
718 1239 879 1317 χρεόμενοι,

82 1327 258 1408 μακρόβιον)
280 1326 336 1387 ἀπό
362 1331 413 1402 τῆς
434 1327 535 1403 κρήνης
557 1327 586 1385 δὲ
606 1326 880 1402 ἀπαλλασσομένων,

83 1413 198 1496 ἀγαγεῖν
218 1416 310 1490 σφέας
330 1419 357 1477 ές
377 1415 566 1491 δεσμωτήριον
585 1414 699 1490 ἀνδρῶν,
727 1415 791 1474 ἔνθα
816 1415 882 1478 τούς

81 1502 188 1565 πάντας
209 1507 238 1562 ἐν
260 1503 363 1581 πέδησι
385 1504 524 1581 χρυσέῃσι
547 1503 685 1562 δεδέσθαι·
713 1503 774 1561 ἔστι
798 1502 827 1560 δὲ
851 1509 881 1562 ἐν

81 1589 208 1650 τούτοισι
223 1594 299 1649 τοῖσι
312 1591 427 1668 Αἰθίοψι
444 1590 554 1648 πάντων
567 1589 583 1649 ὁ
598 1589 706 1667 χαλκός
724 1589 879 1648 σπανιιύτα·

81 1703 131 1737 τον
149 1678 195 1736 καὶ
215 1677 390 1753 τιμιιύτατον·
412 1677 581 1753 θεησάμενοι
603 1678 632 1735 δὲ
653 1678 699 1735 καὶ
719 1677 753 1736 τό
775 1677 880 1752 δεσμω·

81 1765 184 1841 τήριον,
212 1765 364 1840 ἐθεήσαντο
386 1766 432 1824 καὶ
457 1765 509 1840 τήν
534 1769 584 1825 τοῦ
605 1764 706 1824 Ἡλίου
727 1766 881 1845 λεγομένην

80 1851 229 1928 τράπεζαν.
272 1852 353 1911 Μετά
372 1852 401 1912 δὲ
420 1853 531 1928 ταύτην,
552 1852 712 1915 τελευταίας
728 1852 880 1928 ἐθεήσαντο
889 1853 925 1914 24

80 1938 132 2002 τάς
145 1939 231 2015 θήκας
246 1939 343 2008 αὐτῶν,
358 1939 387 1997 αἳ
403 1941 534 2019 λέγονται
552 1940 737 2010 σκευάζεσθαι
754 1941 785 2009 ἐξ
796 1940 879 2000 ύέλου

80 2027 174 2106 τρόπῳ
191 2028 296 2106 τοιῷδε·
317 2027 401 2086 ε’πεάν
419 2028 468 2087 τάν
486 2026 582 2104 νεκρόν
602 2027 763 2107 ἰσχνήνωσι,
779 2028 833 2087 εἴτε
845 2027 879 2103 δή

81 2112 205 2189 κατάπερ
232 2112 381 2192 Αἰγύπτιοι
408 2114 462 2172 εἴτε
492 2113 586 2177 άλλως
614 2141 674 2183 κως,
700 2113 880 2195 γυψώσαντες

82 2199 191 2259 ἅπαντα
217 2199 302 2259 αύτάν
324 2206 434 2280 γραφῇ-
450 2202 612 2278 κοσμέουσι,
637 2203 823 2278 ἐξομοιεῦντες
844 2201 879 2261 τό

82 2289 153 2350 εἶδος
166 2294 193 2350 ἐς
205 2288 238 2348 τά
252 2288 376 2348 δυνατόν·
398 2291 491 2348 ἔπειτα
505 2290 536 2348 δέ
548 2293 574 2348 οἶ
588 2294 750 2364 περιϊστᾶσι
768 2290 879 2364 στήλην

82 2376 114 2445 ἐξ
132 2376 215 2435 ύέλου
229 2378 415 2452 πεποιημένην
432 2377 539 2451 κοίλην·
565 2376 584 2451 ἦ
603 2377 633 2435 δέ
651 2384 707 2452 σφι
722 2376 818 2451 πολλή
833 2377 879 2434 καὶ

82 2463 193 2544 εύεργὸς
216 2463 376 2540 ὀρύσσεται·
408 2469 437 2522 ε’ν
463 2465 538 2542 μέση
566 2464 654 2541 δὲ.τῇ
680 2463 774 2541 στήλη
800 2462 881 2522 ε’νεών

82 2550 256 2626 διαφαίνεται
278 2549 295 2610 ἀ
318 2551 404 2620 νέκυς,
428 2549 491 2610 ούτε
513 2550 602 2627 ὀδμήν
629 2548 760 2624 ούδεμίαν
780 2548 880 2627 ἄχαριν

580 2637 587 2654 ³
608 2639 616 2659 ἱ

81 2638 270 2717 παρεχόμενος
284 2636 348 2697 οὔτε
362 2636 436 2696 ἀλλο
453 2637 541 2700 ἀεικὲς
556 2637 642 2706 ονδεν,
657 2637 702 2695 καὶ
719 2638 776 2716 ἔχει
789 2637 880 2695 πάντα

81 2725 189 2802 φανερά
209 2725 309 2801 ὁμοίως
329 2724 401 2803 αύτῷ
426 2723 475 2806 [τῷ
495 2723 590 2806 νέκυῖ.]
631 2724 754 2783 ε’νιαυτάν
774 2725 825 2799 μὲν
845 2721 879 2797 δή

82 2813 180 2891 ἔχουσι
204 2813 257 2889 τήν
283 2811 394 2887 στήλην
418 2817 448 2871 έν
469 2815 547 2870 τοῖσι
570 2811 683 2870 οἰκίοισι
704 2814 731 2869 οἱ
753 2811 881 2887 μάλιστα

82 2900 279 2976 προσήκοντες,
298 2899 408 2958 πάντων
428 2924 458 2957 τε
476 2898 667 2977 ἀπαρχόμενοι
680 2899 726 2957 καὶ
742 2899 840 2960 θυσίας
854 2900 881 2958 οἱ

82 2988 282 3069 προσάγοντες·
311 2986 382 3063 μετά
403 2985 433 3045 δὲ
459 2991 547 3045 ταῦτα
567 2986 763 3064 ἐκκομίσαντες
783 2988 882 3046 ἱστᾶσι

84 3075 146 3152 περὶ
162 3076 214 3150 τήν
227 3074 321 3134 πόλιν.

124 3160 299 3238 Θεησάμενοι
319 3161 349 3220 δὲ
368 3159 406 3221 τά
424 3160 519 3224 πάντα
539 3163 570 3224 οὶ
593 3161 789 3229 κατάσκοποι,
810 3155 958 3215 {xm-‘2¹2³

76 3248 224 3309 λάσσοντο
243 3248 349 3310 όπίσω·
369 3249 619 3332 ἀπαγγειλάντων
637 3252 676 3313 δὶ
690 3252 793 3312 παῖπο.
807 3241 940 3301 πουτψῖι
