2040 3464
125 111 172 163 ιω
428 108 610 156 Ἱινοιουου
871 106 922 170 [ιι.

126 187 171 246 διαὶ
190 187 294 249 τούτων
314 188 455 247 δάκνουσι·
478 187 568 247 διὰδὲ
585 191 635 247 τοῦ
652 186 762 247 δικτύου
783 184 847 246 ούδέ
865 211 925 247 πει-

123 280 224 352 ρῶνται
238 273 337 353 άρχήν·

79 362 117 424 96
166 361 209 421 Τά
227 363 257 421 δὲ
274 362 308 438 δή
325 362 413 422 πλοῖά
428 368 492 438 σφι,
506 363 583 421 τοῖσι
601 362 800 442 φορτηγέουσι,
815 361 876 421 ἔστι
894 365 925 422 ἐκ

125 454 175 525 τῆς
187 449 307 525 άκάνθης
317 450 476 528 ποιεύμενα·
489 455 539 525 τῆς
552 449 571 524 ἦ
581 449 680 526 μορφή
694 450 746 524 μέν
757 455 819 508 ἐστι
832 449 925 522 όμοιο·

124 539 195 612 τάτη
208 541 246 616 τῷ
260 539 407 617 Κυρηναίῳ
421 541 509 615 λωτῷ,
522 538 556 596 τό
571 538 600 596 δὲ
613 538 731 614 δάκρυον
750 536 839 613 κόμμι
853 537 924 597 ἐστί·

126 629 156 684 ἐκ
174 625 276 701 ταύτης
292 625 328 685 ὦν
344 630 394 700 τῆς
410 625 531 700 ἀκάνθης
550 624 703 702 κοψάμενοι
722 624 793 693 ξύλα
809 622 879 685 ὅσον
893 649 926 685 τι

126 713 245 791 διπήχεα
254 712 408 789 πλινθηδδν
418 715 583 783 συντιθεῖσι,
592 711 811 791 ναυπηγεύμενοι
820 712 926 788 τρόπον

126 801 241 861 τοιόνδε·
261 802 326 877 περὶ
340 791 470 881 γόμφους
490 799 609 864 πυκνούς
627 801 672 858 καὶ
687 799 810 876 μακρούς
824 800 926 876 περιτί-

125 915 208 964 ρουσι
225 888 261 948 τά
281 889 401 967 διπήχεα
417 888 497 958 ξύλα·
519 887 602 947 ἐπεάν
621 888 651 947 δέ
669 891 707 966 τῷ
723 887 817 966 τρόπῳ
837 887 925 947 τούτω

126 977 367 1057 ναυπηγήσωνται,
381 976 450 1057 ζυγά
469 980 607 1051 ἐπιπολῆς
622 977 745 1036 τείνουσι
762 975 860 1034 αὐτῶν·
881 1002 925 1036 νο·

128 1069 213 1140 μεῦσι
234 1065 263 1122 δὲ
284 1064 363 1124 οὐδὲν
383 1066 527 1144 χρέωνται·
551 1064 654 1124 ἔσωθεν
676 1062 772 1125 δὲτὰς
792 1063 926 1139 ἁρμονίας

127 1157 156 1211 ἐν
170 1151 206 1211 ὧν
221 1152 385 1212 ἐπάκτωσαν
398 1157 434 1231 τῇ
448 1153 562 1232 βύβλῳ·
579 1152 718 1227 πηδάλιον
732 1152 761 1210 δὲ
776 1151 804 1211 ἐν
818 1156 925 1211 ποιεύν-

128 1267 182 1310 ται,
198 1242 243 1299 καὶ
261 1246 344 1301 τοῦτο
363 1241 409 1300 διά
427 1245 476 1315 της
489 1239 603 1316 τρόπιος
617 1239 787 1315 διαβύνεται·
815 1242 884 1318 ἱστῷ
897 1241 925 1300 δὲ

127 1328 262 1407 α’κανθίνῳ
280 1329 422 1406 χρέωνται,
441 1329 558 1387 ἱστίοισι
579 1328 608 1386 δὲ
626 1328 805 1402 βυβλίνοισι.
838 1332 927 1387 ταῦτα

127 1416 164 1475 τοὶ
179 1420 267 1475 πλοῖα
286 1415 338 1475 οἶνοῖ
356 1418 408 1492 μὲν
421 1416 472 1476 τόν
490 1414 617 1492 ποταμόν
634 1415 666 1473 ού
685 1413 813 1474 δύνανται
830 1415 927 1475 πλέειν

128 1502 163 1578 ἢν
175 1504 215 1581 μή
230 1503 360 1582 λαμπρός
372 1503 472 1580 ἄνεμος
486 1504 580 1582 ἐπέχῃ,
596 1508 626 1561 ἐκ
639 1507 692 1583 γῆς
705 1502 735 1560 δὲ
748 1503 926 1579 παρέλκεται·
962 1536 964 1540 ·

130 1591 199 1651 κατά
212 1591 277 1668 ῥόον
289 1592 318 1650 δὲ
332 1593 472 1668 κομίζεται
487 1589 547 1650 ὧδε·
565 1593 627 1650 ἔστι
641 1596 671 1648 ἐκ
683 1591 800 1666 μυρίκης
813 1617 926 1666 πεπυιη·

128 1680 197 1755 μένη
219 1679 288 1756 θύρη
310 1680 519 1756 κατερραμμένη
536 1680 610 1756 ῥίπεῖ
629 1676 769 1754 καλάμων,
784 1679 830 1736 καὶ
847 1679 926 1742 λίθος

127 1768 291 1843 τετρημένος
305 1767 467 1830 διτάλαντος
479 1766 608 1843 μάλιστά
622 1792 656 1841 κη
670 1765 807 1842 σταθμόν·
822 1765 928 1827 τούτων

127 1855 179 1930 τήν
191 1857 242 1930 μὲν
256 1854 341 1931 θύρην
354 1855 499 1931 δεδεμένην
514 1855 590 1933 κάλῳ
605 1856 748 1931 ἔμπροσθε
761 1858 812 1913 τοῦ
824 1855 928 1915 πλοίου

129 1941 204 2001 άπίει
220 1943 412 2018 ἐπιφέρεσθαι,
425 1942 475 2002 τόν
492 1943 521 2001 δὲ
537 1944 619 2002 λίθον
632 1941 711 2022 ἅλλῳ
726 1942 802 2022 κάλῳ
815 1940 926 2004 ὄπισθε·

128 2029 147 2106 ή
160 2033 211 2106 μὲν
225 2029 258 2105 δή
274 2030 351 2107 θύρη,
364 2034 414 2089 τοῦ
427 2029 494 2106 ῥόου
508 2031 701 2106 ἐμπίπτοντος,
713 2031 811 2108 χωρέει
823 2032 928 2110 ταχέως

130 2119 175 2177 καὶ
199 2119 273 2176 ἕλκει
296 2118 348 2193 τήν
368 2117 463 2195 βάριν·
485 2118 580 2196 (τοῦτο
601 2118 656 2199 γάρ
681 2118 714 2193 δή
740 2117 845 2194 ούνομά
867 2124 929 2179 ἐστι

129 2210 205 2266 τοῖσι
217 2207 346 2265 πλοίοισι
358 2206 505 2285 τούτοισι)
527 2206 543 2264 ὁ
559 2208 589 2266 δὲ
605 2208 684 2270 λίθος
698 2205 800 2266 ὄπισθε
814 2207 927 2267 ἐπελκό-

129 2321 211 2371 μενος
224 2294 269 2353 καὶ
284 2295 334 2354 ἐών
348 2300 377 2354 ἐν
390 2297 502 2373 βυσσῷ,
518 2295 656 2354 κατιθύνει
669 2295 718 2355 τόν
731 2293 832 2354 πλόον.
867 2295 926 2355 ἐστι

130 2385 162 2442 δέ
177 2391 230 2460 σφι
246 2383 281 2442 τά
294 2387 383 2442 πλοῖα
395 2387 483 2443 ταῦτα
496 2383 600 2458 πλήθεϊ
614 2383 719 2452 πολλοὶ,
735 2383 780 2440 καὶ
794 2381 856 2462 ἄγει
871 2384 927 2443 ἐνιει

83 2476 119 2532 97
129 2471 240 2534 πολλάς
263 2471 392 2550 χιλιάδας
415 2470 568 2531 ταλάντων.
609 2469 712 2529 Ἐπεὰν
733 2471 762 2529 δὲ
785 2472 892 2548 ἐπέλθῃ
911 2477 929 2532 ὁ

130 2565 234 2623 Νεῖλος
249 2559 300 2634 τήν
313 2558 414 2638 χώρην,
430 2562 459 2617 αἱ
475 2558 558 2622 πόλις
571 2563 672 2635 μοῦναι
687 2561 834 2634 φαίνονται
847 2558 930 2636 ύπερ-

131 2649 255 2726 έχουσαι,
277 2647 405 2723 μάλιστά
427 2673 461 2722 κη
483 2648 614 2723 ἐμφερέες
632 2651 701 2725 τῇσι
721 2653 749 2706 ἐν
765 2650 804 2726 τῷ
823 2648 930 2727 Αἰγαίῳ

130 2736 221 2814 πόντῳ
244 2735 369 2810 νήσοισι·
396 2735 432 2794 τά
458 2737 509 2810 μὲν
533 2735 588 2815 γάρ
613 2734 690 2793 ἄλλα
712 2738 763 2810 τῆς
786 2734 930 2814 Αἰγύπτου

130 2825 254 2904 πέλαγος
276 2825 390 2903 γίνεται,
413 2826 443 2880 αἱ
469 2823 498 2881 δὲ
521 2822 604 2885 πόλις
627 2827 728 2898 μοῦναι
750 2822 929 2901 ὑπερέχουσι.

132 2910 336 2988 πορθμεύονται
355 2910 399 2980 ὧν,
414 2910 497 2969 ἐπεάν
515 2914 598 2969 τοῦτο
613 2910 735 2990 γένηται,
750 2910 842 2970 ούκέτι
860 2911 931 2972 κατὰ

130 2999 166 3059 τά
178 2999 279 3076 ῥέεθρα
291 3004 342 3059 τοῦ
355 3002 492 3073 ποταμοῦ,
507 2997 585 3056 άλλά
598 2997 643 3057 διοὶ
656 3000 747 3076 μέσου
761 3003 811 3058 τοῦ
824 2999 930 3059 πεδίου.

125 3091 156 3149 ἐς
166 3087 226 3163 μέν
237 3113 272 3168 γε
290 3088 411 3164 Μέμφιν
428 3090 458 3144 ἐκ
476 3085 652 3163 Ναυκράτιος
668 3085 852 3157 α’ναπλάοντι,
865 3085 931 3164 παρ’

110 3172 203 3236 αύτάς
216 3174 270 3239 τάς
290 3174 454 3256 πυραμίδας
469 3174 579 3258 γίνεται
594 3173 609 3234 ὃ
628 3172 726 3237 πλόος·
742 3173 822 3256 χὶστι
835 3174 868 3232 δλ
882 3173 931 3232 οὐκ

98 3257 198 3330 οὗτος,
227 3263 316 3330 α’λλά
341 3265 428 3342 παρὰ
458 3265 494 3328 τὸ
520 3264 573 3337 ὃξδ
597 3267 649 3326 που
678 3264 785 3329 mm,
809 3259 857 3317 καλ
874 3258 950 3330 mk
