2040 3464
127 109 175 164 170
432 115 610 163 ἨνοΔουον
874 117 916 181 [Π

126 190 255 267 μηχανήν
270 191 375 250 ἐτίθετο
390 195 533 251 ἑστεῶσαν
546 193 592 250 ἐπὶ
608 197 658 251 τοῦ
672 193 782 269 πρώτου
796 195 925 273 στοίχου·

127 277 185 335 α’πό
201 275 300 336 τούτου
319 277 348 335 δὲ
367 279 412 335 ἐπὶ
429 278 479 337 τόν
495 277 621 353 δεύτερον
635 280 731 339 ἕλκετο
749 285 867 358 στοῖχον
883 280 927 340 ἐπ’

126 361 217 439 άλλης
228 368 364 441 μηχανῆς·
385 364 451 424 ὅσοι
463 364 518 444 γάρ
532 365 565 440 δή
580 369 693 443 στοῖχοι
705 365 781 440 ἦσαν
793 372 848 426 τῶν
861 367 924 427 άνα·

126 451 246 526 βαθμῶν
263 455 399 509 τοσαῦται
420 452 465 510 καὶ
486 455 515 510 αἱ
534 453 658 530 μηχαναὶ
678 451 762 527 ἦσαν·
785 455 810 512 εἴ
828 479 860 512 τε
880 457 927 514 καί

125 537 177 613 τήν
190 537 276 613 αὐτήν
288 539 417 616 μηχανήν
432 542 534 597 ἐοῦσαν
547 540 613 614 μίαν
626 565 657 598 τε
671 541 717 598 καὶ
731 531 927 615 εὐβάστακτον

126 624 297 702 μετεφόρεον
320 626 366 684 ἐπὶ
390 629 507 703 στοῖχον
531 627 658 697 ἕκαστον,
680 625 750 689 ὅκως
772 627 823 686 τόν
844 629 926 689 λίθον

127 714 256 782 ἐξέλοιεν·
277 714 404 792 λελέχθω
419 712 475 792 γοίρ
491 712 559 789 ἡμῖν
576 713 617 772 ἐπ’
632 713 788 789 ἀμφότερα,
802 715 926 792 κατάπερ

126 801 248 880 λέγεται.
283 800 430 875 ἐξεποιήθη
445 799 467 858 δ’
482 799 519 859 ῶν
530 800 567 860 τά
580 800 707 860 άνώτατα
720 801 806 875 αὐτῆς
819 807 925 878 πρῶτα·

126 888 197 964 μετοί
210 887 248 957 δὲ,
261 889 297 946 τά
314 887 435 963 ἑπόμενα
448 887 552 946 τούτων
565 888 713 957 ἐξεποίευν·
734 893 880 948 τελευταῖα
896 891 925 950 δέ

127 975 212 1049 αὐτῆς
236 974 273 1034 τά
299 975 412 1054 ἐπίγαια
439 975 485 1032 καὶ
510 975 547 1034 τοὶ
574 975 720 1034 κατωτάτω
748 976 924 1053 ἐξεποίησαν.

126 1061 303 1138 σεσήμανται
329 1062 360 1120 δέ
385 1061 430 1121 διά
453 1062 624 1141 γραμμάτων
650 1063 809 1142 Αἰγυπτίων
833 1069 862 1123 ἐν
888 1069 925 1142 τῇ

126 1150 268 1228 πυραμίδι,
283 1147 339 1209 όσα
355 1150 382 1211 ἐς
398 1174 429 1208 τε
442 1151 582 1226 συρμαίην
596 1151 641 1208 καὶ
656 1149 784 1226 κρόμμυα
798 1151 844 1209 καὶ
858 1151 924 1211 σκό-

125 1237 195 1313 ροδα
215 1237 390 1314 ἀναισιμώθη
409 1240 487 1295 τοῖσι
507 1238 728 1317 ἐργαζομένοισι·
753 1238 799 1296 καὶ
820 1236 856 1300 ῶς
876 1242 925 1314 ἐμὲ

127 1324 157 1384 εὖ
176 1327 338 1401 μεμνῆσθαι
361 1322 397 1385 τά
418 1323 433 1383 ό
455 1324 584 1400 ἑρμηνεύς
603 1351 653 1401 μοι
673 1324 870 1404 ἐπιλεγόμενος
888 1327 924 1385 τά

125 1412 277 1491 γράμματα
297 1415 360 1489 ἐφη,
379 1411 511 1480 ἑξακόσια
529 1413 575 1471 καί
595 1413 677 1490 χίλια
696 1412 821 1471 τάλαντα
841 1412 924 1493 α’ργυ-

71 1557 72 1562 ,
125 1500 186 1575 ρίου
206 1502 380 1561 τετελέσθαι.
422 1504 446 1558 εἰ
466 1499 489 1558 δ’
511 1502 572 1559 ἐστι
596 1499 681 1563 οὕτως
704 1500 804 1577 ἔχοντα
826 1504 923 1572 ταῦτα,

127 1587 199 1647 κόσα
217 1587 288 1650 εἰκδς
304 1588 381 1646 ἅλλα
400 1587 611 1662 δεδαπανῆσθαί
629 1592 691 1645 ἐστι
712 1588 738 1648 ἐς
757 1612 788 1646 τε
809 1588 924 1664 σίδηρον

125 1679 164 1754 τῷ
181 1676 336 1757 ἐργάζοντο,
357 1676 403 1734 καὶ
423 1676 502 1734 σιτία
522 1676 567 1734 καὶ
588 1676 696 1749 ἐσθῆτα
713 1678 792 1733 τοῖσι
812 1677 923 1756 ἐργαζο·

126 1764 253 1838 μένοισι;
275 1763 354 1823 ὁκότε
369 1761 471 1840 χρόνον
488 1765 540 1838 μὲν
558 1762 718 1838 οἰκοδόμεον
734 1761 770 1820 τά
787 1764 855 1842 ἐργα
874 1764 924 1823 τῶν

126 1851 274 1927 εἰρημένον,
286 1849 376 1909 ἄλλον
386 1850 424 1919 δέ,
436 1848 472 1911 ῶς
485 1848 539 1930 ἐγώ
553 1850 646 1919 δοκέω,
658 1855 687 1909 ἐν
699 1853 738 1928 τῷ
749 1848 814 1912 τοῶς
826 1851 923 1914 λίθους

126 1939 242 2014 ἔταμνον
255 1939 301 1996 καί
315 1935 392 2018 ἄγον,
404 1938 450 1996 καὶ
462 1937 495 1996 τό
509 1937 563 1997 ὑπὸ
577 1941 632 2017 γῆν
645 1936 754 2016 ὄρυγμα
765 1937 922 2018 ἐργάζοντο,

80 2025 194 2084 1260va
214 2024 313 2105 ὀλίγον
333 2022 443 2103 χρόνον.
484 2023 532 2086 Ἐς
551 2028 636 2083 τοῦτο
657 2024 687 2082 δέ
711 2025 803 2083 ἐλθεῖν
823 2026 922 2084 Χέοπα

125 2112 283 2188 κακότητος,
302 2111 375 2172 ὥστε
391 2111 540 2191 χρημάτων
557 2112 695 2188 δεόμενον,
713 2112 765 2186 τήν
784 2112 923 2192 θυγατέρα

124 2201 176 2276 τήν
203 2204 302 2260 ἑωυτοῦ
334 2202 487 2260 κατίσαντα
516 2199 558 2258 ἐπ’
585 2199 734 2275 οἰκήματος
763 2199 922 2275 προστάξαι

125 2288 308 2365 πρήσσεσθαι
334 2287 464 2369 άργόριον
490 2286 594 2347 ὁκόσον
619 2287 654 2362 δή
677 2312 715 2347 τι·
744 2286 776 2346 οὖ
803 2287 859 2367 γοὶρ
887 2289 921 2364 δή

124 2377 208 2437 τοῦτό
220 2403 253 2458 γε
267 2379 373 2457 ἔλεγον·
393 2376 445 2452 τήν
459 2375 488 2435 δέ
504 2375 583 2436 τότε
599 2374 654 2435 ὑπὸ
670 2379 721 2434 τοῦ
733 2374 839 2451 πατρός
855 2401 922 2455 ταχ-

125 2465 207 2524 θέντα
227 2464 417 2542 πρήσσεσθαι,
440 2463 493 2542 ἰδίη
513 2463 544 2521 δὲ
564 2463 610 2522 καὶ
631 2461 717 2537 αὐτήν
740 2462 922 2538 διανοηθῆναι

124 2552 263 2631 μνημήῖον
273 2552 487 2621 καταλιπέσθαι,
499 2552 544 2609 καὶ
557 2555 607 2610 τοῦ
619 2550 743 2614 ἐσιόντος
755 2550 826 2628 πρός
836 2550 922 2627 αὐτήν

124 2641 244 2701 ἑκάστου
265 2642 377 2702 δέεσθαι
397 2639 465 2702 ὅκως
485 2637 519 2698 ἂν
538 2638 609 2718 αὐτῇ
628 2639 676 2699 ἐνα
695 2639 777 2698 λίθον
797 2643 826 2698 ἐν
845 2643 923 2698 τοῖσι

124 2730 232 2809 ἔργοισι
251 2729 389 2806 δωρέοιτο·
410 2733 440 2786 ἐκ
459 2725 564 2786 τούτων
584 2727 613 2786 δὲ
633 2729 688 2785 τῶν
708 2726 794 2786 λίθων
810 2727 923 2802 ἔφασαν

124 2816 176 2892 τὴν
188 2817 330 2895 πυραμίδα
344 2815 559 2892 οἰκοδομηθῆναι
574 2814 626 2889 τήν
639 2819 668 2874 ἐν
681 2814 760 2892 μέσῳ
772 2817 827 2873 τῶν
839 2817 924 2892 τριῶν

125 2908 279 2980 ἑστηκυῖαν,
301 2904 444 2980 ἔμπροσθε
463 2907 514 2977 τῆς
536 2901 662 2983 μεγάλης
684 2902 848 2978 πυραμίδος·
871 2903 923 2976 τῆς

124 2998 186 3052 ἐστι
201 2991 234 3052 τό
255 2995 347 3051 κῶλον
367 2992 487 3050 ἑκαστον
503 2988 572 3050 ὅλου
590 2991 636 3047 καὶ
653 2988 771 3065 ἡμίσεος
786 2989 922 3067 πλέθρου.

63 3081 130 3137 127
136 3083 321 3139 Βασιλεῶσαι
334 3079 365 3140 δέ
377 3078 427 3139 τόν
439 3079 539 3138 Χέοπα
550 3081 650 3138 τοῦτον
663 3076 812 3158 Αἰγύπτιοι
825 3078 924 3156 ἔλεγον

15 3172 23 3207 ²
96 3165 285 3240 πεντήκοντα
308 3170 384 3230 έτεα·
413 3164 639 3246 τελευτήσαντος
658 3164 691 3224 δε
709 3163 819 3232 τοίιτου,
835 3163 923 3232 ἐκδέξ-

82 3250 185 3311 ασθαι
199 3256 258 3334 τήν
274 3259 452 3340 βασιληίην
465 3256 520 3322 τόν
534 3251 681 3332 άδελῴεὸν
694 3249 780 3312 αἰτῶι
788 3251 940 3325 Χελγῖηιω
