2040 3464
44 31 175 39 ——-

146 111 193 157 ιω
450 110 633 159 ἭυοΔουου
884 107 945 171 [IV.

144 186 249 264 οὐνομα
269 186 304 262 ἦν
327 186 475 262 Δημιύναξ.
517 185 597 250 οὐτος
621 187 658 246 ὦν
682 185 755 262 ὦνὴρ
779 183 946 261 άπικάμενος

146 279 173 337 ἐς
204 275 256 350 τὴν
282 275 413 352 Κυρήνην
445 277 490 334 καὶ
518 277 615 352 μαθων
643 276 756 342 ἕκαστα,
783 277 868 332 τοῦτο
895 276 945 348 μὲν

144 364 297 440 τριφύλους
321 365 437 439 ἐποίησέ
459 371 559 439 σφεας,
584 366 651 442 τῇδε
675 363 786 425 διαθείς·
817 362 945 438 Θηραίων

146 454 198 527 μὲν
218 451 273 532 γάρ
298 452 343 510 καὶ
364 458 419 512 τῶν
440 453 585 529 περιοίκων
607 453 674 527 μίαν
696 456 798 528 μοῖραν
821 453 946 525 ἐποίησε,

148 539 240 614 άλλην
265 541 294 599 δέ
316 542 554 616 Πελοποννησίων
578 541 624 598 καὶ
649 544 775 617 Κρητῶν,
796 539 892 615 τρίτην
919 539 948 597 δέ

147 628 303 702 νησιωτέων
326 626 444 688 πάντων·
474 632 558 687 τοῦτο
585 628 615 686 δὲ
640 630 679 706 τῷ
704 628 827 701 βασιλέϊ
851 627 949 706 Βάττῳ

147 716 262 791 τεμένεα
284 715 385 784 ἐξελὼν
407 718 453 775 καὶ
477 715 620 793 ἱρωσύνας,
643 713 679 774 τά
703 713 779 772 ἄλλα
801 713 893 773 πάντα
914 715 950 773 τά

149 803 285 880 πρότερον
312 804 388 882 εἶχον
418 807 445 863 οἱ
470 803 607 880 βασιλέες
633 808 662 864 ἐς
686 804 777 878 μέσον
804 806 843 880 τῷ
873 802 950 881 δήμῳ

151 892 236 964 ἔθηκε.
519 960 521 965 .

106 980 161 1037 162
211 978 277 1037 Ἐπὶ
296 981 348 1055 μέν
368 979 402 1054 δή
422 977 521 1038 τούτου
541 983 592 1038 τοῦ
612 977 724 1037 Βάττεω
745 977 814 1036 οὐτω
832 977 952 1036 διετέλεε

154 1067 241 1141 ἐόντα,
256 1069 300 1125 ἐπὶ
319 1068 349 1126 δέ
364 1071 415 1126 πού
432 1066 531 1126 τούτου
549 1066 648 1130 παιδδς
661 1065 833 1143 Ἀρκεσίλεω
845 1065 951 1139 Δπολλή

153 1155 262 1234 ταραχή
277 1156 341 1231 περὶ
356 1160 411 1214 τῶν
428 1156 528 1228 τιμέων
547 1156 664 1235 ἐγένετο.
698 1153 884 1230 Ἀρκεσίλεως
897 1153 953 1232 γάρ

155 1242 170 1301 ὁ
196 1244 304 1302 Βάττου
328 1269 359 1302 τε
385 1246 434 1301 τού
457 1245 552 1320 χωλοῦ
576 1243 622 1301 καὶ
645 1242 796 1318 Φερετίμης
822 1240 873 1299 οὐκ
898 1243 953 1317 ἐφη

157 1330 303 1400 ἀνέξεσθαι
330 1331 400 1389 κατά
422 1329 457 1388 τά
481 1329 497 1389 ά
524 1329 679 1392 Μαντινεύς
702 1328 843 1404 Δημῶναξ
867 1329 953 1398 ἔταξε,

154 1417 231 1477 άλλά
252 1417 365 1476 ἀπαίτεε
388 1417 424 1475 τά
446 1421 501 1477 τῶν
523 1417 668 1498 προγόνων
692 1417 786 1495 γέρεα.
829 1418 954 1475 ἐνθεῦτεν

155 1505 313 1576 στασιάζων
342 1505 463 1580 ἑσσώθη,
491 1506 537 1563 καὶ
567 1506 653 1584 ἔφυγε
681 1509 708 1566 ἐς
735 1505 843 1579 Σάμον·
878 1503 898 1579 ἦ
925 1504 955 1562 δὲ

154 1594 246 1668 μήτηρ
268 1597 295 1652 οἱ
316 1598 343 1655 ἐς
367 1595 514 1668 Σαλαμῖνα
536 1597 587 1667 τῆς
610 1591 727 1668 Κύπρου
751 1592 848 1671 ἔφυγε.
892 1596 956 1669 (της

156 1681 184 1738 δέ
207 1684 364 1755 Σαλαμῖνος
384 1683 482 1738 τοῦτον
503 1679 553 1739 τὸν
573 1678 676 1758 χρόνον
698 1679 844 1754 ἐπεκράτεε
866 1679 955 1738 Εὐέλ-

157 1771 219 1836 θων,
230 1769 260 1830 ὃς
272 1769 305 1826 τὰ
320 1773 348 1825 ἐν
363 1770 507 1840 Δελφοῖσι
521 1766 710 1843 θυμιητήριον,
725 1767 770 1825 ἐόν
780 1765 955 1842 άξιοθέητον,

157 1857 280 1930 άνέθηκε,
293 1856 326 1913 τό
348 1860 376 1913 ἐν
395 1859 433 1932 τῷ
450 1855 604 1931 Κορινθίων
621 1856 751 1932 θησαυρῷ
770 1855 871 1912 κέεται·
893 1855 955 1914 άπι-

157 1943 258 2018 κομένη
273 1943 301 2000 δέ
317 1942 392 2017 παρά
408 1946 508 2001 τοῦτον
522 1941 541 2017 ἦ
559 1943 696 2018 Φερετίμη
715 1942 804 2000 ἐδέετο
821 1947 957 2017 στρατιῆς

158 2029 176 2105 ἦ
190 2030 302 2098 κατάξει
319 2031 412 2105 σφέας
432 2035 459 2092 ἐς
474 2030 526 2104 τήν
543 2030 682 2106 Κυρήνην·
704 2029 720 2088 ὁ
735 2029 765 2087 δέ
776 2055 809 2107 γε
822 2030 957 2091 Εὐέλθων

156 2122 213 2177 πᾶν
225 2116 367 2194 μᾶλλονῆ
382 2117 517 2193 στρατιήν
530 2121 557 2175 οἱ
571 2118 669 2176 ἐδίδου·
689 2116 708 2191 η’
722 2117 751 2175 δὲ
764 2117 957 2193 λαμβάνουσα

157 2208 189 2266 τύ
210 2206 361 2282 διδόμενον,
376 2204 464 2263 καλύν
484 2207 535 2281 μὲν
556 2206 610 2280 ἐφη
632 2207 677 2262 καὶ
694 2209 778 2264 τοῦτο
796 2205 874 2274 εἶναι,
890 2207 956 2265 κάλ-

158 2302 221 2354 λιον
241 2295 270 2353 δέ
291 2296 377 2353 ἐκεῖνο
397 2293 429 2351 τά
447 2294 540 2352 δοῦναί
557 2297 584 2352 οἱ
601 2293 715 2370 δεομένη
729 2293 874 2369 στρατιήν·
895 2299 958 2353 τού-

157 2412 189 2443 το
215 2384 259 2442 ἐπὶ
283 2382 366 2441 παντὶ
389 2382 443 2461 γάρ
464 2385 502 2458 τῷ
527 2381 658 2458 διδομένῳ
686 2383 773 2458 ἐλεγε,
797 2382 959 2441 τελευταῖόν

158 2477 184 2530 οἱ
209 2473 345 2548 ἐξέπεμψε
370 2470 457 2545 δῶρον
481 2469 496 2527 ὁ
519 2468 650 2528 Εὐέλθων
674 2467 810 2544 ἄτρακτον
836 2469 959 2545 χρύσεον

159 2561 204 2627 καὶ
227 2559 378 2634 η’λακάτην,
400 2560 512 2633 προσῆν
536 2558 566 2615 δέ
592 2558 638 2614 καὶ
666 2557 759 2632 εἴριον·
789 2556 907 2631 εἰπάσης
930 2558 959 2615 δέ

120 2701 123 2705 ,
159 2648 235 2710 αὐτις
254 2652 304 2722 τῆς
325 2647 476 2723 Φερετίμης
498 2644 585 2704 τιύυτύ
607 2646 680 2718 ἐπος,
702 2643 718 2703 ά
744 2643 877 2703 Εὐέλθων
904 2646 959 2720 ἔφη

132 2793 133 2796 ,
157 2735 310 2795 τοιούτοισι
336 2737 467 2815 γυναῖκας
489 2733 649 2809 δωρέεσθαι,
672 2730 737 2791 ἀλλ’
760 2731 792 2791 οὐ
816 2734 959 2811 στρατιῇ.)

112 2824 212 2883 163Ὁ
242 2823 271 2882 δὲ
300 2821 485 2899 Ἀρκεσίλεως
512 2824 611 2881 τοῦτον
639 2820 689 2880 τᾶν
718 2819 820 2899 χρόνον
850 2821 901 2879 ἐάν
933 2827 961 2880 ἐν

274 2910 421 2990 συνήγειρε
437 2908 528 2968 πάντα
550 2906 635 2985 ἄνδρα
657 2909 702 2966 ἐπὶ
724 2912 777 2988 γῆς
798 2907 960 2986 ἀναδασμῷ.

160 3000 370 3079 συλλεγομένου
391 2997 420 3054 δὲ
440 3000 562 3072 στρατοῦ
583 3000 703 3065 πολλοῦ,
719 2995 827 3071 ἐστάλη
846 3001 873 3058 ἐς
888 3002 960 3055 Δελ-

158 3086 233 3159 φούς
257 3086 440 3165 Ἀρκεσίλεως
462 3084 637 3162 χρησάμενος
657 3089 694 3162 τῷ
712 3085 874 3163 χρηστηρίῳ
897 3084 962 3161 περὶ

80 3246 87 3263 k
144 3177 285 3239 κατάθου·
306 3175 325 3256 η’
347 3176 379 3238 δὲ
400 3173 497 3252 Πυθίη
519 3175 547 3233 οἱ
566 3176 624 3252 χρᾷ
641 3171 714 3230 τάδε·
733 3182 749 3206 “
762 3173 808 3228 ἐπὶ
828 3174 876 3243 μὲν
896 3173 961 3231 τέσ-

130 3290 229 3346 σερας
259 3268 399 3334 Βάττους
426 3266 480 3328 καὶ
501 3261 698 3343 Ἀρκεσίλεως
726 3258 875 3328 τέσσερας,
904 3255 978 3311 Bm&
