2040 3464
125 114 174 159 142
432 116 616 164 ἨΡΟΔΟἹὍΎ
874 111 925 176 [Π.

127 189 299 266 κροκόδειλοι
319 193 396 251 ἅλλοί
416 195 539 272 χάμψαι·
573 193 768 271 κροκοδείλους
788 192 819 252 δέ
832 191 927 254 Ἴωνες

127 276 284 354 ὠνόμασαν,
312 281 464 352 εἰκάζοντες
483 283 574 341 αῦτιῦν
593 283 630 341 τὰ
654 282 727 341 εἴδεα
751 284 829 340 τοῖσι
849 280 927 356 παρὰ

126 367 215 440 σφίσι
226 370 398 446 γινομένοισι
413 370 617 446 κροκοδείλοισι
631 373 709 428 τοῖσι
723 373 752 427 έν
763 371 833 445 τῇσι
845 371 925 442 αἱμα-

26 466 31 476 “
79 454 118 515 70
126 457 218 532 σιῇσι.
254 455 360 535 Ἀγραι
386 457 417 515 δέ
437 464 533 531 σφεων
556 457 664 516 πολλαὶ
691 456 860 514 κατεστέασι
880 457 926 513 καὶ

125 546 263 601 παντοῖαι·
284 543 337 618 ἧδ’
348 543 384 603 ὧν
395 545 460 620 ε’μοί
469 571 503 625 γε
516 545 605 604 δοκέει
617 542 754 618 ἀξιοπότη
766 541 926 622 ἀπηγήσιος

126 629 203 699 εἶναι,
217 632 320 708 ταύτην
332 633 443 711 γρόφω·
465 633 549 710 ε’πειὶν
565 636 652 692 νῶτον
666 631 715 694 ῦός
727 631 849 709 δελεάσῃ
861 633 926 707 περὶ

126 717 286 798 ἄγκιστρον,
303 723 391 796 μετίει
411 727 439 782 ἐς
457 723 547 797 μέσον
565 720 616 780 τόν
634 718 772 796 ποταμόν·
792 718 876 781 αῦτῦς
896 719 926 778 δὲ

127 807 173 864 ε’πὶ
192 812 242 866 τοῦ
261 809 372 885 χείλεος
391 813 442 867 τοῦ
461 811 590 884 ποταμοῦ
611 809 682 886 ἔχων
699 807 829 882 δέλφακα
844 805 925 882 ζωήν,

125 894 228 970 ταύτην
247 896 353 954 τῦπτει·
381 896 539 959 ἐπακούσας
559 896 589 954 δὲ
607 899 658 970 τῆς
678 898 773 969 φωνῆς
792 893 809 952 ό
830 894 925 971 κροκό-

126 981 216 1044 δειλος
239 984 308 1042 ἵεται
327 985 397 1043 κατοὶ
414 985 466 1059 τήν
485 984 587 1059 φωνήν,
607 983 728 1061 ε’ντυχιδν
745 983 774 1040 δὲ
793 985 833 1060 τῷ
850 982 925 1061 νιότιρ

127 1072 278 1129 καταπίνει·
307 1075 334 1130 οἱ
355 1073 385 1130 δὲ
406 1073 531 1131 ἕλκουσι·
563 1071 648 1130 ε’πειίν
670 1071 700 1129 δὲ
720 1071 876 1147 ἐξελκυσθῇ
898 1077 925 1134 ἐς

125 1162 195 1236 γῆν,
214 1164 323 1235 πρῶτον
346 1160 474 1219 α’πόντων
501 1159 518 1219 ό
545 1158 679 1235 θηρευτής
700 1162 782 1235 πηλῷ
806 1157 865 1217 κατ’
888 1157 926 1216 ὧν

125 1247 234 1306 ἔπλασε
255 1248 339 1306 αὐτοῦ
360 1248 424 1310 τοῦς
444 1247 619 1323 ὀφθαλμούς·
639 1249 724 1305 τοῦτο
745 1246 774 1304 δὲ
793 1246 924 1320 ποιήσας,

126 1333 213 1410 κάρτα
229 1335 360 1399 εὐπετέως
375 1336 412 1395 τὰ
428 1335 516 1394 λοιποὶ
534 1338 685 1414 χειροῦται·
706 1332 746 1409 μή
759 1333 882 1408 ποιήσας
895 1334 925 1392 δὲ

124 1425 215 1491 τοῦτο,
230 1424 283 1482 σῦν
295 1423 382 1502 πόνῳ.

79 1510 113 1568 71
166 1513 203 1568 Οἱ
219 1511 250 1568 δὲ
264 1512 343 1570 ἵπποι
357 1515 384 1570 οἱ
397 1509 531 1587 ποτάμιοι
544 1513 619 1587 νομῷ
632 1511 683 1585 μὲν
699 1513 737 1587 τῷ
750 1509 925 1587 Παπρημίτῃ

124 1599 183 1672 ἱροί
202 1603 264 1667 εἶσι,
287 1604 363 1658 τοῖσι
387 1600 416 1658 δὲ
443 1597 560 1656 ὅλλοισι
582 1598 762 1670 Αἰγυπτίοισι
786 1596 835 1655 οῦκ
859 1599 923 1673 ἱροί·

125 1684 212 1759 φύσιν
227 1687 256 1744 δὲ
273 1689 441 1764 παρέχονται
456 1687 528 1761 ἰδέης
544 1684 662 1760 τοιήνδε·
683 1684 837 1760 τετράπουν
854 1686 923 1754 ἐστὶ,

125 1771 250 1850 δίχηλον,
271 1774 371 1854 [ὁπλαὶ
390 1774 482 1854 βοός]
501 1774 595 1850 σιμόν,
616 1773 723 1848 λοφιήν
743 1774 807 1850 ἔχον
829 1773 923 1843 ἵππου,

124 1862 323 1938 χαυλιόδοντας
338 1868 446 1937 φαῖνον,
461 1862 545 1937 οῦρήν
560 1863 645 1920 ἵππου
659 1863 704 1918 καὶ
719 1859 823 1936 φωνήν·
838 1863 924 1941 μέγα·

126 1951 182 2016 θος,
205 1948 274 2008 ὅσον
294 1976 324 2008 τε
345 1953 416 2025 βοῦς
434 1951 449 2009 ὁ
468 1952 612 2028 μέγιστος·
633 1949 666 2008 τῦ
687 1949 775 2024 δέρμα
794 1947 818 2006 δ’
838 1947 924 2008 αὐτοῦ

125 2035 194 2095 οῦτω
213 2037 247 2111 δή
265 2064 292 2095 τι
309 2040 385 2116 παχύ
403 2044 472 2107 ἐστι,
488 2038 560 2096 ὥστε
578 2036 645 2095 αῦου
660 2037 819 2116 γενομένου,
834 2037 924 2105 ξυσταὶ

78 2127 115 2184 72
124 2125 270 2184 ποιέεσθαι
280 2125 393 2185 ἀκόντια
405 2127 434 2195 ἐξ
448 2125 541 2184 αῦτοῦ.
572 2129 699 2183 Γίνονται
710 2125 738 2182 δὲ
750 2125 795 2182 καὶ
807 2124 924 2201 ἐνύδριες

125 2217 155 2271 ε’ν
167 2217 205 2291 τῷ
217 2218 340 2292 ποταμῷ,
355 2214 405 2276 τοῖς
419 2215 478 2291 ἱραὶς
491 2213 609 2293 ἥγηνται
622 2214 700 2271 εἶναι.
735 2213 881 2287 νομίζουσι
894 2213 924 2272 δὲ

125 2301 170 2359 καὶ
183 2305 238 2361 τῶν
251 2302 353 2380 ἰχθύων
366 2303 415 2361 τόν
429 2301 597 2377 καλεύμενον
609 2300 763 2359 λεπιδωτόν
775 2301 833 2376 ἱρόν
845 2301 923 2371 εἶναι,

125 2389 170 2446 καὶ
182 2390 234 2465 τήν
247 2392 373 2469 ἔγχελυν.
405 2390 480 2466 ἱροῦς
493 2391 522 2448 δὲ
534 2389 649 2452 τούτους
662 2392 712 2447 τοῦ
726 2389 833 2446 Νείλου
847 2391 923 2464 φασὶ

125 2477 203 2537 εἶναι·
225 2480 270 2536 καὶ
283 2483 337 2538 τῶν
351 2479 466 2554 ὀρνίθων
477 2478 542 2540 τοῦς
555 2475 765 2555 Χηναλιόπεκας.

78 2567 115 2624 73
160 2565 245 2625 Ἔστι
262 2567 291 2624 δὲ
308 2568 353 2625 καὶ
370 2566 458 2628 ἄλλος
474 2565 548 2643 ὄρνις
565 2565 630 2640 ἶρός,
644 2568 683 2643 τῷ
697 2562 802 2640 οῦνομα
818 2566 923 2639 φοῖνιξ·

125 2653 178 2733 ε’γιῦ
191 2656 242 2730 μέν
255 2681 303 2731 μιν
317 2653 366 2713 οῦκ
381 2655 453 2714 εἶδον
467 2659 491 2712 εἰ
503 2653 543 2730 μή
559 2653 628 2712 ὅσον
640 2656 749 2730 γραφῇ·
767 2653 812 2710 καὶ
824 2653 880 2732 γαρ
889 2654 923 2730 δή

125 2743 171 2800 καὶ
187 2743 305 2805 σπάνιος
322 2746 454 2822 ἐπιφοιτᾷ
470 2749 535 2818 σφι,
550 2742 596 2800 διοῖ
613 2743 694 2801 ε’τέων
707 2741 754 2819 (οἷς
769 2740 919 2800 Ἡλιουπο

125 2834 202 2888 λῖται
220 2832 350 2911 λέγουσι)
364 2831 562 2889 πεντακοσίων·
584 2834 686 2904 φοιτᾶν
707 2829 737 2887 δὲ
755 2828 820 2888 τότε
838 2831 922 2904 φασὶ,

125 2918 208 2978 ε’πειίν
228 2923 255 2978 οἱ
274 2918 402 2996 ἀποθάνῃ
417 2917 433 2977 ό
449 2917 552 2993 πατήρ.
588 2919 648 2976 ἔστι
668 2917 706 2985 δὲ,
725 2921 749 2975 εἰ
767 2920 803 2994 τῇ
822 2922 922 2996 γραφῇ

124 3006 284 3084 παρόμοιος,
298 3006 421 3066 τοσόσδε
439 3007 485 3064 καὶ
501 3005 622 3064 τοιόσδε·
643 3004 679 3063 τοὶ
694 3007 746 3080 μὲν
759 3004 842 3064 αὐτοῦ
855 3032 923 3083 χρυ·

114 3092 231 3169 σοῦιομα
248 3098 305 3154 τιῦν
320 3098 438 3172 πτερῶν,
454 3094 490 3153 τοὶ
510 3094 539 3152 δὲ
560 3093 670 3169 ἐρυθρά·
692 3098 719 3155 ἐς
738 3093 774 3152 τὰ
793 3092 921 3168 μάλιστα

97 3181 188 3258 αἰετῷ
199 3181 379 3266 περιήγησιν
398 3183 579 3263 ὁμοιότατος,
595 3183 640 3241 καὶ
655 3179 688 3240 τδ
705 3180 835 3260 μέγαθος.
862 3185 923 3238 τοῦ·

81 3284 139 3322 τον
153 3266 185 3325 δὲ
201 3272 337 3346 λέγουσι
348 3275 552 3356 μηχανᾶσθαι
565 3271 646 3340 τάδε,
660 3269 726 3346 ἐμοὶ
744 3269 792 3344 μὶν
808 3263 841 3324 οἷ)
853 3264 946 3323 πιςτλ
