2040 3464
91 109 231 170 131-134]
426 111 559 160 οκκκιι.
846 112 893 159 ‘265

87 215 189 269 γιστον
200 189 258 267 εἶχε
272 192 317 246 καὶ
332 189 521 266 ὁμοτράπεζος
530 191 651 264 βασιλέϊ
664 189 797 270 ἐγεγόνεε·
818 188 895 264 πλήν

87 301 119 336 τε
137 276 196 340 ἑνός
213 281 263 336 τοῦ
281 282 309 340 ἐς
322 276 466 352 Ἕλληνας
484 276 602 347 ἀπιέναι,
623 276 715 336 πάντα
728 277 764 336 τά
777 274 854 334 ἀλλα
867 279 894 335 οἰ

87 369 190 441 παρῆν.
233 365 278 423 καὶ
298 368 381 423 τοῦτο
397 367 450 440 μὲν
469 364 534 427 τοῦς
552 366 721 445 Αἰγυπτίους
738 362 848 441 ἰητρούς
867 364 894 422 οἳ

88 453 216 528 βασιλέα
236 452 373 528 πρότερον
395 455 482 520 ἰῶντο,
504 453 662 527 μέλλοντας
680 452 893 512 ἀνασκολοπιεῖ-

88 541 159 600 σθαι
173 539 243 599 διότι
257 539 311 599 ῦπδ
322 539 465 614 Ἕλληνος
480 542 573 615 ἰητροῦ
588 539 766 614 ἑσσώθησαν,
780 539 894 602 τούτους

89 626 217 700 βασιλέα
226 625 472 703 παραιτησάμενος
483 625 633 704 ἐρρύσατο·
654 631 738 686 τοῦτο
752 627 781 684 δὲ
794 625 894 701 μάντιν

88 705 205 773 Ἠλεῖον
221 713 397 791 Πολυκράτεϊ
411 714 609 790 ἐπισπόμενον,
621 715 667 771 καὶ
676 713 893 789 ἀπημελημένον

87 806 119 861 ἐν
138 805 215 862 τοῖσι
236 801 445 879 ἀνδραπόδοισι,
466 801 613 878 ἐρρύσατο.
646 801 682 877 ἦν
705 802 735 860 δὲ
757 802 895 882 μέγιστον

88 894 207 966 πρῆγμα
224 890 393 964 Δημοκήδης
412 889 489 966 παρὰ
506 890 636 964 βασιλέϊ.

128 977 178 1036 Ἐν
190 978 281 1056 χρόνῳ
295 978 325 1035 δὲ
339 976 427 1056 ὀλίγῳ
442 976 513 1051 μετά
526 981 623 1046 ταῦτα,
638 976 704 1037 τάδε
716 975 794 1036 ἀλλα
807 1003 871 1037 συν·
882 977 938 1037 133

88 1063 180 1139 ήνεικε
200 1066 342 1146 γενέσθαι.
376 1063 505 1143 Ἀτόσσῃ
527 1068 563 1142 τῇ
584 1064 681 1141 Κύρου
702 1068 754 1141 μὲν
776 1065 893 1146 θυγατρὶ

89 1154 211 1229 Δαρείου
224 1153 254 1212 δέ
266 1153 376 1235 γυναικὶ
390 1153 435 1212 ἐπὶ
451 1157 502 1211 τοῦ
515 1157 627 1227 μαστοῦ
642 1154 695 1227 ἐφυ
709 1157 800 1229 φῦμα·
821 1153 892 1228 μετά

89 1240 127 1308 δέ,
143 1244 258 1322 ἐκραγὲν
272 1241 383 1316 ἐνέμετο
399 1239 507 1316 πρόσω.
543 1239 612 1299 ὅσον
624 1242 677 1317 μὲν
690 1239 724 1314 δή
738 1239 841 1317 χρόνον
855 1238 890 1315 ἦν

89 1329 224 1398 ἔλασσον,
241 1329 260 1404 ή
277 1328 307 1386 δέ
328 1328 491 1404 κρύπτουσα
511 1328 557 1385 καὶ
577 1327 767 1405 αἰσχυνομένη
789 1327 892 1403 ἔφραζε

88 1415 187 1475 ούδενί·
209 1418 270 1476 ἐπεί
284 1441 316 1475 τε
329 1417 358 1475 δὲ
373 1422 401 1474 ἐν
415 1420 487 1493 κακῷ
501 1413 544 1491 ἦν,
557 1417 756 1493 μετεπέμψατο
769 1413 818 1474 τδν
833 1423 889 1490 Δη·

88 1504 212 1579 μοκήδεα
234 1505 283 1562 καί
302 1507 329 1563 οἱ
349 1504 468 1572 ἐπέδεξε·
493 1502 509 1562 ό
530 1502 560 1561 δὲ
581 1501 638 1578 φάς
655 1503 735 1584 ύγιέα
753 1500 890 1578 ποιήσειν,

89 1592 199 1667 ἐξορκοῖ
217 1618 266 1668 μιν
282 1591 300 1666 ἦ
317 1591 374 1666 μήν
391 1595 417 1649 οἱ
434 1590 673 1670 ἀντυπουργήσειν
687 1592 791 1666 ἐκείνην
807 1593 891 1650 τοῦτο

87 1677 120 1737 τό
135 1677 169 1739 ἂν
181 1679 267 1755 αι’τής
280 1679 376 1757 δεηθῇ·
397 1678 550 1754 δεήσεσθαι
564 1680 593 1737 δὲ
607 1679 716 1742 ούδενδς
728 1683 783 1737 τῶν
793 1677 848 1737 όσα
863 1683 891 1740 ἐς

88 1768 224 1844 αἰσχύνην
238 1768 300 1826 ἐστὶ
313 1769 445 1843 φέροντα.
478 1766 528 1830 Ὠς
542 1768 571 1825 δὲ
584 1766 638 1843 ἀρα
648 1793 696 1844 μιν
705 1766 776 1843 μετά
784 1770 871 1825 ταῦτα
881 1768 936 1828 134

88 1854 201 1931 ἰώμενος
221 1856 301 1936 ύγιέα
321 1855 444 1924 ἀπέδεξε,
464 1856 582 1915 ἐνθαῦτα
602 1856 635 1930 δή
653 1857 818 1933 διδαχθεῖσα
834 1854 891 1916 ύπδ

87 1948 138 2001 τοῦ
160 1943 340 2020 Δημοκήδεος
355 1942 374 2018 η’
389 1942 530 2013 Ἄτοσσα,
544 1946 705 2021 προσέφερε
719 1951 748 2003 ἐν
761 1971 796 2021 τη
812 1944 890 2023 κοίτη

88 2033 197 2109 Δαρείῳ
217 2031 305 2110 λόγον
322 2030 439 2090 τοιόνδε·
463 2030 511 2089 “ιῦ
530 2033 664 2107 βασιλεῦ,
685 2033 755 2109 ἔχων
776 2031 891 2107 δύναμιν

87 2118 227 2194 τοσαύτην
244 2118 364 2194 κάτησαι
385 2118 448 2178 οὔτε
461 2144 489 2178 τι
502 2120 580 2182 ἔθνος
596 2119 812 2195 προσκτώμενος
826 2119 889 2179 οὔτε

88 2205 203 2283 δύναμιν
222 2207 372 2284 Πέρσησι;
395 2205 469 2268 οἰκός
485 2207 516 2265 δέ
532 2212 593 2267 ἐστι
610 2207 696 2284 ἀνδρα
711 2209 756 2266 καί
770 2209 831 2267 νέον
844 2208 890 2266 καὶ

87 2293 238 2371 χρημάτων
253 2295 384 2375 μεγάλων
403 2293 543 2369 δεσπότην
559 2297 713 2370 φαίνεσθαί
731 2321 758 2354 τι
779 2294 835 2354 ἀπο
854 2321 889 2353 ει·

88 2380 228 2457 κνύμενον,
246 2384 290 2441 ἵνα
309 2383 355 2440 καὶ
371 2383 484 2458 Πέρσαι
504 2383 647 2458 ἐκμάθωσι
665 2381 708 2442 ότι
726 2381 772 2440 ὕπ’
791 2381 874 2459 ἀνδρά

87 2467 232 2547 ἄρχονται.
266 2469 308 2528 ἐπ’
322 2469 470 2545 ἀμφότερα
484 2470 515 2529 δέ
526 2496 570 2529 τοι
583 2471 663 2546 φέρει
676 2473 764 2528 ταῦτα
776 2471 889 2539 ποιέειν,

87 2558 134 2615 καὶ
150 2558 195 2617 ἵνα
210 2559 307 2632 σφέων
327 2559 439 2634 Πέρσαι
459 2558 640 2617 ἐπιστέωνται
656 2557 741 2634 ἀνδρα
758 2558 827 2618 εἰναι
839 2557 890 2617 τόν

86 2649 273 2720 προεστεῶτα,
284 2646 329 2703 καὶ
344 2646 388 2704 ἵνα
400 2646 552 2721 τρίβωνται
565 2648 680 2725 πολέμῳ
693 2647 764 2723 μηδὲ
777 2645 890 2725 σχολήν

86 2732 200 2811 ἀγοντες
217 2734 427 2808 ἐπιβουλεύωσί
443 2759 497 2791 τοι.
532 2738 581 2793 νῦν
596 2734 651 2814 γάρ
671 2733 705 2792 ἀν
718 2760 746 2792 τι
760 2735 806 2792 καὶ
819 2733 888 2792 ἀπο·

86 2819 179 2889 δέεαιο
199 2822 288 2901 ἔργον,
302 2821 351 2884 ἕως
368 2822 429 2883 νέος
447 2819 486 2882 εἰς
504 2819 625 2897 ἡλικίην·
647 2820 821 2900 αὐξανομένῳ
833 2820 890 2902 γάρ

84 2912 124 2986 τῷ
144 2908 255 2985 σάματι
275 2908 459 2977 συναύεονται
480 2909 526 2966 καὶ
544 2912 573 2966 αἱ
594 2910 700 2986 φρένες,
716 2909 889 2989 γηράσκοντι

86 2997 116 3055 δὲ
129 2995 363 3077 συγγηράσκουσι
377 2997 423 3055 καὶ
436 3002 464 3058 ἐς
476 2995 512 3054 τά
525 2996 677 3077 πρήγματα
692 2996 784 3056 πάντα
797 2997 889 3074 ἀπαμ·

85 3083 266 3160 βλύνονται.”
299 3084 318 3159 ἦ
334 3086 386 3159 μὲν
399 3083 433 3159 δή
451 3087 540 3142 ταῦτα
554 3089 583 3142 ἐκ
597 3085 709 3162 διδαχῆς
725 3086 812 3165 ἔλεγε·
834 3083 888 3144 ὁδ’

85 3171 236 3247 ἀμείβεται
251 3172 357 3231 τοῖσδε·
379 3170 427 3230 “ὧ
445 3169 539 3255 γύναι,
555 3172 653 3233 πάντα
669 3172 733 3231 δσα
749 3196 808 3245 περ
827 3167 920 3262 uffa.

78 3259 194 3324 ἐπινοέω
206 3258 341 3336 ποιήσειν
353 3263 478 3341 εἴρηκας·
496 3263 555 3342 ἐγιδ
568 3263 630 3340 γὰρ
641 3250 943 3338 βεβούλευυωςδιω
991 3330 993 3335 Ι

979 3354 993 3417 ἰ
