2040 3464
467 35 1009 57 ---*··————

118 103 227 171 14-17]
440 103 603 154 Ε’ῙἾΕΡΠΗ.
870 107 919 155 115

114 185 149 245 τύ
162 185 240 263 παραὶ
253 184 405 246 θάλασσαν
420 184 489 243 εἶναι
506 184 591 260 αὐτῆς
602 187 688 266 μέχρι
699 189 852 265 Ταριχειῶν
863 189 918 246 τῶν

115 277 332 349 Πηλουσιακῶν,
345 277 382 351 τῇ
403 272 437 347 δή
450 272 659 349 τεσσεράκοντά
673 278 728 333 εἶσι
744 277 864 352 σχοῖνοι·
884 273 918 333 τύ

115 361 147 420 δὲ
169 360 226 421 άπό
251 359 401 435 θαλάσσης
426 359 565 440 λεγύντων
592 367 620 425 ἐς
645 361 801 442 μεσόγαιον
822 362 918 422 τείνειν

115 447 203 524 αύτῆν
214 450 300 528 μέχρι
313 447 502 524 Κερκασώρου
515 448 622 518 πόλιος,
638 449 695 508 κατ’
709 450 744 524 ἣν
757 451 883 527 σχίζεται
901 449 917 509 ὁ

114 540 229 610 Νεῖλος,
244 538 271 600 ές
283 561 314 595 τε
327 534 493 611 Πηλούσιον
510 537 578 612 ῥέων
592 538 638 595 καὶ
657 543 684 599 ἐς
703 536 852 612 Κάνωβον·
881 537 918 598 τὰ

115 623 145 682 δὲ
158 623 236 683 ἄλλα
257 623 396 704 λεγόντων
412 627 462 698 τῆς
475 623 618 704 Αἰγύπτου
631 625 667 683 τά
687 627 739 702 μὲν
760 625 870 700 Λιβύης
881 624 918 685 τά

115 710 145 770 δὲ
157 710 296 788 Ἀραβίης
309 711 387 770 εἶναι·
409 709 634 787 ἀποδεικνύοιμεν
644 711 686 781 ἂν,
697 711 784 791 τούτῳ
794 712 918 793 τῷλόγῳ
979 712 983 719 ’

113 800 274 877 χρεώμενοι,
289 799 468 879 Αἰγυπτίοισι
482 799 532 857 ούκ
546 805 648 860 ἐοῦσαν
664 799 800 876 πρότερον
812 801 915 879 χώρην·
975 817 980 826 ’

113 886 168 962 ἤδη
180 887 236 968 γάρ
250 896 306 963 σφι
318 886 352 946 τό
364 912 398 966 γε
412 887 516 957 Δέλτα,
531 886 567 950 οἷς
580 887 659 947 αύτοὶ
671 888 789 968 λέγουσι
809 887 915 968 Αἰγύπ-

113 1000 169 1035 τιοι
186 978 232 1034 καὶ
249 977 312 1052 ἐμοὶ
332 974 429 1043 δοκέει,
444 976 505 1034 ἔστι
519 975 687 1052 κατάρρυτόν
705 1001 736 1035 τε
750 976 795 1034 καὶ
809 977 916 1046 νεωστὶ,

115 1062 151 1125 οἷς
164 1063 240 1144 λόγῳ
254 1067 348 1132 εἰπεῖν,
363 1062 548 1140 ἀναπεφηνός·
571 1068 594 1122 εἰ
612 1065 705 1123 τοίνυν
718 1071 774 1138 σφι
792 1064 870 1142 χώρη
882 1089 915 1144 γε

52 1149 53 1152 ¹
113 1151 236 1227 μηδεμία
248 1151 365 1229 ὑπῆρχε,
379 1151 410 1209 τί
422 1150 645 1231 περιειργάζοντο
660 1151 798 1212 δοκέοντες
811 1157 916 1227 πρῶτοι

114 1238 265 1316 ἀνθρώπων
284 1238 445 1319 γεγονέναι;
467 1238 529 1296 οὐδὲ
543 1239 595 1297 ἔδει
616 1239 709 1314 σφέας
727 1244 754 1300 ἐς
773 1238 915 1314 διάπειραν

113 1331 169 1386 τῶν
181 1327 296 1386 παιδίων
310 1327 385 1395 ἱέναι,
399 1325 461 1384 τίνα
474 1330 612 1405 γλῶσσαν
625 1326 736 1402 πρώτην
750 1325 913 1400 άπήσουσι;

114 1414 180 1473 ἀλλ’
200 1413 262 1473 ούτε
278 1413 447 1494 Αἰγυπτίους
468 1414 553 1472 δοκέω
566 1413 625 1490 ἅμα
646 1419 684 1492 τῷ
701 1415 795 1473 Δέλτα
816 1419 854 1492 τῷ
869 1414 915 1473 ὑπ’

112 1503 210 1561 Ἰώνων
221 1503 377 1581 καλεομένῳ
389 1500 529 1581 γενέσθαι,
541 1503 597 1560 αἰεί
606 1527 637 1562 τε
648 1502 716 1560 εἶναι
724 1503 755 1570 ἐξ
767 1499 799 1560 οὗ
813 1500 912 1580 άνθρώ·

113 1617 173 1650 πων
185 1593 265 1671 γένος
278 1591 396 1671 ἐγένετο·
417 1589 569 1665 προϊούσης
579 1591 608 1648 δὲ
618 1595 668 1666 τῆς
677 1589 777 1667 χώρης,
788 1592 914 1654 πολλούς

113 1682 165 1754 μὲν
185 1678 249 1741 τούς
269 1679 506 1753 ὑπολειπομένους
519 1677 608 1737 αὐτῶν
628 1678 768 1758 γενέσθαι,
789 1679 915 1742 πολλούς

114 1768 144 1826 δὲ
155 1767 220 1830 τούς
231 1765 516 1841 ύποκαταβαίνοντας.
536 1765 570 1824 τδ
585 1765 607 1824 δ’
622 1766 659 1825 ὧν
671 1765 761 1823 πάλαι
775 1769 804 1825 αἱ
818 1768 913 1842 Θῆβαι

113 1857 254 1936 Αἴγυπτος
268 1854 407 1914 ἐκαλέετο·
435 1858 486 1928 τῆς
503 1852 716 1931 τδπερίμετρον
734 1854 846 1913 στάδιυί
858 1859 913 1914 εἶσι

113 1944 203 2002 εἴκοσι
224 1944 270 2002 καὶ
292 1941 390 2001 ἑκατὸν
417 1943 463 1999 καὶ
484 1942 678 2019 ἑξακισχίλιοι.
719 1945 755 2000 Εἰ
777 1941 813 2001 ὧν
834 1942 959 2019 ἦμεῖς16

113 2031 201 2107 ὀρθῶς
214 2032 276 2108 περὶ
287 2030 376 2090 αὐτῶν
385 2027 569 2110 γινώσκομεν,
577 2028 670 2092 Ἴωνες
681 2029 730 2090 ούκ
741 2029 769 2089 εὖ
781 2032 912 2106 φρυνέου·

113 2145 146 2179 σι
165 2121 229 2197 περὶ
249 2118 400 2199 Αἰγύπτου.
443 2122 466 2176 εἰ
484 2118 514 2175 δὲ
532 2117 602 2194 ὀρθή
625 2123 686 2177 ε’στι
705 2118 724 2194 ἡ
744 2122 798 2177 τῶν
817 2117 913 2178 Ἰώνων

112 2207 217 2288 γνώμη,
232 2206 378 2283 Ἕλληνάς
393 2231 423 2266 τε
442 2207 488 2264 καὶ
509 2205 607 2269 αύτούς
622 2204 719 2268 Ἴωνας
735 2202 913 2284 ἀποδείκνυμι

112 2295 163 2356 ούκ
184 2296 384 2372 ἐπισταμένους
405 2295 578 2375 λογίζεσθαι·
600 2296 630 2353 οἵ
649 2303 723 2370 φασι
745 2294 809 2371 τρία
826 2295 912 2371 μόρια

113 2383 183 2442 εἶναι
194 2388 249 2465 γῆν
260 2388 365 2452 πᾶσαν,
377 2381 513 2459 Εύρώπην
522 2407 553 2440 τε
566 2383 612 2441 καὶ
624 2382 723 2458 Ἀσίην
738 2383 911 2458 καὶΑιβύην·

110 2473 243 2548 ’τέταρτον
255 2472 310 2552 γάρ
319 2471 352 2545 δή
361 2476 452 2545 σφεας
462 2469 504 2528 δεῖ
510 2471 759 2551 προσλογίζεσθαι,
769 2470 912 2548 Αἰγύπτου

112 2560 144 2619 ιδ
167 2561 271 2619 Δέλτα·
293 2563 317 2617 εἰ
337 2559 378 2635 μή
399 2584 427 2617 τι
442 2558 477 2638 γέ
498 2562 559 2616 ε’στι
581 2563 631 2633 τῆς
651 2558 750 2632 Ἀσίης
771 2557 841 2633 μήτε
860 2563 911 2632 τῆς

111 2647 229 2724 Λιβύης.
270 2647 302 2706 ού
321 2647 377 2727 γάρ
393 2646 427 2721 δη
442 2646 457 2705 ὁ
471 2645 576 2709 Νεῖλός
588 2648 623 2725 γε’
636 2651 705 2717 ἐστι,
722 2645 791 2703 κατά
812 2650 911 2705 τοῦτον

111 2735 160 2796 τδν
176 2737 271 2816 λόγον,
294 2736 310 2794 ὁ
328 2735 380 2809 τήν
394 2735 496 2809 Ἀσίην
514 2732 627 2809 οὐρίζων
646 2737 697 2808 τῆς
714 2732 833 2808 Λιβύης·
861 2737 911 2793 τοῦ

110 2825 207 2883 Δέλτα
220 2825 249 2882 δὲ
262 2824 363 2883 τούτου
377 2821 447 2880 κατά
463 2821 496 2880 τὸ
517 2821 566 2890 ὀξύ
587 2821 801 2900 περιρρήγνυται
814 2821 830 2880 ὁ
844 2826 910 2880 Νεῖ-

110 2916 169 2981 λος,
184 2912 256 2972 ὥστε
278 2918 307 2971 ἐν
327 2915 365 2989 τῷ
382 2910 486 2987 μεταξύ
506 2908 605 2985 Ἀσίης
625 2935 656 2969 τε
673 2910 719 2967 καὶ
740 2909 850 2985 Λιβύης
870 2911 911 2991 γί·

111 3001 176 3060 νοιτ’
189 3000 232 3059 ἄν.
677 3067 678 3070 ¹

142 3089 201 3146 Καὶ
212 3088 266 3164 τήν
275 3091 332 3166 μὲν
345 3087 446 3152 Ἰώνων
459 3088 580 3176 γνώμην
594 3087 732 3168 ἀπίεμεν,
742 3084 881 3164 ἠμὲιςῗῖῑ
889 3077 992 3138 &Q

88 3173 136 3229 καὶ
149 3175 213 3251 περὶ
227 3177 340 3242 τούτων
352 3182 498 3267 λέγομεν·
521 3185 682 3268 Αἴγυπτον
702 3183 755 3260 μὶν
769 3179 879 3237 πᾶσαν
898 3167 981 3257 ἓινωή

78 3257 183 3336 Ταύτην
198 3265 257 3342 Τήν
278 3268 334 3330 25⁷?
349 3277 538 3360 Αἰγυπτίων
560 3277 764 3355 οἰκεομένην,
778 3262 924 3328 Κοπίςπεη)
932 3249 1004 3304 Kx*
