2040 3464
119 110 166 157 184
430 113 612 160 ἨΡΟΔΟΤΟΤ
868 106 917 168 [Π.

118 191 274 268 ,λαμβάνων
292 195 394 269 ἔμελλε
413 191 541 270 διαχέειν.
581 189 601 266 η’
619 189 671 267 μέν
686 214 735 250 νυν
750 188 837 265 λίμνη
850 186 918 264 αὕτη

119 277 190 338 οὕτω
204 281 316 359 λέγεται
331 280 491 358 ὀρυχθῆναι.

75 367 129 425 151
160 372 221 426 Τῶν
235 368 264 426 δὲ
278 368 398 426 δυώδεκα
415 366 561 442 βασιλέων
577 364 737 443 δικαιοσύνῃ
750 362 918 442 χρεωμένων,

120 453 173 513 ἀνά
187 454 290 533 χρόνον
310 455 345 519 ἀς
362 457 464 515 ἔθυσαν
479 459 558 533 ἐντῷ
573 457 620 532 ἱρῷ
637 457 687 512 τοῦ
699 453 919 528 Ἡφαίστου,τῇ

119 541 227 621 ύστάτη
244 547 294 619 τῆς
312 543 395 620 ὁρτῆς
412 543 573 619 μελλόντων
590 541 797 608 κατασπείσειν,
813 538 828 598 ὁ
843 539 919 617 ἀρχι-

119 630 181 707 ρεύς
195 632 311 700 ἐξένεικέ
323 638 379 707 σφι
390 630 496 704 φιάλας
508 629 630 709 χρυσέας
641 628 722 707 (τῇσί
733 653 785 703 περ
798 627 919 686 ἐώθεσαν

120 719 261 798 σπένδειν)
288 718 418 796 ἀμαρτῶν
444 722 494 777 τοῦ
525 717 644 793 ἀριθμοῦ
675 716 770 774 ἕνδεκα
800 713 919 772 δυώδεκα

120 810 209 866 ἐοῦσι·
251 808 368 867 ἐνθαῦτα
395 805 429 868 ῶς
457 805 506 865 οὐκ
538 805 595 882 εἶχε
625 803 732 879 φιάλην
758 802 774 862 ό
801 803 920 880 ἔσχατος

120 895 220 957 ἑστεώς
239 894 328 953 αύτῶν
346 893 532 971 Ψαμμίτιχος,
546 891 742 969 περιελόμενος
758 889 809 965 τὴν
824 889 919 964 κυνέην

120 985 223 1041 έοῦσαν
241 983 364 1059 χαλκέην
376 981 485 1059 ύπέσχε
501 1007 531 1059 τε
550 982 596 1038 καὶ
613 979 735 1039 ἔσπενδε.
778 977 873 1040 κυνέας
890 978 918 1035 δὲ

120 1069 165 1127 καὶ
180 1073 206 1128 οἶ
219 1069 304 1128 ἄλλοι
319 1069 437 1132 άπαντες
455 1068 572 1145 ἐφόρεόν
587 1094 618 1126 τε
633 1068 769 1142 βασιλέες
782 1065 829 1124 καὶ
842 1064 918 1146 ἐτύγ-

119 1183 206 1235 χανον
232 1157 296 1217 τότε
320 1160 437 1235 ἔχοντες.
478 1157 655 1234 Ψαμμίτιχος
677 1156 729 1229 μέν
755 1180 803 1214 νυν
830 1152 918 1213 ούδενὶ

120 1245 224 1324 δολερῷ
237 1245 290 1324 νόῳ
303 1245 465 1325 χρεώμενος,
478 1245 587 1322 ύπέσχε
600 1244 652 1319 την
670 1244 776 1319 κυνέην·
806 1246 832 1302 οἱ
846 1242 876 1300 δὲ
889 1247 918 1301 ἐν

121 1334 202 1410 φρενὶ
217 1335 354 1410 λαβόντες
367 1333 400 1393 τό
413 1359 443 1392 τε
458 1334 574 1408 ποιηθὲν
588 1337 618 1391 ἐκ
633 1331 812 1410 Ψαμμιτίχου
826 1330 917 1390 καὶτὸ

85 1487 90 1491 ‚
120 1421 292 1498 χρηστήριον
319 1421 334 1481 ὅ
360 1448 388 1481 τι
409 1419 541 1500 ἐκέχρητό
563 1427 626 1495 σφι,
640 1420 690 1479 τάν
709 1419 817 1497 χαλκέη
839 1421 917 1478 σπεί·

115 1535 211 1568 σαντα
224 1510 313 1570 αύτῶν
324 1508 415 1588 φιάλῃ
428 1514 527 1568 τοῦτον
539 1509 666 1584 βασιλέα
684 1508 800 1566 ἔσεσθαι
814 1512 918 1583 μοῦνον
995 1545 998 1550 -

120 1597 270 1676 Αἰγύπτου,
288 1598 509 1673 ἀναμνησθέντες
523 1601 573 1655 τοῦ
590 1598 730 1674 χρησμοῦ,
745 1598 848 1654 κτεῖναι
866 1598 917 1672 μὲν

120 1683 169 1742 ούκ
188 1685 351 1745 ἐδικαίωσαν
370 1685 556 1761 Ψαμμίτιχον,
572 1683 607 1745 ῶς
622 1682 784 1758 ἀνεύρισκον
796 1684 916 1757 βασανί-

121 1773 212 1841 ζοντες
226 1773 256 1841 ἐξ
270 1772 397 1847 οὐδεμιῆς
414 1773 544 1846 προνοίης
558 1769 642 1830 αύτδν
657 1770 825 1844 ποιήσαντα·
847 1776 875 1833 ἐς
888 1771 917 1830 δὲ

119 1859 155 1917 τὰ
175 1860 240 1916 ἕλεα
262 1859 338 1928 ἔδοξέ
354 1867 409 1934 σφι
428 1859 530 1928 διῶξαι,
547 1858 725 1934 ψιλώσαντας
741 1858 777 1917 τά
793 1862 917 1918 πλεῖστα

120 1950 171 2021 τῆς
192 1945 329 2022 δυνάμιος·
352 1952 381 2004 ἐκ
395 1947 424 2005 δὲ
443 1951 498 2006 τῶν
516 1947 599 2005 ἐλέων
616 1945 789 2022 όρμεώμενον
801 1947 842 2023 μή
860 1952 915 2006 ε’πι-

74 2035 130 2092 152
139 2033 293 2113 μίσγεσθαι
307 2039 342 2112 τῇ
355 2033 431 2112 άλλη
445 2033 584 2115 Αἰγύπτῳ.
626 2032 683 2092 Τάν
697 2035 725 2092 δὲ
739 2036 917 2114 Ψαμμίτιχον

119 2124 218 2180 τοῦτον
245 2122 380 2198 πρότερον
408 2122 548 2202 φεύγοντα
567 2121 616 2181 τάν
636 2122 758 2181 Αἰθίοπα
778 2125 917 2197 Σαβακῶν

121 2208 152 2271 ὅς
166 2212 191 2267 οἷ
204 2208 254 2268 τάν
267 2212 373 2287 πατέρα
389 2211 487 2269 Νεκῶν
501 2209 651 2278 ἀπέκτεινε,
664 2203 763 2268 τοῦτον
777 2210 916 2291 φεύγοντα

119 2297 182 2356 τότε
210 2302 236 2360 ἐς
258 2300 367 2374 Συρίην,
390 2298 423 2360 ῶς
451 2297 624 2375 ἀπαλλάχθη
645 2302 675 2354 ἐκ
698 2302 748 2372 τῆς
768 2297 847 2375 ὅψιος
866 2308 917 2359 τοῦ

120 2383 226 2461 ὀνείρου
243 2384 258 2444 ἀ
278 2388 389 2463 Αἰθίοψ,
405 2385 564 2466 κατήγαγον
580 2384 736 2464 Αἰγυπτίων
753 2382 828 2444 οὗτοι
847 2386 873 2446 οἰ
887 2393 917 2446 ἐκ

120 2477 206 2549 νομοῦ
225 2477 275 2532 τοῦ
321 2472 401 2532 αἰτεώ
422 2478 486 2533 εἰσι·
513 2472 585 2548 μετοί
606 2473 643 2541 δὲ,
664 2473 863 2547 βασιλεύοντα,
883 2479 918 2536 τό

120 2560 246 2638 δεύτερον
262 2561 332 2637 πρός
351 2565 406 2621 τῶν
427 2562 522 2620 ἕνδεκα
539 2560 685 2635 βασιλέων
705 2563 916 2638 καταλαμβάνει

119 2673 168 2723 μιν
195 2648 239 2708 διά
260 2648 311 2723 την
332 2650 428 2724 κυνέην
449 2647 562 2728 φεύγειν
584 2653 611 2710 ἐς
630 2647 665 2708 ταὶ
687 2648 761 2706 ἕλεα.
804 2651 918 2709 ἐπιστά-

119 2762 200 2812 μενος
215 2737 251 2796 ῶν
266 2736 301 2799 ῶς
313 2737 547 2813 περιυβρισμένος
561 2737 602 2811 εἰη
616 2735 686 2812 πρός
699 2735 796 2806 αὐτῶν,
810 2738 917 2798 ἐπενόεε

120 2826 256 2884 τίσασθαι
275 2824 340 2886 τούς
361 2823 517 2893 διώξαντας·
541 2823 684 2902 πέμψαντι
704 2823 735 2882 δέ
754 2828 781 2883 οἰ
801 2829 828 2888 ἐς
848 2829 915 2886 Bou

119 2916 186 2971 τοῖν
205 2911 290 2971 πόλιν
310 2917 338 2975 ἐς
357 2913 389 2971 τό
411 2910 583 2990 χρηστήριον
603 2916 653 2985 τῆς
667 2916 783 2986 Λητοῦς,
800 2912 865 2973 ἔνθα
883 2914 917 2989 δή

121 2998 302 3079 Αἰγυπτίοισί
334 3005 395 3058 ἐστι
428 2998 562 3074 μαντήϊον
599 2997 813 3075 ἀψευδέστατον,
846 2999 917 3075 ἦλθε

109 3085 248 3163 χρησμός
274 3085 311 3150 ῶς
337 3086 410 3149 τίσις
436 3085 496 3163 ἥξει
525 3084 581 3145 ἀπά
614 3085 763 3161 θαλάσσης
791 3089 917 3165 χαλκέων

51 3208 67 3255 χ
96 3169 216 3248 ἀνδρῶν
229 3177 437 3254 ἐπιφανέντων·
462 3176 562 3256 καὶτῷ
577 3175 625 3253 μὶν
635 3173 671 3250 δὴ
684 3172 804 3247 ἀπιστίη
817 3175 927 3251 μεηάλε,

98 3252 267 3342 ίπέκέγντο,
298 3269 452 3349 χαλκέους
482 3269 513 3329 οἱ
532 3263 641 3344 ἄνδρας
668 3261 747 3339 ἥξειν
771 3257 941 3332 ἐπυκοίιρους·
