2040 3464
91 102 229 164 125-127]
437 102 548 149 κκυιο.
855 105 886 149 ω

88 183 169 250 Δάοι,
182 179 302 257 Μάρδοι,
318 182 463 258 Δροπικοὶ,
478 180 651 261 Σαγάρτιοι.)
690 180 739 243 Ὡς
755 181 784 240 δὲ
796 206 866 257 παρ-
876 182 932 241 126

85 271 162 342 ἦσαν
181 267 300 331 άπαντες
321 272 429 347 ἔχοντες
449 269 482 328 τά
502 267 711 345 προειρημένον,
732 270 850 328 ἐνθαῦτα
870 268 886 328 6

86 360 189 432 Κῦρος,
207 355 243 431 ἦν
258 356 312 436 γάρ
330 382 371 419 τις
390 361 481 434 χῶρος
495 361 545 430 τῆς
564 361 708 433 Περσικῆς
727 354 886 432 ἀκανθώδης

85 441 156 502 ὅσον
173 470 205 502 τε
223 445 270 502 ε’πὶ
287 443 471 503 ὀκτωκαίδεκα
489 444 619 504 σταδίους
636 442 654 519 ἢ
676 445 765 502 εἴκοσι
784 443 882 520 πάντη,

83 530 184 591 τοῦτόν
197 537 253 608 σφι
264 531 314 591 τὸν
325 536 418 609 χῶρον
429 536 546 607 προεῖπε
559 531 733 608 ἐξημερῶσαι
745 537 774 592 ε’ν
785 531 886 612 ἡμέρη·

85 619 306 678 ἐπιτελεσάντων
333 620 362 678 δὲ
386 624 441 679 τῶν
467 620 601 694 Περσέων
628 618 677 678 τδν
705 621 887 696 προκείμενον

84 703 197 778 ἄεθλον,
211 706 323 783 δεύτερά
340 714 396 783 σφι
411 711 528 783 προεῖπε
544 711 572 769 ἐς
588 706 639 782 τήν
654 706 804 782 ὑστεραίην
818 733 887 784 παρ·

85 797 155 852 εἶναι
168 796 362 870 λελουμένους·
377 801 405 855 ἐν
419 795 448 853 δὲ
457 793 545 872 τούτῳ
558 793 593 853 τά
605 820 636 853 τε
649 793 765 853 αἰπόλια
778 796 824 853 καὶ
836 796 888 858 τάς

84 881 204 958 ποίμνας
217 884 263 941 καὶ
275 882 311 942 τά
326 883 466 958 βουκόλια
479 881 495 940 ὁ
509 886 602 958 Κῦρος
614 880 705 940 πάντα
720 887 770 941 τοῦ
783 883 888 959 πατρὸς

84 972 243 1032 συναλίσας
258 975 286 1032 ἐς
300 970 397 1041 τώυτὸ,
414 971 476 1029 ἔθυε
491 971 538 1027 καὶ
555 968 744 1047 παρεσκεύαζε
760 969 796 1032 ώς
813 969 887 1039 δεξά·

84 1081 167 1130 μενος
185 1062 240 1115 τῶν
260 1057 394 1133 Περσέων
413 1055 462 1115 τδν
482 1055 613 1132 στρατόν,
630 1056 700 1133 πρὸς
719 1056 757 1127 δὲ,
775 1058 839 1136 οἴνῳ
856 1082 888 1118 τε

84 1144 132 1201 καὶ
149 1145 266 1204 σιτίοισι
283 1145 318 1206 ώς
334 1143 586 1220 ε’πιτηδεωτάτοισι.
604 1143 786 1221 ἀπικομένους
806 1145 835 1203 δὲ
851 1150 887 1224 τῇ

84 1229 217 1310 ὑστεραίῃ
227 1232 290 1295 τούς
304 1234 420 1308 Πέρσας
430 1232 597 1293 κατακλίνας
607 1237 634 1293 ἔς
643 1236 765 1308 λειμῶνα
776 1232 885 1310 εὐώχεε.

85 1320 191 1378 ἐπείτε
207 1320 237 1379 δὲ
252 1319 307 1380 dno*
325 1321 435 1380 δείπνου
451 1319 533 1394 ἦσαν,
548 1319 636 1395 εἴρετό
653 1326 744 1395 σφεας
762 1319 777 1378 6
792 1326 886 1396 Κῦρος

85 1406 185 1483 κότερα
204 1408 240 1466 τά
259 1413 294 1486 τῇ
314 1409 464 1486 προτεραίῃ
487 1406 562 1484 εἶχον
582 1405 600 1482 ἢ
620 1406 656 1465 τά
674 1407 814 1483 παρεόντα
831 1415 887 1483 σφι

85 1495 128 1570 εἴη
148 1496 313 1574 αἱρετώτερα
324 1517 332 1568 ;
355 1496 429 1554 οἶδὲ
449 1497 559 1570 ἔφασαν
577 1494 689 1553 πολλάν
708 1495 777 1554 εἶναι
798 1495 887 1555 αὐτῶν

84 1583 118 1641 τά
135 1585 233 1659 μέσον·
254 1585 306 1659 τήν
319 1586 370 1660 μὲν
383 1583 438 1664 γάρ
456 1583 594 1660 προτέρην
606 1581 713 1660 ἡμέρην
726 1583 817 1642 πάντα
831 1591 887 1659 σφι

85 1671 157 1729 κακά
175 1674 255 1751 ἔχειν,
275 1672 327 1746 την
349 1672 378 1730 δὲ
401 1670 465 1731 τότε
489 1673 650 1747 παρεοῦσαν
670 1669 762 1730 πάντα
782 1670 885 1751 α’γαθά·

85 1760 261 1836 παραλαβών
279 1761 309 1818 δὲ
328 1763 411 1818 τοῦτο
431 1758 464 1818 τά
486 1759 551 1821 ἔπος
568 1757 584 1817 ά
604 1761 697 1834 Κῦρος
710 1758 887 1840 παρεγύμνου

85 1844 134 1906 τάν
146 1847 237 1906 πάντα
251 1847 346 1927 λόγον,
361 1847 460 1927 λέγων·
482 1857 499 1880 “
508 1844 604 1922 ἄνδρες
615 1847 735 1923 Πέρσαι,
745 1846 814 1905 οὕτω
822 1846 887 1923 ὑμῖν

85 1935 152 2012 ἔχει·
173 1936 378 2011 βουλομένοισι
391 1938 442 2010 μὲν
457 1935 521 2010 ἐμέο
535 1935 682 1993 πείθεσθαι
701 1936 761 1994 ἔστι
774 1935 839 1994 τάδε
856 1961 887 1995 τε

86 2022 132 2079 καὶ
152 2020 229 2081 ἄλλα
248 2023 334 2100 μυρία
354 2021 456 2102 άγαθά,
473 2021 572 2080 οὐδένα
591 2020 678 2081 πάνον
694 2023 888 2100 δουλοπρεπέα

86 2110 192 2188 έχουσι·
205 2110 245 2188 μὴ
255 2111 460 2187 βουλομένοισι
474 2110 504 2168 δὲ
517 2109 582 2185 ε’μέο
595 2111 743 2170 πείθεσθαι
757 2112 812 2169 εἶσὶ
822 2111 888 2187 ὑμῖν

86 2197 167 2257 πόνοι
185 2203 223 2277 τῷ
243 2199 329 2276 χθιζῷ
349 2197 547 2275 παραπλήσιοι
570 2197 763 2274 ἀναρίθμητοι·
784 2203 832 2257 νῦν
851 2198 888 2258 ὧν

86 2285 152 2363 ε’μέο
172 2286 333 2362 πειθόμενοι
354 2286 468 2366 γίνεσθε
495 2285 645 2361 ἐλεύθεροι·
672 2286 754 2348 αὐτός
776 2312 807 2345 τε
832 2287 888 2368 γάρ

85 2374 171 2432 δοκέω
185 2374 244 2451 θείη
257 2373 329 2452 τύχη
341 2372 462 2454 γεγονώς
474 2372 540 2431 τάδε
554 2378 580 2434 ἐς
592 2377 688 2450 χεῖρας
701 2373 829 2454 ἄγεσθαι,
843 2375 889 2433 καὶ

86 2461 172 2537 ὑμέας
191 2461 298 2542 ἥγημαι
319 2459 419 2537 ἄνδρας
432 2460 536 2535 Μήδων
550 2461 620 2520 εἶναι
638 2461 670 2520 οὐ
689 2463 888 2539 φαυλοτέρους,

86 2548 150 2608 οὔτε
165 2549 201 2609 τά
218 2549 295 2608 ἅλλα
309 2547 372 2607 οὔτε
387 2548 423 2607 τά
440 2549 573 2624 πολέμια·
597 2548 632 2610 ώς
646 2548 682 2608 ὧν
696 2548 814 2626 ε’χάντων
828 2548 887 2621 ὧδε,

86 2636 248 2697 άπίστασθε
262 2636 308 2695 ἀπ’
322 2636 494 2716 Ἀστυάγεος
506 2636 557 2711 τήν
571 2636 735 2714 ταχίστην.”

127 2726 240 2802 Πέρσαι
252 2725 304 2801 μέν
317 2751 365 2784 νυν
376 2722 541 2801 προστάτεω
555 2723 766 2800 ἐπιλαβόμενοι,
781 2723 867 2801 άσμε·
879 2725 932 2784 12ἳ

86 2838 130 2872 νοι
150 2814 353 2890 ἐλευθεροῦντο,
371 2812 418 2870 καὶ
436 2811 527 2870 πάλαι
547 2810 636 2870 δεινδν
656 2811 815 2889 ποιεύμενοι
833 2811 889 2872 άπδ

87 2899 192 2975 Μήδων
208 2898 354 2978 άρχεσθαι·
375 2898 534 2979 Ἀστυάγης
555 2900 585 2958 δὲ
607 2898 642 2959 ώς
663 2898 779 2958 ἐπύθετο
793 2905 890 2977 Κῦρον

87 2987 255 3064 πρήσσοντα
270 2992 365 3056 ταῦτα,
379 2987 492 3064 πέμψας
505 2986 628 3067 άγγελον
643 2984 740 3045 ε’κάλεε
759 2987 851 3048 αὐτόν·
871 2988 888 3048 6

30 3088 35 3096 '
87 3075 117 3136 δὲ
131 3081 224 3153 Κῦρος
238 3075 346 3134 ἐκέλευε
359 3074 408 3134 τάν
421 3073 543 3154 άγγελον
557 3073 756 3154 ἀπαγγέλλειν,
766 3074 810 3135 ὅτι
822 3075 889 3152 πρά·

87 3189 168 3240 τερον
179 3163 242 3239 ἥξοι
255 3161 320 3240 παρ’
334 3166 437 3223 ἐκεῖνον
449 3161 468 3240 ἦ
482 3161 567 3227 αὐτὸς
575 3159 902 3242 Ἀστυάγηςβοδλετας

77 3248 203 3314 α’κοιίσας
223 3251 254 3310 δὲ
273 3254 366 3313 ταῦτα
386 3251 402 3314 6
424 3251 598 3341 Ἀστυάγης
613 3249 747 3330 Μήδους
758 3277 794 3311 τε
813 3248 935 3307 {mm
