2040 3464
126 110 158 155 46
437 110 619 157 Ἡνοκουου
891 107 927 171 [Ι.

127 185 174 244 ἐπὶ
186 190 236 244 τοῦ
252 190 317 262 νηοῦ
330 188 380 248 τόν
391 187 472 247 οὐδόν
482 191 596 263 εἰρωτᾶν
607 191 631 246 εἰ
644 186 677 246 οὔ
690 212 718 246 τι
732 183 928 263 ἐπαισχύνεται

126 277 203 331 τοῖσι
218 275 380 350 μαντηίοισι
399 275 502 353 ἐποίρας
521 279 649 351 Κροῖσον
663 273 867 350 στρατεύεσθαι
883 273 929 331 ἐπὶ

127 361 242 435 Πέρσας
255 361 291 424 οῖς
305 363 521 422 καταπαύσοντα
533 362 584 438 τήν
598 362 694 438 Κύρου
708 360 823 436 δύναμιν
836 359 883 418 ἀπ’
895 359 928 436 ἧς

127 451 154 507 οἶ
165 448 307 524 ἀκροθίνια
320 455 436 510 τοιαῦτα
444 452 589 533 γενέσθαι;
607 449 761 511 δεικνύντας
771 447 821 511 τός
834 448 928 518 πέδας,

127 536 215 595 τοῦτοί
233 562 265 595 τε
285 542 434 614 ἐπειρωτᾶν
453 540 499 596 καὶ
518 543 542 597 εἰ
560 537 741 615 ἀχαρίστοισι
759 534 844 608 νόμος
860 536 929 596 εἶναι

79 625 203 684 91τοῖσι
222 623 417 700 Ἑλληνικοῖσι
438 627 545 694 θεοῖσι;
573 625 783 701 ’Λπικομένοισι
804 624 833 682 δὲ
852 626 929 684 τοῖσι

127 712 247 770 Λυδοῖσι
272 714 317 772 καὶ
341 715 459 794 λέγουσι
480 714 515 773 τοὶ
540 715 723 789 ἐντεταλμένα
746 711 799 787 τήν
819 713 929 788 Πυθίην

126 800 240 880 λέγεται
261 805 346 860 εἰπεῖν
366 802 441 861 τόδε·
463 803 536 876 “τήν
552 801 734 878 πεπρωμένην
749 803 850 875 μοῖραν
866 799 929 859 α’δί·

126 888 195 946 νατό
209 894 271 947 ἐστι
284 887 454 969 οἷποφυγέειν
468 891 514 947 καὶ
531 891 592 967 θεῷ·
614 891 739 964 Κροῖσος
755 887 785 945 δὲ
800 887 928 962 πέμπτου

125 977 222 1055 γονέος
235 976 380 1053 ἁμαρτάδα
394 979 541 1052 ἐξέπλησε,
554 975 584 1039 ὃς
598 975 648 1034 ε’ὠν
659 974 813 1051 δορυφόρος
825 974 927 1051 Ἡρακ-

126 1064 246 1133 λειδέων,
263 1064 337 1142 δόλῳ
353 1065 501 1144 γυναικηίῳ
518 1063 704 1139 ἐπισπόμενος
723 1062 859 1137 ἐφόνευσε
877 1063 928 1123 τόν

127 1151 273 1221 δεσπότεα,
288 1153 333 1210 καῖ
348 1154 415 1231 ἐσχε
427 1153 479 1228 τήν
493 1153 596 1212 ἐκείνου
610 1150 693 1226 τιμήν
707 1150 786 1209 οὐδέν
800 1153 826 1209 οἱ
838 1176 928 1227 προσ·

126 1238 261 1314 ήκουσαν.
303 1241 527 1317 προθυμεομένου
546 1240 575 1298 δὲ
591 1240 704 1308 Λοξίεω,
722 1237 791 1301 ὅκως
806 1236 840 1298 ἂν
856 1239 927 1299 κατεῖ

125 1327 190 1391 τοδς
203 1329 303 1390 παῖδας
315 1328 379 1391 τοῦς
394 1330 521 1406 Κροίσου
535 1329 643 1408 γένοιτο
657 1326 690 1386 τό
705 1327 829 1403 Σαρδίων
838 1326 927 1392 πόθος

126 1416 173 1474 καὶ
194 1415 235 1492 μή
260 1415 318 1475 κατ’
342 1415 425 1475 αὐτόν
449 1420 583 1493 Κροῖσον,
607 1414 656 1474 οιῖκ
680 1413 738 1476 οἶός
760 1439 791 1473 τε
819 1415 927 1494 ἐγένετο

124 1509 298 1585 παραγαγεῖν
310 1505 418 1580 μοίρας·
437 1504 507 1564 όσον
518 1505 547 1562 δὲ
562 1504 693 1562 ἐνέδωκαν
703 1500 783 1562 αὗται
792 1501 926 1578 ήνύσατο,

126 1593 171 1650 καὶ
192 1591 344 1670 ἐχαρίσατό
366 1595 401 1651 οἱ·
422 1594 486 1668 τρία
505 1592 560 1672 γοῖρ
582 1593 644 1650 ἐτεα
662 1589 854 1665 ἐπανεβάλετο
874 1591 927 1666 τήν

125 1681 248 1756 Σαρδίων
262 1680 379 1739 ἅλωσιν·
401 1680 446 1738 καὶ
462 1685 545 1739 τοῦτο
562 1677 724 1739 ἐπιστάσθω
743 1682 876 1754 Κροῖσος,
891 1679 928 1744 οἷς

123 1767 242 1844 ὕστερον
255 1771 332 1826 τοῖσι
346 1769 420 1826 έτεσι
433 1768 560 1827 τούτοισι
573 1766 658 1828 ἆλοιῖς
674 1770 724 1842 τῆς
736 1767 926 1843 πεπρωμένης.

124 1855 238 1931 δεύτερα
254 1856 283 1914 δὲ
299 1855 410 1925 τούτων,
426 1858 560 1935 καιομένῳ
577 1854 650 1934 αὐτῷ
667 1854 812 1931 ἐπήρκεσε.
855 1857 927 1916 κατὰ

124 1943 154 2002 δὲ
177 1942 210 2003 τό
233 1943 369 2020 μαντήϊον
388 1943 421 2004 τό
441 1944 598 2024 γενόμενον,
620 1943 669 2001 οὐκ
691 1943 779 2019 ὀρθῶς
800 1947 927 2019 Κροῖσος

123 2032 274 2107 μέμφεται.
308 2032 479 2113 προηγόρευε
492 2031 547 2113 γοίρ
562 2035 589 2091 οἱ
602 2032 713 2105 Λοξίης,
727 2029 761 2105 ἣν
774 2031 926 2108 στρατεύη-

123 2145 170 2178 ται
191 2120 236 2178 ἐπὶ
256 2120 371 2196 Πέρσας
391 2121 518 2201 μεγόλην
536 2118 626 2197 οἷρχήν
643 2117 727 2177 αὐτόν
747 2118 924 2180 καταλύσειν·

123 2207 174 2267 τόν
192 2207 222 2265 δὲ
242 2207 312 2284 πρός
327 2212 415 2267 ταῦτα
431 2212 504 2287 χρήν
521 2206 550 2266 εὖ
566 2209 711 2284 μέλλοντα
726 2205 925 2282 βουλεύεσθαι,

125 2296 285 2371 ἐπείρεσθαι
297 2296 448 2374 πέμψαντα
462 2296 561 2371 κότερα
571 2293 622 2369 τήν
631 2297 730 2353 ἑαυτοῦ
740 2292 758 2369 ἦ
769 2292 821 2368 τήν
830 2293 927 2370 Κύρου

124 2385 204 2464 λέγοι
224 2382 331 2462 όρχήν;
355 2383 387 2443 οὔ
408 2382 566 2459 συλλαβεῖν
583 2383 612 2440 δὲ
628 2381 661 2441 τό
677 2383 769 2458 ῥηθὲν,
788 2381 843 2441 οὐδ’
861 2387 926 2441 ἐπα·

124 2471 288 2548 νειρόμενος,
317 2470 417 2532 ἑωυτόν
445 2473 534 2531 αἴτιον
560 2470 746 2545 α’ποφαινέτω·
773 2467 795 2548 ᾧ
821 2470 867 2528 καὶ
892 2470 927 2532 τδ

124 2563 283 2619 τελευταῖον
306 2560 570 2639 χρηστηριαζομένῳ
594 2557 654 2616 εἶπε
677 2556 713 2616 τό
737 2557 797 2615 εἶπε
823 2558 928 2634 Λοξίης

126 2647 191 2723 περὶ
210 2646 336 2723 ἡμιόνου,
358 2647 524 2707 οὐδὲτοῦτο
544 2646 697 2721 συνέβαλε·
724 2645 759 2720 ἣν
779 2644 834 2726 γόρ
855 2644 890 2722 δή
911 2645 928 2706 ό

127 2739 220 2812 Κῦρος
241 2731 321 2797 οὗτος
340 2734 463 2810 ήμίονος·
485 2739 515 2794 ἐκ
534 2734 590 2815 γὰρ
608 2734 683 2792 δυοῖν
703 2733 753 2792 οὐκ
774 2733 929 2810 ὁμοεθνέων

126 2822 259 2903 ἐγεγόνεε,
272 2823 378 2899 μητρός
393 2822 535 2899 οἷμείνονος
550 2821 655 2899 πατρός
672 2822 701 2880 δὲ
716 2821 927 2899 ίποδεεστέρου·

126 2910 145 2985 ή
163 2913 214 2986 μὲν
233 2911 288 2990 γοὶρ
308 2910 343 2985 ἦν
364 2912 456 2986 Μηδὶς
477 2912 523 2970 καὶ
543 2909 713 2990 ’Λστυόγεος
734 2909 857 2990 θυγάτηρ
878 2915 928 2970 τοῦ

127 2998 232 3072 Μήδων
245 2999 392 3072 βασιλέος,
407 2998 423 3057 ό
458 3001 470 3056 ὲ
486 2999 601 3074 Πέρσης
616 3023 648 3056 τε
664 2997 758 3072 ἦνκαὶ
774 2996 929 3076 ἀρχόμενος

123 3085 172 3142 ἐπ’
188 3086 329 3145 ἐκείνοισι·
350 3086 397 3145 καὶ
413 3087 504 3163 ἔνερθε
520 3085 571 3144 ἐυῖν
585 3089 662 3144 τοῖσι
678 3084 777 3154 ἅπασι,
794 3086 929 3165 δεσποίνῃ

107 3173 152 3243 τῇ
162 3173 438 3235 ἑωυτοΰσυνοίκεε.”
465 3178 556 3235 ταῦτα
571 3173 648 3252 μὶνή
663 3175 758 3248 Πυθίη
765 3172 929 3249 ὑπεκρίνατο

91 3256 177 3313 τοῖσι
192 3260 337 3336 Λυδοῖσι,
355 3267 388 3326 οἶ
406 3264 437 3326 δὲ
455 3263 610 3343 ἀνήνεικαν
629 3267 658 3326 ἐς
671 3261 778 3336 Σάρδις
795 3259 842 3316 καλ
857 3259 943 3334 δπὴγ
