2040 3464
144 108 192 156 354
445 110 629 158 ἨΡΟΔΟΤΟΤ
880 110 945 175 [IV.

142 186 266 248 οἰκέουσι
291 193 321 248 ε’ν
344 193 417 267 αὐτῷ
439 192 516 248 τοῖσι
540 189 644 264 οὕνομα
667 188 847 266 Γαράμαντές
871 196 941 261 ε’στι,

143 276 220 339 ἔθνος
234 277 308 358 μέγα
326 280 456 355 ἰσχυρῶς·
478 277 505 336 οἳ
521 279 567 336 ε’πὶ
579 276 628 337 τόν
642 277 698 335 ἅλα
711 283 766 358 γῆν
779 281 943 356 ε’πιφορέον-

140 390 194 433 τες,
208 363 278 424 οότω
295 366 454 440 σπείρουσι·
476 365 703 446 (συντομώτατον
718 365 817 425 δ”ἔστὶ
836 371 864 430 ές
878 369 944 431 τούς

142 451 340 533 Λωτοφάγους,
359 458 388 512 εἰ(
408 457 464 513 τῶν
482 453 631 531 τριήκοντα
650 453 774 531 ἡμερέων
795 460 822 517 ἐς
843 453 944 518 αὐτοῦς

141 539 203 603 όδός
233 541 317 620 ἐστι.)
362 546 391 600 ἐν
422 544 499 601 τοῖσι
531 543 576 600 καὶ
608 545 635 601 οἱ
662 541 849 619 ὀπισθονόμοι
875 542 945 617 βόες

141 628 275 704 γίνονται·
305 628 492 706 ὀπισθονόμοι
512 630 542 688 δὲ
579 630 607 688 ad
627 630 691 689 τόδε
712 631 777 690 εἶσί·
802 631 839 690 τοὶ
863 631 944 707 κέρεα

143 717 241 794 έχουσι
262 716 402 793 κεκυφότα
423 722 450 780 ε’ς
469 717 503 777 τό
521 720 673 794 ἔμπροσθε·
695 717 740 777 διά
754 723 838 778 τοῦτο
851 716 945 778 όπίσω

142 803 345 883 α’ναχωρέοντες
368 806 507 883 νέμονται·
539 811 567 868 ἐς
592 806 648 886 γάρ
668 805 702 866 τό
726 807 870 883 ἔμπροσθε
893 805 945 866 οὔκ

142 892 199 950 οἶοί
226 893 260 952 τέ
292 897 355 962 εἶσι,
383 892 645 969 προεμβαλλόντων
676 898 704 957 ἒς
731 893 783 968 τὴν
808 898 863 974 γῆν
889 899 945 955 τῶν

142 981 250 1057 κερέων·
270 979 345 1040 ἄλλο
362 981 392 1038 δὲ
408 980 487 1040 οὐδὲν
505 982 672 1059 διαφέρουσι
688 987 743 1042 τῶν
757 981 852 1042 ἄλλων
865 984 945 1058 βοῶν

143 1067 186 1127 ὅτι
207 1068 247 1144 μὴ
271 1071 363 1137 τοῦτο,
386 1070 432 1128 καὶ
455 1069 488 1129 τὸ
511 1069 599 1147 δέρμα
622 1070 820 1148 ε’ςποχότητά
842 1096 873 1129 τε
898 1072 945 1129 καὶ

142 1157 245 1233 τρίψιν.
281 1159 307 1215 οἶ
325 1156 505 1234 Γαράμαντες
523 1157 552 1216 δὲ
568 1155 645 1216 οὗτοι
661 1156 726 1219 τούς
743 1157 945 1238 Τρωγλοδύτας

143 1246 280 1308 Αἰθίοπας
310 1245 459 1321 θηρεύουσι
488 1249 565 1305 τοῖσι
597 1247 786 1323 τεθρίπποισι.
829 1249 856 1304 οἱ
889 1246 945 1326 γάρ

143 1331 339 1413 Τρωγλοδύται
367 1334 498 1396 Αἰθίοπες
523 1332 611 1395 πόδας
635 1333 768 1412 τάχιστοι
793 1331 945 1409 ἀνθρώπων

145 1421 255 1480 πάντων
273 1421 328 1479 εἰσὶ
346 1425 401 1480 τῶν
416 1421 496 1497 ἡμεῖς
513 1421 577 1499 πέρι
595 1420 698 1501 λόγους
716 1419 945 1497 ἀποφερομένους

143 1507 290 1585 άκοόομεν·
321 1510 461 1569 σιτέονται
482 1509 512 1568 δὲ
536 1512 563 1567 οἱ
589 1507 785 1590 Τρωγλοδύται
808 1506 875 1583 ὄφις
897 1511 944 1568 καὶ

144 1596 258 1671 σαύρας,
273 1597 319 1655 καὶ
339 1596 374 1654 τοὶ
394 1601 510 1656 τοιαῦτα
529 1600 584 1656 τῶν
605 1601 733 1674 ἑρπετῶν·
754 1600 894 1676 γλῶσσαν
915 1598 944 1656 δὲ

144 1682 258 1762 οὐδεμιῇ
283 1682 359 1762 ἄλλῃ
383 1685 541 1761 παρομοίην
564 1685 733 1762 νενομίκασι,
757 1682 834 1742 ἀλλὰ
855 1686 944 1762 τετρί-

143 1797 214 1851 γασι
228 1771 351 1849 κατάπερ
365 1775 394 1830 αἱ
407 1772 568 1850 νυκτερίδες.

99 1861 155 1917 184
204 1858 277 1918 Ἀπδ
299 1859 329 1918 δὲ
349 1860 536 1938 Γαραμάντων
556 1857 590 1918 δι’
611 1858 721 1919 ἀλλέων
738 1859 805 1918 δέκα
820 1859 945 1938 ἡμερέων
1000 1916 1002 1921 .

145 1946 218 2016 ὁδοῦ,
234 1947 322 2025 ἄλλος
343 1947 412 2010 ἁλός
427 1974 457 2006 τε
474 1947 595 2010 κολωνός
611 1949 657 2006 καὶ
674 1943 754 2025 ὕδωρ·
777 1948 822 2006 καὶ
840 1947 945 2026 ἅνθρω-

144 2061 193 2095 ποι
213 2035 277 2112 περὶ
298 2035 383 2095 αὐτόν
403 2036 534 2105 οἰκέουσι,
555 2039 632 2102 τοῖσι
653 2034 758 2111 οὔνομά
779 2040 840 2095 ε’στι
863 2033 945 2096 Ἀτά-

298 2122 529 2146 ιλὶΙΙτ

144 2148 250 2200 ραντες·
285 2148 312 2181 οι
341 2149 479 2199 ανωνυμοι
506 2149 562 2182 εισι
588 2127 687 2200 μοῦνοι
712 2122 865 2200 ἀνθρώπων
891 2129 947 2185 τῶν

145 2212 224 2288 ἡμεῖς
248 2210 334 2287 ἴδμεν·
362 2210 448 2270 άλέσι
470 2214 522 2289 μὲν
543 2210 598 2292 γάρ
620 2212 678 2286 σφί
700 2215 761 2270 ε’στι
778 2210 947 2287 Ἀτάραντες

146 2299 259 2380 οὔνομα,
275 2300 314 2359 ἑνὶ
335 2300 364 2359 δὲ
385 2298 492 2378 ἑκάστῳ
513 2297 603 2357 αὐτῶν
624 2297 729 2376 οὕνομα
750 2298 829 2359 οὐδὲν
845 2301 944 2360 κέεται

146 2387 222 2448 οὗτοι
239 2395 277 2469 τῷ
291 2389 362 2467 ἡλίῳ
376 2387 588 2464 ὖπερβάλλοντι
604 2387 797 2464 καταρέωνται,
812 2389 858 2446 καὶ
876 2389 946 2466 πρός

145 2477 272 2537 τούτοισι
287 2477 379 2536 πάντα
396 2476 432 2535 τά
450 2474 555 2554 αἰσχρά
573 2475 770 2552 λοιδορέονται,
790 2475 833 2535 ὅτι
854 2478 948 2551 σφέας

147 2567 229 2625 καίων
246 2566 393 2642 ἐπιτρίβει,
408 2562 507 2624 αὐτούς
525 2588 556 2621 τε
576 2562 641 2625 τούς
656 2561 816 2640 άνθράπους
833 2565 879 2623 καὶ
896 2563 949 2640 τ’ἡν

146 2652 240 2732 χάρην
261 2652 359 2712 αὐτῶν.
401 2651 472 2727 μετὰ
493 2651 530 2719 δὲ,
552 2648 586 2709 δι’
606 2649 716 2711 α’λλέων
736 2650 803 2709 δέκα
824 2651 950 2729 ἡμερέων

147 2742 222 2812 ὁδοῦ,
236 2741 326 2804 ἄλλος
347 2739 467 2802 κολωνός
487 2737 558 2802 άλός
579 2738 625 2798 καὶ
641 2737 722 2815 ὕδωρ·
744 2739 790 2797 καὶ
807 2738 951 2817 ἅνθρωποι

146 2831 211 2907 περὶ
234 2828 319 2888 αὐτόν
344 2828 473 2887 οἰκέουσι.
517 2828 609 2905 ἔχεται
630 2827 660 2885 δὲ
681 2829 731 2885 τοῦ
756 2825 825 2889 άλδς
848 2827 952 2889 τούτου

148 2917 229 2995 οὖρος
246 2921 284 2995 τῷ
300 2914 405 2992 οὔνομά
423 2920 485 2974 ἐστι
496 2913 614 2976 Ἀτλας·
636 2915 697 2973 ἔστι
721 2914 750 2972 δὲ
771 2915 883 2976 στεινόν
903 2918 952 2977 καὶ

148 3006 311 3081 κυκλοτερὲς
323 3002 424 3079 πάντη·
444 3001 555 3080 ὖψὴλδν
568 3002 598 3061 δὲ
608 3001 678 3062 οὕτω
692 2999 726 3076 δὴ
739 3027 767 3060 τι
780 3004 903 3083 λέγεται,
915 3005 953 3069 οἷς

138 3094 191 3159 τάς
207 3091 338 3174 κορυφάς
356 3090 441 3155 αὐτοῦ
461 3089 511 3152 οὐκ
529 3089 575 3151 οἷά
591 3115 623 3150 τε
643 3089 713 3149 εἶναι
734 3090 852 3150 ἰδέσθαι·
875 3091 952 3152 οὐδέ-

80 3216 94 3263 2
125 3208 200 3246 κοτε
221 3185 282 3271 γάρ
306 3184 398 3252 αὐτάς
414 3181 584 3247 ἀπολείπειν
601 3179 700 3254 νέφεα,
712 3176 881 3250 υἷιτεδέυευς
892 3180 956 3239 οἶκε

128 3279 286 3354 suffim-
308 3282 405 3342 τοῦτο
420 3275 478 3341 τὸν
497 3273 582 3335 κίονα
600 3271 655 3330 του
677 3265 796 3340 ουρανυῖι
808 3261 934 3336 λέχουαι
951 3268 981 3319 δι
