2040 3464
136 109 168 154 ιο
335 125 338 131 »
443 108 625 154 ἯΡοΔοοου
754 136 757 141 -
899 106 933 172 [ι

134 185 235 244 δοκέων
245 186 271 243 οἶ
284 183 386 262 χρόνον
396 185 442 242 ἐπὶ
454 185 561 261 μακρόν
572 184 753 260 έσεσθαι“τήν
761 189 933 263 πολιορκίην,

135 273 239 347 ἔπεμπε
253 276 283 330 ἐκ
296 274 346 329 τοῦ
359 271 464 349 τείχεος
481 271 587 335 ἄλλους
602 271 739 353 ἀγγέλους
758 279 786 335 ἐς
798 274 847 336 τός
863 301 934 351 συμ-

132 359 246 438 μαχίας.
288 361 315 416 οἱ
332 359 451 439 μὲνγὰρ
467 359 601 436 πρότερον
618 359 801 434 διεπέμποντο
820 366 847 422 ἐς
865 363 933 438 πέμ-

132 472 203 506 πτον
232 450 308 522 μῆνα
337 448 514 522 προερέοντες
542 447 735 528 συλλέγεσθαι
766 453 793 510 ἐς
824 446 933 524 Σάρδις·

133 533 246 596 τούτους
259 534 288 592 δὲ
302 534 438 610 ἐξέπεμπε
450 534 501 610 τήν
512 535 651 612 ταχίστην
667 535 780 593 δέεσθαι
792 537 932 611 βοηθέειν,

85 625 123 683 82
133 620 169 685 ιύς
182 623 415 699 πολιορκεομένου
432 623 569 699 Κροίσου.
605 621 657 683 ”Es
669 649 700 680 τε
717 622 751 698 δή
769 622 805 683 ὧν
819 623 869 686 τός
882 623 933 683 άλ-

133 714 186 773 λας
201 711 306 786 ἔπεμπε
321 710 492 788 συμμαχίας,
508 711 553 777 καὶ
571 710 665 785 δήκαὶ
684 716 711 773 ἐς
728 711 933 788 Λακεδαίμονα.

131 801 207 857 τοῖσι
220 797 250 856 δὲ
263 798 308 855 καὶ
321 797 432 857 αύτοῖσι
447 797 535 878 [τοῖσι
554 797 758 879 Σπαρτιήτῃσι]
772 797 830 857 κατ’
849 799 932 860 αύτόν

131 890 229 945 τοῦτον
254 885 304 945 τόν
329 884 431 964 χρόνον
451 885 658 945 συνεπεπτώκεε
680 886 733 962 ἔρις
757 890 844 945 ἐοῦσα
862 887 932 963 πρός

139 974 280 1054 Αργείους,
295 974 358 1049 περὶ
370 973 462 1052 χιόρου
476 975 646 1049 καλεομένου
659 976 772 1050 Θυρέης.

170 1061 225 1124 Τοὶς
244 1062 299 1143 γάρ
320 1063 425 1137 Θυρέας
444 1060 554 1130 ταύτας,
577 1060 676 1123 ἐούσας
696 1066 746 1136 τῆς
766 1060 932 1142 Ἀργολίδος

129 1151 235 1228 μοίρης,
252 1149 460 1226 ἀποταμόμενοι
482 1150 568 1228 ἔσχον
590 1152 617 1207 οἱ
632 1148 855 1225 Λακεδαιμόνιοι.
896 1150 931 1225 ἣν

148 1239 217 1296 ἐκαὶ
229 1236 250 1314 ή
262 1238 346 1317 μέχρι
363 1237 518 1312 Μαλεῶνή
534 1236 606 1313 πρός
623 1238 744 1313 ἑσπέρην
757 1236 897 1318 Ἀργείων,
910 1238 929 1313 ἥ

128 1351 160 1385 τε
173 1331 202 1384 ἐν
214 1330 249 1404 τῇ
260 1325 366 1404 ἠπείρῳ
380 1324 457 1403 χώρη
476 1324 521 1382 καὶ
538 1323 557 1399 ή
573 1324 709 1400 Κυθηρίη,
724 1322 770 1381 καὶ
786 1327 815 1381 αἱ
832 1327 931 1385 λοιπαὶ

126 1418 182 1474 τῶν
194 1413 296 1491 νήσων.
337 1412 542 1490 βοηθησάντων
558 1413 587 1470 δὲ
604 1410 737 1491 Ἀργείων
752 1416 788 1489 τῇ
804 1413 930 1491 σφετέρῃ

128 1501 349 1582 οἷποταμνομένη,
366 1502 484 1560 ἐνθαῦτα
497 1501 661 1574 συνέβησαν
675 1505 702 1562 ἐς
715 1499 817 1580 λόγους
831 1506 930 1560 συνελ-

130 1591 231 1661 θόντες,
260 1590 332 1650 ὥστε
361 1580 537 1667 τριηκοσίους
571 1589 704 1665 ἑκατέρων
736 1590 928 1666 μαχέσασθαι,

129 1679 253 1755 ὁκότεροι
266 1678 289 1738 δ’
303 1676 337 1737 ἂν
351 1678 545 1758 περιγένωνται
559 1674 663 1736 τουτων
680 1676 748 1735 εἶναι
763 1677 812 1736 τόν
825 1681 928 1755 χῶρον·

125 1768 158 1827 τό
173 1769 202 1825 δὲ
215 1770 325 1845 πλῆθος
336 1770 386 1825 τοῦ
400 1769 523 1843 στρατοῦ
541 1763 784 1824 ἀπαλλάσσεσθαι
800 1764 928 1842 ἑκάτερον

127 1860 154 1917 ἐς
166 1855 218 1929 τήν
232 1857 341 1920 ἑωυτοῦ,
351 1853 421 1928 μηδὲ
435 1853 603 1930 παραμένειν
617 1852 829 1934 ἀγωνιζομένων,
843 1854 928 1913 τῶνδε

126 1943 233 2011 εἵνεκεν,
249 1942 292 2000 ἵνα
304 1939 344 2017 μή
357 1939 514 2017 παρεόντων
526 1945 581 1999 τῶν
594 1940 797 2016 στρατοπέδων,
811 1939 928 2017 ὁρῶντες

126 2034 153 2090 οἱ
179 2030 265 2106 ἕτεροι
288 2030 473 2106 ἑσσουμένους
491 2028 555 2091 τούς
577 2029 730 2105 σφετέρους
754 2027 926 2104 ἐπαμύνοιεν.

124 2119 289 2194 συνθέμενοι
313 2117 350 2176 ὦν
375 2121 463 2175 ταῦτα
486 2115 719 2175 ἀπαλλάσσοντο·
756 2116 873 2196 λογάδες
897 2119 927 2179 δὲ

125 2207 259 2282 ἑκατέρων
284 2205 502 2281 ὑπολειφθέντες
529 2205 719 2279 συνέβαλλον·
760 2205 927 2283 μαχομένων

125 2295 156 2354 δέ
171 2301 268 2370 σφεων
286 2294 332 2353 καὶ
351 2293 501 2373 γινομένων
521 2293 678 2350 ἰσοπαλέων
696 2291 879 2352 ὑπελείποντο
896 2296 926 2365 ἐξ

124 2383 229 2459 ἀνδρῶν
245 2383 395 2452 ἑξακοσίων
411 2385 493 2457 τρεῖς,
512 2379 645 2460 Ἀργείων
662 2383 713 2455 μὲν
733 2378 878 2457 Ἀλκήνωρ
894 2408 925 2442 τε

124 2472 170 2530 καὶ
196 2469 329 2547 Χρόμιος,
356 2469 579 2544 Λακεδαιμονίων
607 2468 636 2527 δέ
661 2467 826 2545 Ὀθρυάδης·
860 2468 925 2531 ύπε-

123 2559 286 2635 λείφθησαν
301 2558 331 2616 δὲ
348 2555 425 2616 οὗτοι
442 2554 539 2618 νυκτός
555 2554 737 2631 ἐπελθούσης.
780 2559 806 2614 οῖ
821 2558 873 2631 μὲν
889 2558 924 2636 δή

122 2646 171 2706 δύο
183 2651 237 2707 τῶν
249 2645 381 2726 Ἀργείων
396 2643 431 2707 οἷς
446 2643 616 2719 νενικηκότες
634 2645 711 2704 ἔθεον
727 2649 754 2706 ἐς
766 2643 799 2702 τό
807 2642 923 2726 Ἄργος·

122 2734 139 2796 ό
159 2736 188 2793 δέ
203 2739 257 2794 τῶν
270 2733 493 2808 Λακεδαιμονίων
508 2731 670 2807 Ὀθρυάδης,
684 2729 845 2795 σκυλεύσας
858 2735 924 2797 τούς

122 2821 254 2904 Ἀργείων
274 2821 384 2899 νεκρούς
403 2822 449 2878 καὶ
470 2819 678 2896 προσφορήσας
695 2818 731 2878 ταὶ
754 2818 832 2878 ὅπλα
851 2821 923 2898 πρός

120 2911 154 2971 τό
182 2914 281 2969 ἑωυτοῦ
308 2907 506 2986 στρατόπεδον,
528 2913 557 2967 ἐν
576 2912 612 2983 τῇ
632 2907 708 2977 τάξει
729 2907 788 2986 εἶχε
812 2910 912 2970 ἑωυτόν

120 2998 210 3077 ἡμέρῃ
223 2998 252 3056 δὲ
266 2998 377 3073 δευτέρη
391 2999 523 3070 παρῆσαν
541 2994 742 3071 πυνθανόμενοι
755 2995 921 3074 ἀμφότεροι.

113 3087 183 3145 τέως
195 3087 255 3157 μὲν
272 3084 308 3159 δή
325 3083 405 3142 αὐτοὶ
422 3079 544 3156 ἑκάτεροι
563 3083 674 3156 ἔφασαν
688 3087 773 3152 νικᾶν,
792 3084 921 3164 λέγοντες

94 3169 130 3221 οἱ
143 3175 204 3242 μὲν
220 3171 260 3234 ὦς
275 3175 388 3232 ἑωυτῶν
409 3173 529 3234 πλεῦνες
545 3168 754 3252 περιγεγόνασι,
769 3173 796 3229 οἱ
811 3171 842 3229 δὲ
856 3173 921 3235 τούς

75 3249 140 3311 μὲν
156 3252 382 3331 αποφαιίισντες
401 3258 591 3342 πεφευγότας
606 3260 658 3321 τὸν
676 3258 709 3318 δε
727 3258 866 3334 σῴέτερον
884 3283 933 3315 πα-
