2040 3464
139 111 184 157 ιιι
434 112 616 161 ἀνοιοτου
885 115 937 180 [Π.

141 189 216 249 ἄλλο
231 196 313 266 σῶμα
329 197 379 251 τοῦ
395 193 466 267 βοός
483 197 629 268 πιμπλᾶσι
644 192 734 270 άρτων
747 196 875 273 καθαριῦν
892 198 939 256 καὶ

139 278 253 353 μέλιτος
267 280 313 336 καὶ
326 280 483 355 ἀσταφίδος
496 282 542 339 καὶ
555 281 647 340 σύκων
660 283 706 340 καὶ
719 283 880 358 λιβανωτοῦ
893 285 939 344 καὶ

140 365 265 442 σμύρνης
285 368 331 425 καὶ
349 372 404 427 τῶν
424 368 520 428 ἄλλων
543 368 701 445 θυωμάτων·
727 370 889 445 πλήσαντες
909 372 939 431 δὲ

140 453 251 523 τούτων,
275 458 457 536 καταγίζουσι
480 458 573 516 ἔλαιον
597 455 722 532 ἄφθονον
746 459 938 536 καταχέοντες.

140 542 398 618 προνηστεύσαντες
411 544 440 602 δὲ
455 543 562 604 θύουσι.
597 547 749 620 καιομένων
761 545 792 604 δὲ
804 549 860 605 τῶν
874 549 939 623 ἱρῶν

139 629 289 690 τύπτονται
316 631 426 695 πάντες·
460 633 543 691 ε’πεάν
569 631 599 690 δὲ
625 631 830 710 ἀποτύψωνται,
858 633 938 693 δαῖτα

140 721 317 794 προτίθενται
329 720 364 779 τοὶ
378 722 508 779 ἐλίποντο
520 725 575 779 τῶν
589 723 662 797 ἱρῶν.

93 808 126 868 ί]
180 807 251 870 Τοῦς
262 809 314 884 μέν
323 834 371 867 νυν
381 807 519 883 καθαροῦς
530 809 602 883 βοῦς
614 807 678 871 τοῦς
689 809 803 884 ἔρσενας
816 809 863 868 καὶ
875 809 940 874 τοῦς

139 894 267 973 μόσχους
280 899 307 954 οἱ
318 894 419 959 πάντες
432 895 581 974 Αἰγύπτιοι
597 893 705 955 θύουσι·
726 895 776 958 τὰς
792 896 822 955 δὲ
835 898 939 973 θηλέας

141 981 173 1040 οῦ
189 991 245 1058 σφι
263 985 354 1053 ἔξεστι
371 983 453 1053 θύειν,
467 982 544 1041 ἀλλὰ
563 984 621 1058 ἱραί
636 986 692 1042 εἰσι
706 988 757 1058 τῆς
771 982 871 1048 Ἴσιος.
904 986 938 1044 τό

139 1071 194 1150 γάρ
215 1076 266 1145 τῆς
287 1071 377 1134 Ἴσιος
403 1071 520 1151 ἄγαλμα
544 1070 589 1129 ε’όν
611 1070 771 1150 γυναικήῖον
794 1072 939 1150 βούκεριόν

142 1163 212 1227 ἐστι,
227 1159 349 1234 κατάπερ
358 1159 496 1233 Ἕλληνες
508 1158 560 1233 τήν
572 1158 646 1218 Ἰοῦν
658 1158 812 1239 γράφουσι·
829 1161 875 1218 καὶ
887 1160 938 1224 τάς

140 1248 212 1321 βοῦς
227 1248 278 1310 τάς
291 1247 393 1322 θηλέας
406 1246 554 1325 Αἰγύπτιοι
568 1245 669 1308 πάντες
683 1245 784 1322 ὁμοίως
801 1248 938 1322 σέβονται

140 1334 291 1410 προβάτων
304 1334 413 1394 πάντων
427 1333 553 1410 μάλιστα
565 1337 672 1411 μακρῷ.
705 1337 760 1392 τῶν
774 1334 863 1393 εἵνεκα
881 1335 938 1394 οὔτ’

140 1421 210 1499 οἶνήρ
225 1423 376 1504 Αἰγύπτιος
394 1422 456 1481 οῦτε
474 1421 543 1502 γυνή
558 1420 644 1497 ἄνδρα
657 1421 787 1496 Ἕλληνα
804 1422 938 1497 φιλήσειε

140 1508 176 1569 άν
190 1516 228 1590 τῷ
241 1511 369 1586 στόματι,
384 1509 447 1569 οῦδὲ
463 1510 586 1588 μαχαίρῃ
600 1508 699 1585 ἀνδρός
712 1509 854 1585 Ἕλληνος
869 1511 938 1589 χρή-

140 1625 229 1669 σεται,
240 1598 295 1658 οὐδ’
303 1599 444 1675 ὀβελοῖσι,
456 1597 518 1656 οῦδὲ
528 1598 639 1672 λέβητι,
649 1595 711 1655 οῦδὲ
722 1598 804 1671 κρέως
815 1599 938 1674 καθαροῦ

140 1687 211 1761 βοός
234 1688 450 1763 διατετμημένου
470 1685 624 1763 Ἑλληνικῇ
647 1686 772 1764 μαχαίρῃ
796 1685 936 1765 γεύσεται.

139 1773 280 1834 θάπτουσι
293 1775 323 1832 δὲ
335 1774 399 1836 τοῦς
410 1773 638 1847 ἀποθνήσκοντας
651 1773 723 1847 βοῦς
733 1772 839 1849 τρόπον
848 1773 937 1833 τόνδε·

138 1861 189 1925 τοὶς
201 1864 252 1938 μὲν
265 1862 369 1937 θηλέας
382 1865 409 1923 ἒς
421 1860 471 1920 τόν
483 1860 610 1935 ποταμόν
620 1859 729 1929 άπιῦσι,
739 1859 804 1923 τοῦς
817 1860 847 1919 δὲ
861 1862 937 1938 ἔρσε-

140 1975 189 2012 νας
202 1949 413 2026 κατορύσσουσι
427 1949 539 2007 ἕκαστοι
553 1953 582 2007 ἐν
594 1952 672 2007 τοῖσι
684 1948 889 2024 προαστείοισι,
903 1949 936 2009 τό

140 2039 220 2113 κέρας
233 2037 265 2096 τό
277 2037 369 2113 ἕτερον
379 2035 396 2111 ἢ
408 2036 453 2094 καὶ
465 2035 613 2112 α’μφότερα
623 2035 803 2114 ὑπερέχοντα,
815 2037 937 2113 σημηίου

140 2127 249 2185 εἵνεκεν.
285 2125 367 2184 ε’πεοὶν
387 2125 417 2183 δὲ
438 2128 525 2202 σαπῇ,
545 2125 591 2181 καὶ
611 2125 717 2202 προσίη
737 2123 752 2183 ό
771 2126 938 2202 τεταγμένος

139 2213 247 2291 χρόνος,
266 2212 423 2272 α’πικνέεται
443 2218 470 2275 ἐς
491 2210 612 2286 ἑκάστην
629 2212 714 2271 πόλιν
732 2212 816 2287 βάρις
837 2218 868 2270 ἐκ
887 2218 937 2289 τῆς

141 2302 353 2379 Προσωπίτιδος
373 2300 542 2377 καλευμένης
561 2300 659 2374 νήσου·
680 2299 698 2376 ἡ
719 2299 741 2358 δ’
759 2301 819 2359 ἔστι
839 2302 890 2376 μὲν
909 2307 938 2360 ἐν

139 2394 177 2468 τῷ
194 2391 296 2459 Δέλτα,
310 2391 474 2466 περίμετρον
492 2389 522 2446 δὲ
542 2387 626 2462 αὐτῆς
645 2389 700 2447 εἶσὶ
719 2392 831 2466 σχοῖνοι
850 2390 937 2448 ε’ννέα·

139 2485 169 2538 ἐν
187 2480 273 2558 ταύτῃ
294 2479 330 2538 ὧν
350 2483 385 2556 τῇ
406 2477 598 2553 Προσωπίτιδι
618 2476 695 2554 νήσῳ
715 2477 800 2535 ἔνεισι
819 2478 871 2553 μὲν
892 2478 939 2536 καὶ

138 2566 226 2626 άλλαι
235 2568 332 2630 πόλιες
343 2567 452 2645 συχναὶ,
462 2571 492 2624 ἐκ
502 2570 551 2640 τῆς
562 2565 591 2622 δὲ
602 2568 630 2622 αἱ
643 2565 727 2641 βάρις
737 2565 937 2644 παραγίνονται

139 2655 356 2732 ἀναιρησόμεναι
371 2656 407 2714 τοὶ
426 2654 513 2714 ὀστέα
528 2657 582 2712 τῶν
599 2654 678 2728 βοιῦν
697 2652 802 2728 οὔνομα
819 2653 938 2730 τῇπόλι

137 2742 320 2822 Ἀτάρβηχις·
335 2747 363 2802 ε’ν
373 2743 396 2801 δ’
405 2742 474 2820 αὐτῇ
482 2741 650 2817 Ἀφροδίτης
662 2739 721 2817 ἱρόν
732 2740 812 2820 ἅγιον
821 2740 935 2816 ἵδρυται.

139 2837 169 2891 ἐκ
186 2832 287 2907 ταύτης
301 2835 352 2906 τῆς
371 2831 471 2892 πόλιος
488 2829 657 2888 πλανέονται
672 2829 785 2897 πολλοὶ,
803 2825 890 2887 ἄλλοι
910 2833 938 2890 ές

137 2919 229 2982 ἄλλος
242 2918 333 2988 πόλις,
347 2917 528 2995 ἀνορύξαντες
540 2917 570 2975 δὲ
585 2917 620 2975 τὰ
634 2915 721 2975 ὀστέα
734 2914 877 2995 ἀπάγουσι
891 2916 937 2974 καὶ

121 3007 271 3068 θάπτουσι
282 3013 311 3072 ἐς
325 3007 375 3068 ἕνα
387 3011 483 3089 χῶρον
496 3004 610 3068 πάντες.
641 3005 711 3063 κατὰ
721 3003 810 3062 ταῦτα
818 3004 849 3062 δὲ
860 3008 937 3063 τοῖσι

97 3093 204 3165 βουσί
225 3100 278 3159 καί
299 3097 405 3161 τᾶλλα
432 3097 541 3177 κτήνεα
558 3092 708 3157 θάπτουσι
726 3089 951 3160 αποδνήακοντα·

85 3181 145 3239 '“12
167 3185 232 3265 γάρ
253 3192 326 3270 περὶ
344 3197 449 3255 ταῦτα
464 3187 546 3252 οὕτω
567 3189 633 3262 σῲι
647 3175 882 3253 νενοθῡθὲτλτω·
905 3171 974 3228 “²⁹⁹

70 3286 171 3331 voum
187 3277 256 3358 γάρ
271 3281 316 3362 δή
335 3283 411 3347 οὐδὲ
427 3287 548 3346 ταῦτα.
