2040 3464
101 106 211 170 ιιι-ω]
424 111 586 159 mmmm.
856 115 904 163 ιιι

101 185 131 245 δὲ
145 185 257 245 αὐτοῖσι
267 185 424 263 ἀνδριάντες
437 187 486 248 δύο
500 192 601 248 έστᾶσι
612 188 716 249 λίθινοι
728 188 859 270 μεγάλοι·
875 194 904 252 ἓν

100 273 132 332 δὲ
143 277 182 352 τῷ
195 276 431 354 περιβεβλημένῳ
440 275 528 354 τούτῳ
542 275 607 352 νηός
619 303 651 336 τε
664 278 710 349 ἔνι,
726 277 773 336 καὶ
786 273 903 358 άγαλμα

100 364 131 420 έν
149 359 222 440 αύτῷ
240 362 371 437 ἐνέστηκε
389 366 440 421 τοῦ
458 364 594 439 Περσέος.
616 361 693 424 οὗτοι
712 368 740 424 οἱ
760 369 903 441 Χεμμῖται

100 448 219 528 λέγουσι
231 447 281 509 τάν
294 451 410 526 Περσέα
424 450 550 509 πολλάκι
562 453 614 527 μὲν
631 450 684 511 α’νοὶ
696 451 748 526 τήν
761 457 815 532 γῆν
835 454 899 529 φαί-

100 537 202 596 νεσθαί
215 542 280 611 σφι,
293 536 420 596 πολλάκι
433 537 462 596 δὲ
476 539 531 597 ἔσω
544 542 594 597 τοῦ
613 541 683 615 ἶροῦ·
704 539 858 600 σανδάλιόν
870 565 901 602 τε

99 623 185 685 αὐτοῦ
197 625 394 702 πεφορημένον
407 625 595 701 εὑρίσκεσθαι,
613 625 660 686 ε’δν
673 626 706 687 τδ
721 629 844 708 μέγαθος
861 629 899 689 δί·

99 737 187 790 πηχυ·
216 712 250 773 τά
270 712 353 772 ε’πεάν
366 717 451 791 φανῇ,
467 713 604 790 εὐθηνέειν
618 713 734 774 ἅπασαν
747 716 899 795 Αἴγυπτον.

97 804 186 860 ταῦτα
205 802 258 876 μὲν
273 801 401 880 λέγουσι·
420 805 533 860 ποιεῦσι
553 801 583 860 δε
602 802 669 861 τάδε
687 802 841 878 Ἑλληνικά
860 807 899 883 τῷ

100 888 217 963 Περσέι·
238 887 332 968 οἷγῶνα
345 887 480 968 γυμνικόν
493 889 596 948 τιθεῖσι
612 889 658 948 διά
671 888 766 966 πάσης
780 889 898 971 άγωνίης

99 975 207 1051 ἔχοντα,
224 976 393 1053 παρέχοντες
415 973 504 1035 ἄεθλα
524 977 625 1052 κτήνεα
646 977 692 1035 καὶ
713 979 832 1055 χλαίνας
853 980 899 1038 καὶ

98 1063 231 1138 δέρματα.
266 1064 408 1139 εἰρομένου
421 1063 452 1122 δέ
467 1089 520 1140 μευ
535 1063 551 1123 ὅ
566 1091 594 1124 τι
612 1071 668 1139 σφι
682 1064 813 1142 μούνοισι
832 1067 897 1126 ἔωθε

98 1149 114 1209 ὅ
135 1151 261 1227 Περσεθς
279 1151 485 1225 ἐπιφαίνεσθαι,
503 1152 549 1210 καὶ
568 1151 584 1211 ὅ
602 1178 631 1210 τι
651 1152 832 1230 κεχωρίδαται
849 1157 896 1213 Αἶ-

96 1239 220 1317 γνπτίων
229 1242 284 1298 τῶν
294 1237 390 1297 ἄλλων
400 1238 493 1319 άγῶνα
501 1239 634 1319 γυμνικδν
644 1241 773 1308 τιθέντες,
785 1241 896 1314 ἔφασαν

97 1326 174 1386 “τδν
189 1327 304 1402 Περσέα
322 1331 351 1384 ε’κ
369 1330 420 1401 τῆς
436 1329 542 1386 ἑωυτῶν
559 1327 660 1390 πόλιος
672 1328 826 1407 γεγονέναι·
846 1329 897 1388 τόν

95 1413 152 1493 γάρ
168 1414 281 1474 Δαναδν
299 1415 345 1472 καὶ
362 1414 412 1472 τάν
428 1414 549 1493 Λυγκέα,
568 1412 663 1477 έάντας
682 1413 835 1490 Χεμμίτας,
854 1420 895 1474 ε’κ-

95 1506 211 1562 πλῶσαι
224 1508 251 1566 ές
264 1500 316 1578 την
327 1500 463 1560 Ἑλλάδα·
472 1501 487 1520 ”
505 1501 559 1562 άπδ
574 1503 604 1561 δὲ
617 1501 721 1561 τούτων
732 1503 894 1582 γενεηλογέ-

96 1616 180 1664 οντες,
199 1591 364 1665 κατέβαινον
384 1594 410 1651 ε’ς
430 1589 481 1648 τάν
502 1589 626 1666 Περσέα·
649 1599 666 1624 “
676 1588 844 1665 ἀπικόμενον
865 1590 895 1649 δὲ

95 1676 180 1738 αθτδν
200 1682 228 1741 ἒς
248 1679 398 1758 Αἴγυπτον,
421 1676 479 1737 κατ’
500 1679 590 1752 αἰτίην
612 1676 664 1752 την
687 1676 733 1735 καὶ
755 1677 895 1754 Ἕλληνες

95 1766 221 1845 λέγουσι,
236 1766 351 1825 οἴσοντα
371 1771 401 1825 ε’κ
417 1763 528 1840 Λιβύης
545 1765 597 1840 τήν
615 1768 738 1844 Γοργοῦς
757 1765 893 1841 κεφαλην,

95 1856 206 1929 ἔφασαν
223 1854 314 1913 ε’λθεῖν
329 1853 375 1911 καὶ
391 1853 467 1929 παρά
483 1853 575 1929 σφέας
592 1853 638 1910 καὶ
656 1852 811 1933 άναγνῶναι
827 1854 893 1918 τούς

94 1943 246 2023 συγγενέας
263 1939 378 2003 πάντας·
401 1940 612 2017 ἐκμεμαθηκότα
630 1941 661 1999 δέ
676 1966 725 2018 μιν
740 1940 893 2001 α’πικέσθαι

93 2035 121 2093 ἐς
142 2031 286 2111 Αἴγυπτον
305 2027 338 2087 τά
359 2032 409 2104 τῆς
430 2030 557 2105 Χέμμιος
579 2028 693 2104 οὔνομα,
712 2031 892 2106 πεπυσμένον

92 2118 169 2194 παρά
195 2121 245 2193 τῆς
271 2115 385 2194 μητρός·
413 2115 507 2197 άγῶνα
534 2117 564 2176 δέ
590 2120 617 2175 οἱ
643 2117 777 2197 γυμνικὸν
804 2118 889 2177 αὐτοῦ

95 2205 276 2268 κελεύσαντος
291 2203 478 2284 ἐπιτελέειν.”)

132 2299 225 2354 Ταῦτα
237 2297 289 2370 μὲν
302 2293 394 2353 πάντα
409 2297 436 2352 οἶ
453 2292 607 2370 κατύπερθε
622 2298 677 2353 τῶν
691 2295 775 2353 ἑλέων
788 2294 889 2353 οἰκέον-
898 2295 936 2354 02

90 2406 136 2446 fes
158 2382 309 2463 Αἰγύπτιοι
330 2382 483 2458 νομίζουσι·
508 2385 535 2441 οἷ
558 2381 587 2440 δὲ
610 2381 644 2457 δή
665 2386 694 2440 έν
713 2386 791 2441 τοῖσι
812 2383 890 2440 έλεσι

90 2471 284 2548 κατοικημένοι
307 2474 382 2529 τοῖσι
405 2473 456 2546 μὲν
480 2467 591 2529 αὖτοῖσι
616 2469 729 2545 νόμοισι
754 2469 890 2547 χρέωνται

89 2564 167 2618 τοῖσι
184 2560 231 2617 καὶ
247 2561 273 2618 οἱ
291 2556 377 2617 ἄλλοι
395 2556 551 2638 Αἰγύπτιοι,
567 2558 612 2616 καὶ
630 2556 666 2615 τά
684 2555 761 2615 ἅλλα
780 2557 826 2614 καὶ
841 2582 889 2637 γυ-

89 2648 162 2707 ναικὶ
170 2651 222 2725 μιῇ
231 2647 346 2708 ἕκαστος
355 2645 443 2705 αὐτῶν
452 2647 597 2714 συνοικέει,
607 2643 728 2719 κατάπερ
738 2642 887 2718 Ἕλληνες.

88 2736 160 2812 άτάρ
182 2734 253 2813 πρδς
276 2733 405 2807 εὖτελέην
430 2738 486 2793 τῶν
513 2733 609 2793 σιτίων
631 2731 697 2791 τάδε
724 2738 780 2806 σφι
807 2730 885 2791 ἄλλα

88 2824 239 2902 ἐξεύρηται·
261 2823 346 2883 ε’πεάν
360 2822 470 2899 πλήρης
487 2823 601 2903 γένηται
615 2819 630 2880 ά
644 2821 770 2896 ποταμὸς
787 2821 833 2878 καὶ
850 2819 887 2879 τά

88 2913 171 2972 πεδία
187 2912 340 2992 πελαγίσῃ,
355 2909 456 2986 φύεται
474 2915 504 2970 ε’ν
518 2913 556 2988 τῷ
571 2909 651 2968 ὕδατι
671 2909 764 2984 κρίνεα
781 2906 887 2979 πολλά,

86 3001 122 3060 τοὶ
133 2999 282 3081 Αἰγύπτιοι
296 2999 430 3058 καλέουσι
443 2997 542 3058 λωτόν·
558 3001 646 3058 ταῦτα
659 2997 743 3057 ε’πεοῖν
753 2997 886 3075 δρέψωσι,

87 3088 233 3148 αὐαίνουσι
250 3086 321 3165 πρδς
338 3085 429 3162 ἥλιον,
446 3085 492 3145 καὶ
512 3087 607 3145 ἔπειτα
626 3083 659 3144 τά
681 3091 711 3144 ἐκ
731 3086 821 3163 μέσου
838 3087 888 3144 τοῦ

87 3180 178 3237 λωτοῦ
196 3180 232 3254 τῇ
245 3175 354 3252 μήκωνι
367 3173 419 3236 ἐ’ὂν
437 3176 560 3254 ἐμφερές
577 3174 746 3244 πτίσαντες,
757 3177 913 3232 ποιεῖιυται

77 3265 113 3332 ἕξ
120 3262 209 3323 αθτῡῧ
219 3263 324 3339 ἄρτους
334 3264 443 3332 άπτοθς
456 3267 540 3345 πυρί.
573 3265 685 3330 ’έστιδὶ
699 3263 786 3338 καλὴ
800 3261 832 3334 ὶιλ
849 3257 936 3314 Μῦῗ)
