2040 3464
139 108 188 156 234
448 116 627 163 'HPOAOTOT
875 113 942 177 [Ill.

143 190 238 266 Κύρου
250 190 377 266 βασιλέα
392 191 557 251 ἐνεστεῶτα·
592 193 684 255 δεινῶς
700 191 755 272 γάρ
769 192 816 250 καὶ
832 190 848 250 ό
865 198 945 270 Πρη·

142 277 252 352 ξάσπης
273 280 383 354 ἔξαρνος
403 279 437 354 ἦν
457 279 497 356 μή
514 305 563 355 μιν
579 279 740 338 άποκτεῖναι
756 277 887 355 Σμέρδιν·
913 277 946 338 ού

142 364 197 443 γάρ
223 365 258 439 ἦν
285 370 312 424 οἱ
339 367 476 442 ἀσφαλὲς,
506 367 671 443 Καμβύσεω
704 364 945 442 τετελευτηκότος,
978 397 980 402 “

147 452 233 528 φάναι
246 454 295 513 τόν
309 453 404 531 Κύρου
418 455 477 515 υἷδν
491 454 699 514 ἀπολωλεκέναι
713 454 883 534 αὐτοχειρίῃ.

98 541 134 601 67
184 540 217 598 ‘0
231 544 284 616 μὲν
294 541 327 616 δη
339 541 439 621 Μάγος
451 542 670 618 τελευτήσαντος
685 542 851 618 Καμβύσεω
860 540 947 606 α’δεῶς

145 630 325 704 ἐβασίλευσε,
341 629 512 705 ἐπιβατεύων
524 635 574 690 τοῦ
587 629 734 707 ὁμωνύμου
748 629 949 707 Σμέρδιοςποῦ

146 717 249 795 Κύρου,
263 723 353 794 μῆνας
367 718 436 776 ἑπτά
449 718 514 781 τούς
527 718 689 781 ἐπιλοίπους
703 717 853 796 Καμβύσῃ
867 723 897 781 ἐς
910 718 948 778 τά

146 804 218 864 dm}
237 808 298 864 ἔτεα
311 806 373 886 [τῆς
390 805 575 887 πληρώσιος].
609 810 638 865 ἐν
653 809 730 865 τοῖσι
750 805 905 874 ἀπεδέξατο
921 811 949 870 ές
967 853 971 862 .

146 893 210 955 τούς
232 893 371 969 ὑπηκόους
397 893 503 957 πάντας
531 894 689 973 εύεργεσίας
715 893 849 974 μεγάλας,
875 892 948 954 ὥστε

147 979 335 1044 ἀποθανόντος
356 981 440 1040 αὐτοῦ
460 981 549 1040 πόθον
566 984 639 1059 ἔχειν
656 981 762 1044 πάντας
778 980 843 1044 τούς
864 985 894 1040 ε’ν
912 987 949 1060 τῇ

146 1068 231 1147 Ἀσίῃ
244 1069 334 1145 πάρεξ
347 1069 436 1129 αὐτῶν
450 1072 592 1145 Περσέων·
615 1071 773 1147 διαπέμψας
785 1069 840 1150 γάρ
853 1069 870 1129 ὁ
886 1070 949 1128 Μά-

148 1183 198 1238 γος
215 1162 243 1221 ἐς
259 1163 317 1218 πᾶν
333 1159 410 1220 ἔθνος
427 1162 482 1217 τῶν
497 1157 575 1236 ἦρχε,
592 1162 709 1235 προεῖπε
729 1157 862 1233 άτεληίην
880 1157 950 1218 εἶναι

149 1247 300 1322 στρατηίης
314 1247 360 1305 καὶ
373 1245 464 1321 φόρου
482 1245 522 1304 ἐπ’
537 1248 598 1304 ἔτεα
613 1245 686 1321 τρία.
720 1249 837 1321 προεῖπε
848 1245 949 1320 μὲνδι)

103 1335 236 1393 ύὸταῦτα
251 1334 350 1392 αὐτίκα
364 1332 540 1408 ἐνιστάμενος
557 1338 584 1396 ές
596 1334 647 1408 τήν
661 1332 760 1410 α’ρχήν.
794 1330 904 1412 Ὀγδόῳ
920 1334 951 1392 δὲ

149 1423 216 1497 μηνὶ
237 1421 345 1502 ε’γένετο
366 1420 521 1494 κατάδηλος
538 1420 632 1499 τρόπῳ
650 1421 754 1499 τοιῷδε·
775 1419 895 1496 Ὀτάνης
915 1421 952 1496 ἦν

150 1508 323 1586 Φαρνάσπεω
343 1512 394 1585 μέν
411 1512 483 1578 παῖς,
500 1509 574 1588 γένεϊ
595 1509 624 1566 δὲ
645 1508 691 1566 καὶ
707 1507 837 1588 χρήμασι
853 1508 952 1584 όμοῖος

150 1601 187 1675 τῷ
202 1597 300 1676 πρώτῳ
318 1598 459 1674 Περσέων·
482 1595 561 1658 οὗτος
581 1595 597 1655 ὁ
617 1595 736 1672 Ὀτάνης
753 1600 864 1671 πρῶτος
881 1595 949 1657 ύπό·

151 1711 254 1744 πτευσε
267 1687 316 1744 τόν
330 1685 439 1765 Μάγον,
450 1683 484 1747 οἷς
499 1683 548 1742 ούκ
562 1683 629 1759 εἴηὸ
645 1684 740 1760 Κύρου
755 1683 872 1759 Σμέρδις
885 1683 953 1743 ἀλλ’

151 1773 240 1848 ὅσπερ
253 1772 296 1847 ἦν,
310 1772 377 1850 τῇδε
390 1771 638 1848 συμβαλλόμενος,
653 1772 696 1830 ὅτι
708 1797 739 1831 τε
756 1771 806 1830 ούκ
820 1772 953 1847 ἐξεφοίτα

152 1864 183 1919 ἔκ
196 1865 246 1935 τῆς
259 1859 435 1936 ἀκροπόλιος,
451 1860 496 1917 καὶ
512 1859 556 1918 ότι
570 1859 619 1918 ούκ
634 1859 730 1917 ἐκάλεε
744 1865 771 1921 ἐς
785 1858 850 1936 ὄψιν
865 1863 954 1940 ἑωυτῷ

153 1946 250 2006 ούδένα
269 1952 324 2006 τῶν
341 1947 466 2026 λογίμων
483 1949 624 2024 Περσέων·
646 1945 824 2010 ύποπτεύσας
845 1947 877 2006 δέ
895 1974 953 2024 μιν,

153 2034 243 2093 ε’ποίεε
257 2035 332 2093 τάδε·
354 2036 421 2112 ἔσχε
439 2033 524 2094 αὐτοῦ
541 2035 557 2095 ὁ
576 2035 739 2111 Καμβύσης
756 2036 903 2115 θυγατέρα,
917 2041 955 2115 τῇ

154 2121 260 2198 οὕνομα
277 2121 312 2197 ἦν
325 2122 456 2198 Φαιδίμη·
477 2122 529 2196 τὴν
546 2122 632 2198 αὐτήν
646 2122 680 2197 δὴ
697 2122 800 2198 ταύτην
815 2122 874 2200 εἶχε
889 2124 955 2183 τότε

153 2209 169 2270 ά
192 2209 299 2290 Μάγος,
318 2211 363 2268 καὶ
382 2210 470 2288 ταύτῃ
490 2237 521 2270 τε
543 2211 668 2270 συνοίκεε
689 2210 735 2268 καὶ
755 2214 824 2288 τῇσι
844 2209 954 2290 ἄλλῃσι

153 2296 266 2376 πάσῃσι
278 2303 346 2376 τῇσι
358 2302 408 2356 τοῦ
423 2298 587 2373 Καμβύσεω
599 2298 717 2379 γυναιξί·
739 2299 855 2374 πέμπων
869 2297 902 2374 δὴ
918 2279 960 2359 ὦύ

155 2385 171 2446 ὁ
191 2385 309 2462 Ὀτάνης
330 2385 406 2462 παρά
428 2386 529 2461 ταύτην
550 2386 601 2461 την
624 2386 763 2466 θυγατέρα
787 2385 956 2447 ἐπυνθάνετο

155 2473 219 2551 παρ’
236 2475 303 2554 ὅτεῳ
326 2473 476 2550 ἀνθρώπων
498 2479 625 2553 κοιμῷτο,
650 2475 703 2532 εἴτε
725 2473 796 2549 μετά
820 2474 955 2551 Σμέρδιος

155 2567 204 2622 τοῦ
219 2563 323 2640 Κύρου,
338 2564 392 2621 εἴτε
407 2562 479 2638 μετά
493 2561 584 2620 ἄλλου
600 2587 656 2621 τευ·
677 2562 696 2638 ἦ
710 2562 741 2620 δέ
757 2565 783 2620 οἱ
797 2561 954 2639 άντέπεμπε

154 2653 266 2727 φαμένη
284 2651 315 2710 οὐ
333 2650 487 2731 γινάσκειν·
509 2648 571 2709 ούτε
587 2650 642 2730 γάρ
655 2650 704 2709 τόν
721 2649 817 2726 Κύρου
834 2652 955 2728 Σμέρδιν

157 2739 266 2799 ἰδέσθαι
288 2738 404 2814 ούδαμά,
427 2737 490 2797 ούτε
511 2735 589 2800 ὅστις
611 2740 652 2813 εἴη
674 2738 690 2798 ά
712 2738 864 2798 συνοικέων
885 2739 956 2818 αὐτῇ

156 2828 263 2887 εἰδέναι·
289 2828 394 2903 ἔπεμπε
415 2826 527 2902 δεύτερα
548 2825 564 2884 ό
584 2826 703 2901 Ὀτάνης
723 2827 822 2908 λέγων·
844 2831 896 2886 “el
915 2828 956 2904 μη

157 2914 227 2988 αὕτη
252 2914 371 2991 Σμέρδιν
394 2912 444 2974 τόν
468 2913 563 2989 Κύρου
586 2913 739 2994 γινώσκεις,
764 2914 801 2973 σι)
825 2913 856 2974 δὲ
879 2915 956 2992 παρά

79 3063 82 3069 ,
157 2998 298 3080 Ἀτοσσης
310 3001 398 3062 πύθευ
411 3001 478 3081 ὅτεῳ
491 3001 579 3080 τούτῳ
590 3004 727 3061 συνοικέει
739 3001 809 3076 αύτή
822 3027 853 3060 τε
867 3003 957 3078 ε’κείνη

150 3094 198 3150 καὶ
223 3088 267 3146 σύ·
286 3089 396 3152 πάντως
408 3090 462 3170 γὰρ
477 3089 511 3165 δή
525 3116 574 3149 κου
589 3088 639 3148 τόν
651 3115 685 3170 γε
704 3094 804 3165 ἑωυτῆς
817 3088 957 3167 ἀδελφεόν

142 3180 306 3255 γινώσκει·”
326 3179 500 3260 ἀντιπέμπει
512 3178 584 3258 πρὸς
595 3177 711 3252 ταῖιταή
721 3177 849 3256 θυγάτηρ·
868 3187 886 3213 “
895 3177 957 3237 οὔτε

133 3261 268 3354 Ἀτόσσῃ
290 3266 427 3352 δύναμαι
439 3277 468 3338 ἐς
482 3267 593 3346 λόγους
607 3266 712 3334 ἒλθεῑν,
724 3262 792 3322 &m
801 3260 893 3329 ἷιλλκιυ
904 3260 973 3319 ³1³3*
