2040 3464
87 111 197 176 τις-ια]
429 116 561 164 emm.
836 119 885 167 ιιι

89 190 231 267 Μακάρων
240 197 336 269 νῆσος·
352 198 380 258 ἐς
392 197 444 270 μέν
457 194 491 270 δή
504 199 604 254 τοῦτον
614 194 665 256 τόν
676 200 768 274 χῶρον
781 196 894 276 λέγεται

89 276 239 339 ἀπικέσθαι
251 281 301 340 τὸν
314 280 445 357 στρατόν·
462 281 496 341 τό
510 282 633 341 ἐνθεῦτεν
646 282 683 352 δὲ,
698 281 741 341 ότι
753 281 794 359 μὴ
808 282 887 343 αὐτοὶ

88 362 243 441 Ἀμμώνιοι
256 367 302 424 καὶ
318 371 345 426 οἱ
364 367 468 429 τούτων
487 368 664 438 άκαύσαντες,
678 367 764 428 ἄλλοι
780 369 887 436 οὐδένες

90 450 169 512 οὐδὲν
187 454 284 532 ἔχουσι
303 457 388 514 εἰπεῖν
408 455 473 531 περὶ
494 454 593 514 αὐτῶν·
615 454 678 514 οὔτε
697 456 753 536 γάρ
775 461 803 519 ἐς
822 456 888 522 τούς
927 499 928 504 =

88 536 260 615 Ἀμμωνίους
270 539 403 601 άπίκοντο
413 541 476 602 οὔτε
488 541 580 602 όπίσω
591 541 757 617 ἐνόστησαν·
775 545 888 624 λέγεται

89 625 120 684 δὲ
141 629 187 686 καὶ
207 627 273 687 τάδε
294 626 340 687 ὑπ’
363 628 454 689 αὐτῶν
475 628 646 706 Ἀμμωνίων·
671 628 765 704 ἐπειδὴ
788 635 818 688 ἐκ
838 636 888 707 τῆς

88 712 206 778 Ὀάσιος
227 714 328 790 ταύτης
356 717 424 775 ἱέναι
446 715 491 775 διά
511 719 561 792 τῆς
582 716 699 795 ψάμμου
720 718 765 775 ἐπὶ
787 719 887 792 σφέας,

88 802 221 881 γενέσθαι
240 828 272 861 τε
292 801 392 865 αύτούς
411 803 514 879 μεταξύ
535 829 585 863 κου
604 802 732 880 μάλιστα
753 804 841 864 αὐτῶν
856 831 888 866 τε

90 890 137 946 καὶ
156 893 207 963 τῆς
225 887 351 959 Ὀάσιος,
371 888 487 966 άριστον
503 891 689 969 αἱρεομένοισι
705 890 816 950 αύτοῖσι
831 897 888 951 ἐπι-

89 981 208 1035 πνεῦσαι
228 976 309 1037 νότον
324 977 413 1057 μέγαν
430 1004 461 1037 τε
485 979 531 1037 καὶ
547 978 678 1048 ἐξαίσιον,
700 980 839 1055 φορέοντα
859 980 889 1039 δὲ

90 1063 168 1126 θῖνας
193 1068 244 1139 τῆς
270 1064 387 1142 ψάμμου
408 1067 573 1143 καταχῶσαί
593 1072 695 1140 σφεας·
729 1067 775 1123 καὶ
794 1066 888 1145 τρόπῳ

88 1150 204 1231 τοιούτῳ
218 1151 418 1227 ἀφανισθῆναι.
458 1152 612 1229 Ἀμμώνιοι
624 1155 675 1227 μὲν
688 1151 759 1211 οὕτω
771 1153 889 1233 λέγουσι

89 1240 222 1318 γενέσθαι
234 1239 298 1315 περὶ
310 1243 360 1314 τῆς
373 1245 507 1317 στρατιῆς
517 1240 627 1314 ταύτης.

130 1325 299 1406 Ἀπιγμένου
313 1326 343 1385 δὲ
357 1327 522 1402 Καμβύσεω
537 1332 564 1390 ἐς
574 1326 693 1402 Μέμφιν
707 1325 795 1402 ἐφάνη
807 1330 889 1408 Αἶγυ-
898 1329 932 1388 27

90 1415 198 1474 πτίοισι
218 1414 342 1483 όἋπις,
363 1414 414 1474 τόν
428 1414 568 1490 Ἕλληνες
585 1413 720 1489 Ἔπαφον
746 1415 888 1474 καλέουσι·

91 1501 240 1576 ἐπιφανέος
255 1502 285 1561 δέ
299 1501 399 1561 τούτου
416 1501 575 1582 γενομένου,
589 1499 688 1560 αὐτίκα
702 1503 728 1559 οἱ
742 1500 889 1580 Αἰγύπτιοι

90 1588 191 1664 εἵματά
203 1615 234 1649 τε
248 1589 365 1667 ἐφόρεον
374 1589 410 1648 τά
424 1588 566 1647 κάλλιστα
580 1588 625 1646 καὶ
637 1587 712 1662 ἦσαν
723 1592 752 1646 ἐν
763 1588 889 1665 θαλίῃσι·

90 1675 160 1735 ίδαὶν,
177 1676 206 1734 δὲ
226 1682 313 1735 ταῦτα
331 1675 396 1739 τούς
412 1676 582 1756 Αἰγυπτίους
602 1679 749 1737 ποιεῦντας
770 1673 786 1733 ό
808 1680 888 1752 Καμ·

89 1762 191 1838 βύσης,
205 1763 300 1843 πάγχυ
318 1765 411 1839 σφέας
430 1763 583 1833 καταδόξας
599 1766 699 1821 ἐωυτοΰ
719 1766 807 1826 κακῶς
819 1762 889 1839 πρή-

90 1850 188 1918 ξαντος
206 1850 373 1929 χαρμόσυνα
390 1855 479 1910 ταῦτα
498 1852 609 1921 ποιέειν,
631 1850 726 1909 ἐκάλεε
746 1850 812 1913 τούς
833 1855 890 1909 ἐπι·

89 1936 209 2013 τρόπους
236 1944 287 2014 τῆς
316 1939 459 2014 Μέμφιος·
501 1936 684 2015 άπικοριένους
713 1938 743 1996 δὲ
769 1943 797 2001 ἐς
823 1937 889 2017 όψιν

90 2026 178 2101 εἴρετο
196 2025 212 2086 ό
233 2052 261 2085 τι
281 2026 418 2103 πρότερον
437 2027 489 2102 μὲν
509 2025 601 2090 ἐόντος
621 2024 705 2084 αὐτοῦ
726 2031 755 2085 ἐν
776 2027 887 2103 Μέμφι,

90 2115 199 2173 ἐποίευν
227 2119 353 2174 τοιοῦτον
380 2113 459 2174 ούδέν
485 2114 641 2194 Αἰγύπτιοι,
667 2112 732 2173 τότε
764 2112 802 2183 δέ,
828 2113 889 2172 ἐπεὶ

89 2199 172 2264 αὐτὸς
191 2203 291 2278 παρείη
310 2206 361 2277 τῆς
382 2205 515 2278 στρατιῆς
537 2201 648 2277 πλῆθός
667 2227 695 2259 τι
715 2200 887 2276 άποβαλύν;

88 2291 118 2348 οἱ
135 2289 165 2347 δέ
186 2291 306 2366 ἔφραζον
327 2289 363 2352 ὤς
383 2297 439 2366 σφι
459 2289 522 2351 θεός
542 2289 584 2364 ε’ίη
605 2289 701 2363 φανεὶς
721 2288 766 2346 διά
786 2288 888 2367 χρόνου

88 2380 200 2435 πολλοῦ
227 2377 316 2440 ἐωθιδς
343 2377 548 2452 ἐπιφαίνεσθαι,
570 2376 616 2433 καὶ
640 2375 675 2438 αἱς
698 2374 782 2434 ἐπεάν
802 2379 888 2453 φανῇ,

88 2463 154 2522 τότε
179 2464 280 2527 πάντες
306 2467 334 2524 οἱ
353 2465 501 2545 Αἰγύπτιοι
527 2463 710 2542 κεχαρηκότες
736 2461 886 2538 ὁρτάζοιεν·

88 2555 177 2610 ταῦτα
194 2551 347 2615 α’κούσαςό
368 2551 531 2628 Καμβύσης
548 2552 602 2626 ἐφη
620 2549 775 2627 ψεύδεσθαί
785 2555 886 2624 σφεας·

88 2639 136 2697 καὶ
156 2638 192 2702 αἱς
214 2639 399 2716 ψευδομένους
419 2640 527 2717 θανάτῳ
548 2638 670 2714 ἐζημίου.
710 2636 935 2700 Ἀποκτείναςῖθ

88 2727 120 2786 δὲ
145 2726 266 2797 τούτους,
294 2726 408 2804 δεύτερα
433 2726 498 2789 τούς
531 2726 605 2802 ἱρέας
633 2723 730 2784 ἐκάλεε
757 2729 784 2787 ἐς
811 2722 886 2801 ὄψιν·

88 2815 227 2895 λεγόντων
241 2815 270 2873 δὲ
284 2814 354 2874 κατά
366 2814 403 2873 τά
415 2813 486 2873 αὐτοὶ
498 2817 553 2874 τῶν
567 2813 653 2888 ἱρέων,
668 2811 701 2871 ού
717 2811 818 2887 λήσειν
832 2812 887 2886 ἔφη

88 2902 174 2963 αὐτόν
194 2908 218 2962 εἱ
238 2902 301 2966 θεός
322 2928 365 2966 τις
390 2901 538 2982 χειροήθης
565 2900 716 2980 άπιγμένος
737 2901 779 2975 εἴη
805 2902 888 2980 Αἰγυ-

87 2992 206 3050 πτίοισι·
241 2995 367 3051 τοσαῦτα
393 2991 424 3050 δὲ
450 2991 537 3059 εἴπας,
564 2987 677 3069 ἐπάγειν
704 2989 813 3046 ἐκέλευε
838 2985 888 3046 τόν

84 3076 170 3138 Ἀπιν
182 3077 247 3142 τούς
261 3079 343 3155 ἱρέας·
364 3079 455 3154 οἱμὲν
471 3077 505 3153 δη
520 3076 657 3152 μετήῖσαν
673 3074 793 3145 άξοντες·
813 3073 842 3150 (ό
855 3075 889 3132 δὲ

85 3165 169 3229 Ἀπις
188 3164 268 3230 οὗτος
286 3165 316 3249 [ό
334 3163 494 3250 Ἔπαφος]
511 3165 624 3250 γίνεται
647 3163 765 3244 μόσχος
781 3166 820 3220 ἒς
838 3156 919 3262 Ϋῶἳ

79 3252 141 3328 η’τις
173 3253 266 3316 ου’κέτι
301 3256 348 3336 οἱη
379 3283 413 3321 τε
448 3259 566 3342 γίνεται
595 3261 629 3322 ἐς
660 3251 807 3336 Ἳωτέθθ·
840 3243 942 3298 οδω
