2040 3464
112 109 251 173 ιιι-ιιι]
441 112 575 160 οκκυικ.
861 108 908 159 271

108 187 161 267 νόῳ
178 189 236 267 εἶχε
253 191 376 266 μετιέναι
391 190 488 264 αύτήν·
509 188 576 249 ἀλλ’
591 188 626 252 οἷς
642 187 804 268 οἷνεχύρησε
818 194 845 254 ἐς
857 191 910 266 τήν

106 274 269 351 ἀκρόπολιν,
277 276 526 354 μεταπεμπόμενος
535 277 583 336 ἕνα
597 277 716 336 ἕκαστον
727 277 762 339 οἷς
776 277 810 350 δή
820 277 908 358 λόγον

105 368 160 422 τῶν
172 363 323 441 χρημάτων
336 363 441 434 δάσων,
450 366 595 439 συνέλαβέ
607 371 700 439 σφεας
708 367 754 424 καὶ
763 367 907 442 κατέδησε·

106 454 133 510 οἱ
147 454 200 527 μὲν
217 451 252 528 δή
271 452 405 512 ἐδεδέατο·
427 452 600 529 Μαιάνδριον
615 447 645 511 δέ
656 453 728 529 μετά
741 458 829 513 ταῦτα
845 481 907 515 κατ-

105 539 195 615 έλαβε
208 544 319 603 νοῦσος·
341 540 460 610 ἐλπίζων
474 540 505 599 δέ
516 566 565 616 μιν
578 539 785 600 ἀποθανέεσθαι
798 540 814 600 0‘
827 541 908 602 α’δελ-

105 626 182 700 φεάς,
198 631 237 706 τῷ
257 625 364 704 ούνομα
381 629 428 703 ἔην
448 628 619 703 Λυκάρητος,
642 629 686 686 ἵνα
707 627 908 708 εὐπετεστέρως

104 713 233 794 κατάσχῃ
247 714 282 774 τά
296 720 326 774 ἐν
335 719 371 794 τῇ
385 715 471 793 Σάμῳ
484 714 645 795 πρήγματα,
661 717 830 775 κατακτείνει
843 717 908 782 τούς

103 801 248 879 δεσμώτας
261 802 376 867 πάντας.
411 802 443 862 ού
456 800 510 883 γάρ
525 802 568 878 δή,
583 803 618 866 ὦς
631 804 733 872 οἴκασι,
749 805 905 879 ἐβουλέατο

102 889 173 949 εἶναι
187 890 337 967 ἐλεύθεροι.

142 976 256 1054 Ἐπειδή
278 978 315 1037 οἶν
336 977 469 1037 οἷπίκοντο
490 982 517 1040 ἐς
536 977 589 1054 τήν
609 979 706 1054 Σάμον
727 983 753 1038 οἱ
774 981 950 1055 Πέρσοι144

102 1065 268 1145 κατάγοντες
285 1067 466 1134 Συλοσῶντα,
481 1064 544 1125 οὔτε
559 1067 601 1127 τίς
619 1074 676 1141 σφι
692 1071 788 1145 χεῖρας
801 1067 906 1126 α’ντοεί-

100 1177 178 1227 ρεται
198 1152 375 1212 ὑπόσπονδοί
395 1178 427 1211 τε
449 1154 562 1228 ἔφασαν
584 1153 653 1211 εἶναι
675 1157 781 1228 ἑτοῖμοι
803 1158 829 1213 οἱ
855 1159 906 1214 τοῦ

101 1241 275 1317 Μαιανδρίου
293 1244 451 1300 στασιῶται
468 1240 514 1298 καὶ
534 1238 617 1302 αύτδς
637 1239 809 1316 Μαιάνδριος
822 1247 906 1321 ἐκχω-

98 1329 188 1401 ρῆσαι
203 1333 234 1386 ἐκ
249 1332 301 1404 τῆς
316 1328 416 1403 νήσου·
438 1329 651 1390 καταινέσαντος
669 1326 692 1385 δ’
711 1329 757 1386 ἐπὶ
777 1328 904 1389 τούτοισι

99 1411 223 1474 Ὀτάνεω
236 1417 282 1474 καὶ
297 1419 497 1492 σπεισαμένου,
511 1420 566 1474 τῶν
580 1416 713 1490 Περσέων
727 1419 754 1474 οἱ
766 1418 904 1476 πλείστου

98 1499 171 1569 ἄξιοι
192 1503 308 1580 θρόνους
333 1505 443 1579 θέμεν·οι
466 1506 641 1563 κατεναντίον
660 1506 710 1577 τῆς
733 1501 903 1578 οἷκροπόλιος

98 1591 239 1650 ἐκατέατο.
274 1591 437 1667 Μαιανδρίῳ
456 1591 486 1649 δὲ
503 1594 542 1668 τῷ
558 1590 679 1668 τυράννῳ
693 1589 728 1664 ἦν
745 1590 948 1667 οἷδελφεδς145

96 1676 325 1758 ὑπομαργότερος
344 1684 382 1757 τῷ
400 1676 505 1755 οὕνομα
522 1678 558 1752 ἦν
574 1679 728 1755 Χαρίλεως·
750 1677 830 1742 οὗτος
844 1679 900 1740 ὅτι

96 1763 131 1838 δή
152 1765 313 1842 ἐξαμαρτών
328 1770 357 1826 ἐν
370 1766 494 1846 γοργύρῃ
512 1765 627 1825 ἐδέδετο·
649 1765 695 1823 καὶ
709 1765 742 1840 δή
756 1765 820 1825 τάτε
835 1772 899 1826 ἐπα-

95 1851 200 1916 κούσας
212 1880 243 1912 τε
255 1852 291 1913 τοὶ
305 1853 492 1930 πρησσόμενα
506 1852 552 1911 καὶ
565 1853 699 1930 διακύψας
714 1852 758 1911 διαὶ
771 1857 821 1929 τῆς
833 1881 897 1935 γορ·

95 1940 189 2019 γύρης,
211 1941 246 2005 ὦς
267 1942 323 2000 εἶδε
343 1942 407 2005 τούς
427 1942 544 2017 Πέρσας
565 1943 704 2016 εἰρηναίως
722 1943 898 2018 κατημένους,

94 2028 167 2102 ἐβόα
182 2055 213 2088 τε
229 2030 275 2089 καὶ
292 2031 347 2104 ἔφη
365 2030 455 2108 λέγων
475 2029 636 2107 Μαιανδρίῳ
651 2030 744 2089 θέλειν
757 2030 850 2090 ἐλθεῖν
868 2037 896 2096 ἐς

92 2115 205 2194 λόγους·
226 2117 384 2180 ἐπακούσας
397 2118 427 2176 δὲ
440 2116 456 2177 ὁ
470 2117 641 2192 Μαιάνδριος
654 2117 796 2181 λύσαντας
810 2117 895 2180 ου’τδν

93 2205 206 2264 ἐκέλευε
216 2203 294 2285 ἄγειν
306 2204 371 2281 παρ’
381 2205 489 2264 ἑωυτόν·
512 2204 547 2267 ως
561 2205 590 2263 δὲ
604 2203 678 2282 ἄχθη
691 2205 822 2284 τάχιστα,
836 2211 894 2266 λοι·

93 2289 195 2367 δορέων
207 2318 239 2351 τε
255 2294 302 2352 καὶ
323 2293 438 2363 κακίζων
451 2318 499 2368 μιν
513 2291 639 2351 οἷνέπειθε
659 2294 806 2353 ἐπιθέσθαι
819 2298 896 2353 τοῖσι

93 2379 235 2458 Πέρσησι,
255 2381 346 2461 λέγων
366 2378 469 2440 τοιάδε·
499 2382 568 2455 αἐμὲ
588 2382 648 2454 μὲν,
671 2378 691 2437 ὦ
713 2379 828 2439 κάκιστε
848 2379 892 2441 οἷν·

91 2465 172 2542 δρῶν,
186 2467 267 2528 ἐόντα
280 2472 402 2527 σεωυτοῦ
416 2467 555 2542 άδελφεδν
569 2468 614 2524 καὶ
628 2465 801 2541 ἀδικήσαντα
814 2466 892 2528 οὐδὲν

90 2552 169 2623 ἄξιον
192 2556 298 2632 δεσμοῦ
320 2556 409 2631 δήσας
432 2553 573 2635 γοργύρης
598 2553 730 2628 ἠξίωσας,
755 2553 840 2631 ὁρέων
863 2556 893 2616 δέ

91 2641 155 2706 τούς
168 2643 284 2720 Πέρσας
302 2643 496 2720 ἐκβάλλοντάς
508 2668 539 2700 τε
553 2667 587 2701 σε
602 2642 647 2699 καὶ
661 2640 771 2701 ἄνοικον
784 2647 891 2702 ποιεῦν-

89 2755 148 2801 τος,
162 2732 194 2790 ού
207 2736 317 2811 τολμᾷς
329 2733 467 2791 τίσασθαι
480 2729 550 2789 ούτω
565 2729 599 2805 δή
612 2756 640 2788 τι
654 2728 749 2792 ἐύντας
763 2728 892 2795 εύπετέας

90 2821 273 2896 χειρωθῆναι;
294 2819 359 2879 ἀλλ’
371 2820 395 2877 εἴ
407 2845 435 2879 τι
448 2818 486 2877 σύ
495 2823 587 2893 σφεας
601 2818 820 2894 καταρρώδηκας,
829 2819 891 2895 ἐμοὶ

88 2906 136 2968 δδς
155 2907 220 2970 τούς
240 2907 411 2983 ἐπικούρους·
438 2907 488 2965 καί
506 2912 598 2980 σφεας
619 2904 673 2985 ἐγὼ
692 2905 888 2982 τιμωρήσομαι

87 2998 138 3068 τῆς
161 2995 257 3055 ἐνθάδε
281 2995 398 3064 οἷπίξιος,
417 2993 503 3052 αύτδν
524 2994 555 3052 δέ
575 3019 610 3052 σε
630 2993 770 3070 ἐκπέμψαι
792 2998 822 3052 ἐκ
839 2997 890 3069 τῆς

86 3082 177 3158 νήσου
201 3081 412 3161 ἐτοῖμύς.εἰμι.”
449 3086 544 3142 Ταῦτα
566 3082 643 3152 ἔλεξε
670 3081 686 3141 ὁ
713 3083 936 3159 Χαρίλεως·146

87 3170 259 3248 Μαιάνδριος
271 3171 301 3230 δὲ
313 3169 444 3247 ύπέλαβε
456 3169 506 3231 τὸν
517 3168 663 3254 λύγον,ὧς
678 3170 727 3248 μὶν
738 3168 911 3250 ἐγδιδαιέςωι

78 3257 131 3314 ου’κ
149 3262 179 3320 ἐς
196 3263 281 3319 τοῦτο
304 3259 478 3339 ἀφροσύνης
499 3259 682 3341 άπικύμενος
703 3257 743 3322 ὣς
761 3255 856 3324 δὸξωι
873 3249 930 3318 '3¹1‘
