2040 3464
158 110 206 162 270
469 110 652 158 ἨΡΟΔΟΤΟΤ
892 106 963 172 [ΙΙΙ.

111 192 210 250 141τε
232 189 321 265 φόνου
345 191 391 249 καὶ
413 187 684 267 ἐξανδραποδίσιος.”
718 192 814 248 Ταῦτα
838 187 964 253 οἷκοῦσας

159 282 285 355 Δαρεῖος,
294 278 456 337 ἀπέστελλε
469 279 641 354 στρατίηντε
652 277 698 335 καὶ
708 276 872 357 στρατηγδν
879 276 962 336 Ὀτά·

158 391 207 425 νεα
227 364 332 442 ἀνδρῶν
347 371 403 424 τιῦν
419 365 488 424 ἔπτὰ
504 364 662 447 γενόμενον,
678 363 871 440 ἐντειλάμενος
888 363 964 424 ὅσων

159 452 258 528 ἐδεήθη
272 453 288 512 ὁ
303 455 439 515 Συλοσῶν
452 452 540 512 ταῦτά
554 456 581 511 οἱ
594 453 698 511 ποιέειν
712 451 852 510 ἐπιτελέα.
880 477 964 512 κατα·

158 541 214 615 βάς
235 541 265 598 δὲ
286 541 332 600 ἐπὶ
352 540 404 616 τήν
426 540 578 600 θάλασσαν
597 539 613 599 ὁ
632 538 752 614 Ὀτάνης
772 539 892 599 ἔστελλε
912 538 964 616 τὴν

159 628 305 706 στρατιήν.
899 703 903 708 .

111 717 169 774 712
211 720 268 792 Τῆς
285 717 314 775 δὲ
334 714 431 792 Σάμου
449 713 622 792 Μαιάνδριος
635 714 650 774 ὁ
665 713 839 790 Μαιανδρίου
859 713 919 793 εἶχε
930 719 963 776 τδ

158 804 268 880 κράτος,
288 805 471 879 ἐπιτροπαίην
489 804 566 880 παρά
584 802 783 880 Πολυκράτεος
798 802 900 876 λαβών
912 803 964 878 τήν

159 891 258 970 ἀρχήν.
292 897 331 969 τῷ
348 890 511 969 δικαιοτάτῳ
524 890 630 967 ἀνδρῶν
642 891 808 968 βουλομένῳ
821 890 962 969 γενέσθαι,

160 979 209 1038 οῦκ
224 979 372 1059 ἐξεγένετο·
394 979 488 1054 ἐπειδη
502 979 557 1059 γάρ
572 981 598 1037 οἱ
612 978 769 1058 ἐξαγγέλθη
783 977 799 1036 ὁ
813 977 963 1055 Πολυκρά-

161 1093 222 1130 τεος
240 1067 365 1136 θάνατος,
381 1067 470 1124 ἐποίεε
488 1066 591 1125 τοιάδε·
612 1069 708 1142 πρῶτα
721 1068 772 1140 μὲν
786 1064 855 1128 Διδς
867 1064 962 1125 Ἐλευ·

161 1156 254 1230 θερίου
280 1154 380 1231 βωμδν
406 1153 548 1231 ἱδρύσατο,
576 1155 622 1212 καὶ
647 1155 761 1229 τέμενος
785 1153 852 1230 περὶ
878 1153 963 1214 αῦτδν

160 1242 256 1319 οὔρισε
270 1248 353 1302 τοῦτο
367 1243 400 1302 τὸ
414 1247 463 1302 νῦν
476 1247 505 1300 ἐν
518 1247 556 1319 τῷ
569 1242 733 1319 προαστηίιρ
747 1242 818 1300 ἐστί·
838 1241 912 1317 μετά
925 1242 962 1311 δὲ,

161 1329 196 1392 ὥς
215 1335 242 1389 οἱ
261 1332 419 1406 ἐπεποίητο,
435 1331 588 1405 ἐκκλησίην
606 1331 771 1408 συναγείρας
783 1327 897 1388 πάντων
909 1334 964 1389 τῶν

161 1417 255 1478 α’στιῦν
273 1419 349 1487 ἔλεξε
370 1417 444 1476 τάδε·
467 1427 484 1452 “
496 1418 566 1493 ἐμοὶ,
584 1417 618 1479 οἷς
637 1419 699 1475 ίστε
714 1418 759 1474 καὶ
771 1417 858 1492 ὑμεῖς,
873 1421 964 1493 σκῆπ-·

159 1531 225 1583 τρον
239 1508 284 1564 καὶ
298 1506 411 1582 δύναμις
423 1509 504 1563 πᾶσα
516 1504 535 1579 ἦ
550 1505 746 1579 Πολυκράτεος
757 1504 965 1580 ἐπιτέτραπται,

160 1595 209 1652 καί
227 1620 277 1670 μοι
298 1595 415 1671 παρέχει
436 1597 484 1653 νῦν
504 1593 594 1668 ῦμέων
614 1593 718 1671 ἄρχειν·
747 1592 801 1672 ἐγιῦ
821 1593 852 1651 δὲ
872 1593 908 1652 τά
926 1600 965 1674 τῷ

158 1682 248 1744 πέλας
269 1681 439 1756 ἐπιπλήσσω
460 1679 543 1742 αῦτός
563 1680 634 1738 κατά
654 1680 769 1756 δύναμιν
789 1679 822 1739 οῦ
841 1682 965 1756 ποιήσω·

160 1767 224 1828 οῦτε
239 1768 295 1848 γάρ
310 1795 360 1845 μοι
378 1767 565 1845 Πολυκράτης
585 1767 687 1843 ἤρεσκε
702 1767 844 1838 δεσπόζων
857 1767 965 1847 α’νδριῦν

160 1856 263 1932 ὁμοίων
292 1860 388 1934 ἑωυτῷ,
416 1855 480 1915 οὔτε
506 1855 596 1918 ἄλλος
622 1854 701 1917 ὅστις
726 1860 842 1915 τοιαῦτα
865 1859 964 1918 ποιέει.

161 1943 347 2020 Πολυκράτης
366 1944 418 2019 μέν
438 1969 486 2003 νυν
507 1944 646 2019 ἐξέπλησε
662 1948 763 2021 μοῖραν
780 1943 833 2019 τὴν
852 1948 965 2006 ἑωυτοῦ·

163 2031 217 2111 ἐγώ
239 2032 269 2089 δὲ
288 2036 315 2094 ἐς
334 2033 424 2108 μέσον
444 2031 496 2105 την
516 2030 606 2110 ἀρχὴν
626 2032 710 2094 τιθεὶς
731 2033 879 2109 ἰσονομίην
899 2034 966 2110 ῦμῖν

163 2118 349 2199 προαγορεύω.
383 2117 486 2178 τοσάδε
504 2120 600 2193 μέντοι
621 2118 715 2177 δικαιῶ
735 2120 819 2200 γέρεα
839 2127 966 2202 ἐμεαυτῷ

163 2209 303 2288 γενέσθαι·
332 2213 362 2265 ἐκ
383 2208 435 2283 μέν
458 2233 492 2287 γε
512 2211 568 2267 τῶν
592 2207 790 2284 Πολυκράτεος
813 2210 966 2286 χρημάτων

162 2296 288 2372 ἐξαίρετα
302 2295 332 2365 ἐξ
344 2295 470 2355 τάλαντά
483 2322 532 2371 μοι
545 2296 686 2375 γενέσθαι·
708 2296 847 2372 ἱρωσύνην
856 2297 886 2356 δὲ
895 2298 967 2376 πρδς

163 2383 287 2444 τούτοισι
306 2387 435 2461 αἱρεῦμαι
456 2383 529 2460 αὐτῷ
544 2383 568 2442 τ’
586 2385 648 2460 ἐμοὶ
669 2383 715 2441 καὶ
734 2387 812 2443 τοῖσι
832 2387 881 2443 ’ἔπ’
899 2391 966 2464 ἐμεῦ

165 2473 215 2532 αἰεὶ
235 2473 416 2553 γινομένοισι,
438 2474 488 2529 τοῦ
505 2470 574 2532 Διδς
589 2475 639 2530 τοῦ
657 2470 847 2548 Ἐλευθερίου·
867 2486 907 2552 περ
920 2475 965 2536 αῦ-

165 2561 209 2622 τός
221 2586 251 2619 τε
266 2559 325 2639 ἱράν
340 2558 504 2635 ἱδρυσάμην,
519 2559 565 2616 καὶ
577 2558 629 2634 τὴν
643 2559 802 2635 ἐλευθερίην
812 2558 880 2635 ῦμῖν
890 2588 966 2639 περι-

165 2647 285 2724 τίθημι.”
319 2647 335 2707 ὁ
350 2648 402 2723 μὲν
418 2646 452 2720 δη
468 2650 556 2705 ταῦτα
574 2650 652 2705 τοῖσι
671 2647 806 2723 Σαμίοισι
827 2652 966 2731 ἐπαγγέλ·

165 2744 238 2796 λετο·
258 2740 313 2796 τῶν
327 2736 358 2794 δέ
370 2762 412 2798 τις
425 2733 578 2804 ἐξαναστάς
589 2735 657 2794 εἶπε·
679 2746 697 2771 “
706 2734 770 2793 ἀλλ’
783 2733 840 2796 οῦδ
850 2736 929 2807 ἄξιος
943 2739 967 2799 εἶ

166 2825 200 2884 τά
220 2851 253 2906 γε
269 2825 361 2901 ἡμέων
376 2823 480 2902 ἄρχειν,
496 2823 617 2903 γεγονώς
633 2850 664 2883 τε
681 2822 765 2886 κακδς
778 2823 823 2884 καὶ
839 2826 892 2886 ἐων
905 2825 966 2888 ὄλε-

164 2914 238 2990 θρος·
260 2913 337 2971 ἀλλὰ
356 2916 470 2989 μᾶλλον
490 2910 559 2974 ὅκως
582 2911 669 2991 λόγον
692 2910 790 2974 δώσεις
809 2915 866 2972 τῶν
887 2941 965 2992 μετε-

120 3001 310 3079 λθλχείρισας
336 2998 511 3078 χρημάτων.”
551 3002 645 3058 Ταῦτα
672 2998 739 3067 εἶπε,
763 2999 815 3058 εἰῦν
839 3006 869 3060 ἐν
889 3005 968 3062 τοῖσι

159 3087 280 3152 α’στοΐσι
294 3088 416 3168 δόκιμος,
429 3091 467 3167 τῷ
480 3085 585 3164 οὔνομα
597 3086 632 3162 ἦν
645 3087 835 3166 Τελέσαρχος·
856 3090 966 3152 Μαιάν-

80 3214 93 3255 g
151 3179 220 3258 δρος
237 3182 271 3243 δὲ
287 3185 345 3262 νόῳ
365 3177 469 3258 λαβιῦν
485 3175 524 3240 οἷς
539 3180 564 3236 εὶ
581 3174 699 3252 μετήσει
710 3173 760 3246 τὴν
780 3173 866 3250 Bw)
880 3177 968 3242 ἄλλος

144 3291 191 3336 τις
210 3270 280 3333 ἄντ’
297 3270 393 3333 αι’τοῦ
416 3268 560 3348 τύραννος
581 3258 808 3332 καταστιλλετων
825 3257 876 3313 &G
896 3259 946 3315 ’Ψ
958 3265 991 3317 λ’
