2040 3464
80 106 189 171 οι-οι]
424 107 537 155 mm.
850 109 882 154 ιο

79 184 265 265 λαγχανούσῃ
278 189 334 245 τῶν
346 185 464 262 μοιρέων
478 183 578 244 ἑωυτόν
589 182 639 244 τόν
652 183 779 260 βασιλέα
792 208 881 260 προσ·

79 271 208 343 τάσσειν,
235 273 280 332 ἐπὶ
307 273 337 331 δὲ
363 276 399 350 τῇ
433 271 678 350 ἀπαλλασσομένῃ
704 269 755 331 τόν
782 275 882 333 ἑωυτοῦ

79 361 176 434 παῖδα,
187 364 225 438 τῷ
239 359 344 436 οὕνομα
355 360 424 420 εἶναι
433 357 587 436 Τυρσηνόν·
601 358 741 437 λαχόντας
751 360 781 418 δέ
791 360 881 420 αὐτῶν

79 448 146 512 τούς
169 449 278 524 ἐτέρους
302 449 401 517 ἐξιέναι
422 453 453 506 ἐκ
476 451 527 522 τῆς
550 446 648 525 χαίρης,
674 449 831 522 καταβῆναι
855 454 884 514 ἐς

82 535 214 613 Σμύρνην
226 536 273 594 καὶ
285 534 507 614 μηχανήσασθαι
520 538 616 603 πλοῖα,
632 539 659 597 ἐς
670 533 706 594 τό
719 536 884 610 ἐσθεμένους

81 623 119 684 ταὶ
139 623 232 684 πάντα
252 622 309 683 ὅσα
326 628 383 698 σφι
401 623 437 698 ῆν
455 621 567 701 χρηστοὶ
587 623 717 692 ἐπίπλοα,
733 621 884 685 α’ποπλέειν

83 711 156 772 κατὰ
176 712 244 787 βίου
264 737 296 772 τε
316 712 362 770 καὶ
382 715 435 792 γῆς
456 710 581 787 ζήτησιν·
603 716 630 773 ἐς
651 709 668 770 δ
689 712 768 771 ἔθνεα
785 713 882 773 πολλα

83 800 347 878 παραμειψαμένους
374 799 523 858 οἷπικέσθαι
550 803 578 862 ἐς
603 797 785 875 Ὀμβρικούς·
819 801 885 860 ἔνθα

83 888 178 963 σφέας
205 885 403 964 ἐνιδρύσασθαι
426 885 528 949 πόλιας
552 888 598 945 καὶ
626 887 723 946 οἰκέειν
745 887 778 947 τό
800 889 884 968 μέχρι

84 975 175 1034 τοῦδε·
189 973 250 1034 οἷντὶ
260 974 290 1034 δὲ
302 975 400 1034 Λυδῶν
412 976 656 1050 μετονομασθῆναι
667 973 766 1038 αὐτούς
780 977 824 1034 ἐπὶ
834 981 884 1036 τοῦ

85 1063 226 1140 βασιλέος
243 1067 293 1123 τοῦ
306 1061 405 1125 παιδός
423 1061 453 1124 ὅς
472 1068 564 1137 σφεας
577 1061 707 1142 ἀνήγαγε,
723 1064 769 1121 ἐπὶ
785 1063 884 1124 τούτου

85 1149 139 1224 τῆν
153 1150 306 1227 ἐπωνυμίην
319 1151 497 1225 ποιευμένους
511 1149 702 1226 ὀνομασθῆναι
715 1152 884 1227 Τυρσηνούς.

86 1238 174 1299 Λυδοὶ
186 1241 237 1315 μὲν
251 1238 284 1315 δῆ
296 1238 351 1297 ύπό
365 1238 498 1317 Πέρσησι
514 1238 691 1298 δεδούλωντο.

127 1326 299 1403 Ἐπιδίζηται
312 1327 342 1385 δέ
355 1326 389 1402 δῆ
403 1326 435 1386 τό
450 1327 573 1386 ἐνθεῦτεν
585 1325 652 1401 ῆμῖν
666 1327 681 1385 ὁ
695 1327 781 1409 λόγος
793 1327 842 1388 τόν
854 1355 885 1388 τε
894 1332 931 1390 95

87 1419 184 1492 Κῦρον
202 1415 280 1478 ὅστις
302 1415 352 1474 ἐών
367 1414 419 1490 τῆν
440 1415 567 1491 Κροίσου
588 1412 678 1492 ἀρχῆν
700 1420 818 1485 κατεῖλε,
841 1417 887 1475 καὶ

87 1501 154 1566 τούς
166 1503 282 1578 Πέρσας
295 1501 363 1582 ὅτεῳ
376 1502 469 1581 τρόπῳ
483 1500 627 1581 ἡγήσαντο
640 1506 690 1577 τῆς
703 1500 811 1579 Ἀσίης.
853 1504 888 1568 οἷς

89 1589 127 1649 ὧν
141 1591 275 1667 Περσέων
289 1590 462 1667 μετεξέτεροι
477 1591 603 1669 λέγουσι,
618 1592 644 1648 οἱ
661 1589 701 1667 μῆ
717 1591 888 1669 βουλόμενοι

36 1689 39 1695 ’
89 1681 211 1754 σεμνοῦν
222 1677 258 1738 τὰ
268 1679 332 1755 περὶ
346 1681 440 1754 Κῦρον
451 1677 527 1735 α’λλό
540 1678 589 1737 τόν
600 1676 680 1737 ε’όντα
691 1679 782 1760 λέγειν
792 1680 887 1761 λόγον,

89 1764 160 1824 καταῖ
173 1770 261 1825 ταῦτα
272 1765 380 1846 γράψω,
396 1763 579 1841 ἐπιστάμενος
591 1766 654 1841 περὶ
669 1766 763 1843 Κύρου
774 1770 819 1826 καὶ
832 1796 888 1845 τρι-

89 1853 198 1928 φασίας
205 1852 296 1916 ἄλλας
305 1853 399 1935 λόγων
408 1852 488 1916 ὁδούς
498 1858 595 1929 φῆναι.
624 1854 782 1931 Ἀσσυρίων
790 1855 889 1935 οἷρχόν·

88 1966 143 2001 των
155 1945 206 2017 τῆς
219 1941 274 2001 ἅνω
290 1941 390 2018 Ἀσίης
407 1941 448 2023 ἐπ’
463 1943 523 1999 ἔτεα
541 1941 630 2001 εἴκοσι
647 1944 693 2000 καὶ
710 1945 888 2016 πεντακόσια,

89 2032 194 2105 πρῶτοι
212 2028 259 2088 ἀπ’
278 2028 368 2089 αὐτῶν
386 2030 481 2103 Μῆδοι
499 2027 617 2106 ἤρξαντο
637 2029 822 2092 ἀπίστασθαι·
844 2059 890 2093 και

31 2170 34 2175 .
90 2143 144 2180 κως
164 2115 241 2176 οὗτοι
261 2118 326 2195 περὶ
348 2121 399 2193 τῆς
421 2117 575 2194 ἐλευθερίης
598 2118 791 2196 μαχεσόμενοι
814 2124 890 2181 τοῖσι

92 2204 280 2282 Ἀσσυρίοισι,
290 2206 416 2286 ἐγένοντο
427 2203 522 2282 ἄνδρες
531 2204 641 2285 α’γαθοί·
656 2207 701 2264 καὶ
710 2206 889 2284 ἀπωσόμενοι

89 2292 142 2370 τῆν
158 2293 338 2370 δουλοσύνην,
352 2292 593 2368 ἠλευθερώθησαν.
634 2293 705 2370 μετὰ
722 2295 751 2352 δὲ
767 2295 889 2367 τούτους,

91 2383 138 2440 καὶ
160 2380 197 2440 τὰ
220 2380 297 2440 ἅλλα
324 2382 403 2440 ἔθνεα
427 2382 516 2439 ἐποίεε
538 2380 625 2441 τώυτό
652 2385 728 2441 τοῖσι
754 2384 890 2458 Μήδοισι.

91 2469 192 2529 ἐόντων
209 2470 239 2528 δὲ
255 2469 413 2545 αὐτονόμων
433 2467 543 2528 πόντων
562 2468 614 2527 οἷνοὶ
634 2469 686 2545 τῆν
705 2469 819 2547 ἤπειρον
840 2470 892 2530 ὦδε

91 2557 169 2620 αὖτις
182 2563 210 2621 ἐς
224 2557 385 2634 τυραννίδας
401 2559 563 2634 περιῆλθον·
584 2555 669 2635 Ἀνῆρ
687 2564 715 2618 ἐν
732 2563 809 2617 τοῖσι
828 2560 890 2635 Μή·
900 2563 937 2623 96

91 2644 168 2704 δοισι
182 2646 292 2726 ,ἐγένετο
309 2644 402 2720 σοφός
418 2649 457 2724 τῷ
469 2644 573 2721 ούνομα
591 2645 626 2720 ἦν
640 2645 769 2721 Δηῖόκης,
783 2651 848 2710 παῖς
861 2648 891 2709 δὲ

90 2731 127 2808 ῆν
140 2732 296 2809 Φραόρτεω·
318 2730 397 2795 οὗτος
413 2732 429 2791 ὁ
448 2732 571 2808 Δηϊόκης
589 2734 716 2809 ἐρασθεὶς
734 2735 892 2810 τυραννίδος

92 2821 183 2880 ἐποίεε
192 2820 295 2880 τοιάδε.
324 2821 526 2896 κατοικημένων
535 2824 589 2879 τῶν
600 2820 704 2895 Μήδων
712 2821 782 2880 κατά
791 2821 891 2898 κόμας,

92 2913 122 2969 ἐν
135 2911 171 2987 τῆ
185 2911 284 2967 ἑωυτοῦ
303 2907 353 2967 ἐῶν
371 2909 417 2966 καὶ
432 2908 567 2985 πρότερον
586 2907 698 2983 δόκιμος
717 2909 763 2967 καὶ
778 2911 892 2985 μᾶλλόν

91 3021 120 3056 τι
136 2998 182 3055 καὶ
199 2995 408 3072 προθυμότερον
427 2995 603 3071 δικαιοσύνην
619 2997 778 3071 ἐπιθέμενος
796 2994 891 3072 ἤσκεε·

92 3084 140 3143 καὶ
152 3088 241 3144 ταῦτα
252 3085 356 3160 μέντοι,
366 3082 465 3159 ἐούσης
478 3082 593 3161 ἀνομίης
605 3080 717 3160 πολλῆς
730 3083 783 3144 οἷνοὶ
795 3089 892 3145 πᾶσαν

91 3172 147 3246 ’τῆν
164 3170 302 3247 Μηδικῆν,
317 3171 409 3231 ἐποίεε
429 3171 621 3252 ἐπιστάμενος
640 3170 689 3234 ὃτι
706 3176 747 3252 τίη
759 3172 865 3247 δικαίη
881 3170 922 3227 πὶ)

83 3256 179 3317 ιῖδικυν
201 3259 343 3336 πολέμιόν
367 3267 442 3324 ἐστι·
474 3269 503 3326 οἱ
528 3265 552 3328 δ’
576 3271 613 3328 ἐκ
640 3269 698 3343 τῆς
719 3262 813 3337 αύτῖης
844 3257 950 3331 κύοηηὶ

144 3342 161 3383 15
