2040 3464
113 118 129 162 ι
400 114 581 164 Ἥνοοοιοο
873 99 907 175 [ιζ

112 190 177 256 τοῦς
187 197 261 272 ἔντή
273 192 367 273 Ἀσίη·
384 197 487 276 φίλους
502 195 532 254 δὲ
541 193 770 272 προσεποιήσατο
780 194 910 254 Λακεδαι-

113 281 248 361 μονίους.)
275 282 331 360 πρό
340 284 369 343 δὲ
377 288 427 359 τῆς
436 283 563 360 Κροίσου
573 280 912 360 άρχῆςπάντεςἝλληνες

113 365 189 443 ἦσαν
199 368 347 447 ἐλεύθεροι·
364 370 397 431 τό
410 369 465 452 γάρ
474 369 636 446 Κιμμερίων
645 368 805 446 στράτευμα
818 369 851 429 τό
866 372 912 429 ἐπὶ

111 454 165 530 τήν
181 454 287 533 Ἰωνίην
305 456 480 533 ἀπικόμενον,
498 458 626 534 Κροίσου
644 455 691 516 ε’όν
709 456 910 533 πρεσβύτερον,

113 541 146 601 ού
160 544 344 622 καταστροφή
362 546 469 626 ἐγένετο
480 548 536 605 τῶν
548 544 663 614 πολίων,
677 543 742 603 ἀλλ’
757 546 788 614 ἐξ
804 545 910 622 ἐπιδρο-

114 633 171 706 μῆς
183 630 306 712 οἶρπαγή.
342 633 379 692 Ἡ
394 635 423 693 δὲ
436 633 570 713 ἡγεμονίη
584 631 654 692 οὕτω
667 634 809 710 περιῆλθε,
824 637 910 694 ἐοῦσα

72 760 74 765 -
112 716 322 796 Ἡρακλειδέων,
338 727 365 784 ἐς
381 721 414 782 τδ
430 723 509 802 γένος
526 720 560 780 τό
577 720 713 798 Κροίσου,
727 722 910 796 καλεομένους

112 805 144 866 δὲ
169 807 345 884 Μερμνάδας.
386 808 422 884 ἦν
449 807 622 884 Κανδαύλης,
647 807 697 867 τόν
724 810 752 867 οἱ
771 807 910 884 Ἕλληνες

112 895 264 970 Μυρσίλον
281 895 459 974 ὀνομάζουσι,
476 896 607 973 τύραννος
624 895 754 971 Σαρδίων,
772 893 909 974 οἷπόγονος

70 1020 84 1029 --
112 981 143 1042 δὲ
155 981 289 1042 Ἀλκαίου
299 990 350 1043 τοῦ
358 984 522 1062 Ἡρακλέος.
547 982 719 1063 ’Άγρωνμέν
729 982 909 1064 γάρόΝίνου

111 1073 162 1129 τοῦ
173 1070 269 1145 Βήλου
279 1077 330 1131 τοῦ
342 1072 475 1131 Ἀλκαίου
489 1075 597 1148 πρῶτος
610 1070 811 1147 Ἡρακλειδέων
824 1072 909 1144 βασι-

111 1156 177 1221 λεῦς
204 1158 312 1239 ε’γένετο
340 1161 470 1235 Σαρδίων,
496 1157 663 1232 Κανδαύλης
689 1158 719 1216 δὲ
745 1156 761 1216 ό
789 1157 909 1235 Μύρσου

110 1243 239 1309 ὕστατος·
265 1250 292 1306 οἱ
316 1247 346 1305 δὲ
368 1246 503 1323 πρότερον
520 1243 662 1326 Ἄγρωνος
685 1242 909 1319 βασιλεύσαντες

112 1332 214 1408 ταύτης
227 1339 277 1410 τῆς
289 1334 382 1413 χάρης
394 1333 468 1411 ἦσαν
481 1331 615 1412 άπόγονοι
627 1332 720 1391 Λυδοῦ
733 1336 783 1391 τοῦ
796 1330 907 1396 Ἀτυος·

111 1420 169 1479 άπδ
181 1421 255 1482 τοῦδ
265 1423 352 1500 δῆμος
361 1421 462 1484 Λύδιος
472 1420 577 1497 ἐκλήθη
585 1419 601 1480 ὁ
609 1423 664 1483 πᾶς
677 1417 765 1489 οὗτος,
774 1419 909 1497 πρότερον

111 1507 200 1587 Μήων
218 1509 393 1587 καλεόμενος.
434 1509 511 1584 παραὶ
530 1507 635 1569 τούτων
651 1506 832 1584 Ἡρακλεῖδαι
852 1514 909 1567 ε’πι·

110 1597 281 1672 τραφθέντες
292 1599 377 1677 ἔσχον
383 1597 435 1673 τήν
444 1596 534 1675 ἀρχήν
543 1600 573 1654 ε’κ
584 1597 759 1672 θεοπροπίου,
770 1601 800 1655 ε’κ
809 1594 909 1672 δούλης

111 1709 143 1743 τε
157 1687 208 1758 τῆς
223 1683 367 1760 Ἰαρδάνου
382 1683 527 1765 γεγονότες
543 1684 589 1742 καὶ
601 1683 763 1760 Ἡρακλέος,
779 1682 909 1761 ἄρξοντες

110 1772 164 1845 μὲν
181 1770 226 1828 έπὶ
243 1770 291 1829 δύο
306 1797 338 1831 τε
354 1773 400 1831 καὶ
414 1772 503 1829 εἴκοσι
517 1769 613 1850 γενεάς
626 1770 739 1847 ἀνδρῶν,
755 1772 815 1828 ἔτεα
827 1769 908 1830 πέντε

111 1883 144 1917 τε
163 1858 210 1916 καὶ
229 1857 407 1927 πεντακόσια,
426 1863 492 1921 ταῖς
511 1858 589 1934 παρά
608 1857 714 1933 πατρός
734 1856 909 1933 ἐκδεκόμενος

78 1947 98 2006 8
112 1944 164 2021 τήν
176 1943 267 2024 άρχήν
280 1946 364 2024 μέχρι
377 1945 546 2005 Κανδαύλεω
559 1949 609 2005 τοῦ
622 1945 752 2022 Μύρσου·
770 1943 861 2008 Οὗτος
873 1945 907 2021 δή

111 2031 149 2092 ὦν
170 2032 186 2092 ὁ
206 2033 372 2109 Κανδαύλης
384 2032 496 2110 ήράσθη
514 2037 565 2108 τῆς
578 2037 679 2092 ἑωυτοῦ
691 2031 828 2114 γυναικός·
848 2038 907 2110 έρα·

110 2121 189 2183 σθεὶς
209 2120 246 2189 δὲ,
269 2119 377 2196 ἐνόμιζέ
397 2125 423 2180 οἶ
444 2120 513 2181 εἶναι
532 2125 649 2203 γυναῖκα
668 2119 779 2179 πολλόν
796 2122 909 2181 πασέων

111 2209 279 2284 καλλίστην·
301 2208 374 2269 ὥστε
392 2210 526 2270 δὲταῦτα
545 2210 669 2285 νομίζων,
685 2208 721 2285 ἦν
737 2207 792 2289 γάρ
808 2212 836 2268 οἶ
853 2213 909 2270 τῦν

111 2297 294 2376 αἰχμοφόρων
300 2296 391 2378 Γύγης
399 2296 572 2358 ὁΔασκύλου
579 2296 764 2374 ἀρεσκόμενος
772 2296 907 2373 μάλιστα,

109 2384 200 2463 τούτῳ
212 2384 261 2466 [τῷ
271 2384 360 2466 Γύγη]
372 2386 418 2444 καὶ
430 2384 466 2445 τά
480 2384 701 2460 σπουδαιέστερα
714 2389 769 2444 τῶν
781 2385 908 2465 πρηγμά-

110 2498 165 2532 των
181 2472 358 2550 ῦπερετίθετο
376 2472 393 2533 ὁ
411 2473 585 2548 Κανδαύλης,
602 2473 649 2530 καὶ
668 2470 702 2547 δή
720 2474 766 2530 καὶ
784 2472 817 2531 τῦ
839 2473 909 2536 εἶδος

110 2565 161 2636 τῆς
180 2561 309 2640 γυναικός
328 2561 538 2637 ὑπερεπαινέων·
561 2559 664 2638 χρόνου
688 2560 718 2618 δὲ
741 2557 773 2618 οῦ
797 2562 909 2618 πολλοῦ

111 2647 277 2717 διελθόντος,
299 2650 383 2728 (χρῆν
401 2647 457 2729 γάρ
478 2647 630 2724 Κανδαύλῃ
648 2647 780 2728 γενέσθαι
800 2648 908 2728 κακῶς)

111 2737 192 2815 ἔλεγε
211 2735 281 2812 πρός
301 2735 351 2795 τόν
372 2735 465 2816 Γύγην
485 2734 587 2794 τοιάδε·
610 2745 627 2770 “
636 2734 721 2815 Γύγη,
744 2733 776 2792 οῦ
797 2734 851 2814 γάρ
874 2759 909 2794 σε

112 2822 196 2882 δοκέω
217 2823 367 2883 πείθεσθαί
387 2848 437 2899 μοι
460 2823 573 2904 λέγοντι
595 2822 659 2898 περὶ
679 2825 729 2880 τοῦ
754 2822 837 2884 εἴδεος
859 2826 909 2897 τῆς

110 2910 247 2990 γυναικός·
262 2911 331 2991 (ὦτα
347 2910 402 2992 γάρ
419 2911 551 2991 τυγχάνει
564 2908 735 2986 οἷνθράποισι
749 2909 829 2969 έόντα
847 2909 909 2968 άπι-

112 2997 233 3074 στότερα
243 2997 421 3078 ὀφθαλμῶν)
431 3000 509 3057 ποίεε
519 2997 586 3060 ὅκως
599 2997 703 3073 ἐκείνην
717 2997 831 3074 θεήσεαι
839 3023 908 3079 γυμ-

105 3084 186 3154 νήν·”
211 3085 230 3143 ὁ
253 3086 283 3143 δὲ
303 3087 380 3167 μέγα
404 3086 542 3162 ἀμβώσας
566 3086 635 3144 εἶπε·
659 3086 823 3156 “Δέσποτα,
846 3086 909 3145 τίνα

84 3166 187 3239 λήσεις
204 3170 301 3251 λόγον
323 3173 376 3232 οῦκ
397 3173 479 3258 ύγιέα
500 3166 619 3236 κελεύων
642 3199 677 3253 με
693 3174 839 3234 δέσποιναν
858 3172 909 3246 τήν

69 3247 152 3317 ‘7173‘
168 3252 344 3328 θεήσασθαι
362 3262 504 3342 γυμνήνς
526 3262 589 3344 άμα
609 3263 640 3324 δὲ
661 3263 757 3324 κιθῶνι
774 3259 928 3332 ὲκδυομὶυοξ
