2040 3464
95 113 235 176 ιιι-ιιι]
427 116 562 164 οικαῐι.
846 117 896 165 ιω

91 190 217 270 ὕπαρχος
231 190 368 269 Ὀροίτης,
383 192 453 270 αϊνήρ
475 193 600 270 Πέρσης.
635 190 717 254 οὗτος
733 191 894 269 ἐπεθύμησε

93 279 256 359 πρήγματος
269 278 319 338 ούκ
332 279 424 339 ὁσίου·
446 279 509 339 οὔτε
522 281 577 360 γάρ
590 305 619 339 τι
632 279 729 338 παθαϊν
739 279 802 340 οὔτε
815 279 895 338 οἱκού-

90 392 146 429 σας
164 366 285 443 μάταιον
304 368 370 430 ἔπος
390 367 461 444 πριϊς
483 368 680 444 Πολυκράτεος
702 372 753 427 τοῦ
777 368 895 444 Σαμίου,

90 453 154 514 ούτε
167 455 230 514 ϊδοϊν
242 455 386 533 πρότερον,
395 455 528 532 ἐπεθύμεε
538 455 638 531 λαβαϊν
647 454 730 514 αύτὸν
740 454 891 527 οἷπολέσαι,

91 541 127 604 οἷς
141 545 193 620 μὲν
210 546 236 602 οἱ
253 547 370 606 πλεῦνες
388 544 514 623 λέγουσι,
529 543 575 602 διαὶ
592 541 701 618 τοιήνδε
718 542 780 602 τινοϊ
794 546 894 620 αἰτίην·

91 631 204 690 ἐπὶτῶν
216 631 357 706 βασιλέος
370 632 474 709 θυρέων
488 630 642 707 κατήμενον
655 630 704 690 τόν
717 655 748 689 τε
760 629 892 708 Ὀροίτην

90 718 137 776 καὶ
160 716 252 778 ἄλλον
274 719 400 795 Πέρσην,
421 723 460 796 τῷ
482 717 587 794 ούνομα
609 717 678 777 εἰναι
698 717 893 794 Μιτραβιίτεο,

90 809 177 880 νομοῦ
195 804 319 884 ἄρχοντα
331 811 381 865 τοῦ
395 811 424 864 ἐν
438 807 613 884 Δασκυλείῳ,
628 804 742 867 τούτους
756 811 786 863 ἐκ
800 804 893 885 λόγων

90 895 118 954 ές
141 893 232 951 νείκεα
254 894 435 969 συμπεσέειν·
464 893 629 970 κρινομένων
647 893 677 951 δὲ
698 892 763 969 περὶ
783 892 892 969 αἱρετῆς,

90 984 176 1040 εἰπεῖν
188 979 239 1040 τόν
252 980 441 1056 Μιτροβάτεα
453 984 492 1059 τῷ
504 981 619 1059 Ὀροίτῃ
629 981 817 1056 προφέροντα·
834 980 893 1040 “σύ

88 1066 145 1147 γοίρ
164 1073 193 1128 έν
210 1067 316 1145 ἀνδρῶν
329 1066 413 1149 λόγῳ,
428 1068 459 1130 ὃς
473 1069 597 1142 βασιλέϊ
610 1072 698 1143 νῆσον
713 1067 809 1144 Σάμον
822 1068 893 1146 πρός

89 1160 128 1233 τῷ
144 1160 186 1234 σῷ
204 1161 279 1235 νομῷ
300 1156 506 1232 προσκειμένην
520 1155 552 1214 ού
569 1155 778 1232 προσεκτήσαο,
793 1153 845 1214 ὦδε
858 1156 893 1232 δή

89 1268 117 1301 τι
135 1248 237 1304 ἐοῦσαν
253 1243 369 1302 εὐπετέα
384 1245 570 1323 χειρωθῆναι;
591 1244 643 1318 τήν
663 1248 718 1302 τῶν
734 1269 776 1305 τις
794 1249 892 1322 ἐπιχαι-

88 1332 154 1406 ρίων
167 1332 364 1391 πεντεκαίδεκα
378 1332 515 1410 ὁπλίτῃσι
529 1330 688 1392 ἐπαναστὰς
701 1332 777 1408 ἔσχε,
789 1332 835 1388 καὶ
845 1336 893 1391 νῦν

89 1418 175 1494 αι’τής
192 1419 376 1496 τυραννεύει.”
411 1423 438 1478 οἱ
454 1422 506 1496 μὲν
519 1419 553 1493 δή
567 1419 615 1493 μίν
628 1425 703 1494 φασι
715 1423 798 1477 τοῦτο
813 1417 892 1477 α’κού-

89 1532 187 1577 σαντα,
206 1509 251 1566 καὶ
272 1507 439 1588 ἀλγήσαντα
458 1511 497 1584 τῷ
522 1506 628 1576 ὀνείδεϊ,
647 1507 819 1582 ἐπιθυμῆσαι
842 1505 892 1566 ούκ

89 1594 160 1653 οὕτω
178 1594 229 1655 τόν
246 1595 360 1655 εἴπαντα
380 1600 468 1654 ταῦτα
488 1595 634 1663 τίσασθαι,
653 1594 687 1657 ὦς
705 1593 891 1670 Πολυκροϊτεο

88 1681 196 1746 πάντως
209 1682 351 1741 ἀπολέσαι
366 1683 399 1742 δι’
413 1682 520 1742 ὅντινα
534 1686 622 1744 κακῶς
636 1680 750 1756 ἤκουσε.
787 1687 824 1740 Oi
841 1682 871 1741 δὲ
882 1685 932 1742 12]

89 1768 244 1832 ἐλάσσονες
262 1771 389 1850 λέγουσι,
410 1771 521 1848 πέμψαι
539 1769 668 1846 Ὀροίτεα
687 1776 713 1832 ἐς
733 1768 829 1846 Σύρον
845 1771 891 1845 κή-

88 1882 159 1932 ρυκα
179 1857 242 1917 ὅτευ
261 1858 294 1933 δή
313 1858 458 1937 χρήματος
477 1857 656 1934 δεησόμενον·
679 1857 710 1916 ού
726 1858 781 1937 γιίρ
802 1857 838 1917 ὧν
857 1859 891 1935 δή

88 1944 172 2003 τοῦτό
186 1971 220 2026 γε
236 1947 358 2026 λέγεται·
380 1947 426 2004 καϊ
439 1946 489 2006 τόν
503 1945 688 2022 Πολυκράτεα
701 1950 795 2024 τυχεῖν
809 1972 890 2005 κατα·

90 2033 214 2109 κείμενον
227 2038 256 2093 έν
269 2032 407 2109 ἀνδρεῶνι,
421 2037 550 2110 παρεῖναι
563 2034 594 2092 δέ
607 2037 633 2092 οἱ
648 2035 693 2092 καὶ
705 2033 890 2112 Ἀνακρέοντα

88 2120 139 2178 τὸν
152 2120 246 2195 Τήϊον·
269 2123 318 2179 καί
337 2148 397 2191 κως,
412 2121 459 2180 εἰτ’
474 2127 504 2180 ἐκ
517 2123 649 2198 προνοίης
667 2121 751 2182 αύτιϊν
772 2128 891 2198 κατηλο·

88 2210 190 2288 γέοντα
202 2207 238 2268 τεϊ
252 2208 383 2285 Ὀροίτεω
397 2209 557 2290 πρήγματα,
572 2210 627 2269 εϊτε
640 2211 686 2269 καὶ
699 2212 834 2288 συντυχίη
847 2237 890 2274 τις

88 2295 203 2372 τοιαύτη
220 2299 374 2378 ἐπεγένετο·
394 2297 444 2357 τόν
457 2324 488 2357 τε
501 2298 557 2378 γοϊρ
572 2297 676 2374 κήρυκα
692 2297 741 2356 τὸν
758 2297 890 2376 Ὀροίτεω

89 2385 267 2461 παρελθόντα
277 2386 465 2466 διαλέγεσθαι,
475 2387 521 2444 καὶ
531 2385 580 2444 τόν
594 2384 787 2462 Πολυκράτεα,
796 2389 891 2462 τυχεῖν

87 2472 143 2554 γοϊρ
164 2474 393 2550 ἐπεστραμμένον
410 2473 480 2550 πρὸς
497 2473 547 2533 τὸν
562 2476 667 2550 τοῖχον,
685 2470 748 2531 ούτε
763 2497 791 2530 τι
805 2497 889 2546 μετα-

88 2565 251 2637 στραφῆναι
265 2561 328 2620 ούτε
340 2561 554 2637 ὑποκρίνασθαι·
575 2561 670 2619 Αἰτίαι
682 2562 733 2636 μὲν
744 2560 778 2634 δή
789 2557 870 2619 αὗται
880 2562 935 2623 122

88 2649 220 2724 διφάσιαι
241 2650 374 2729 λέγονται
395 2652 445 2707 τοῦ
470 2647 590 2707 θανάτου
617 2652 667 2707 τοῦ
694 2647 891 2724 Πολυκράτεος

87 2738 229 2817 γενέσθαι·
249 2737 370 2814 πάρεστι
388 2737 418 2794 δὲ
438 2736 588 2796 πείθεσθαι
603 2734 719 2813 ὁκοτέρῃ
732 2761 774 2799 τις
786 2736 890 2810 βούλε·

87 2850 134 2884 ται
152 2824 265 2884 αύτέων.
299 2825 314 2884 ὁ
332 2825 366 2900 δή
386 2823 423 2882 <tv
438 2823 576 2900 Ὀροίτης,
591 2823 714 2899 ἱζόμενος
730 2828 759 2882 ἐν
773 2829 888 2904 Μαγνη·

86 2914 138 2991 σίῃ
155 2940 191 2992 τῃ
209 2913 279 2989 ὑπὲρ
296 2911 459 2988 Μαιάνδρου
474 2915 605 2986 ποταμοῦ
626 2912 765 2988 οἰκημένῃ,
784 2912 888 2987 ἔπεμπε

87 3001 209 3078 Μύρσον
221 3000 271 3060 τόν
284 2999 379 3081 Γύγεω
398 2999 484 3077 ἄνδρα
497 2999 590 3058 Λυδόν
604 3004 631 3061 ές
645 2998 741 3076 Σάμον
753 2999 888 3080 οἷγγελίην

87 3090 220 3165 φέροντα,
233 3087 331 3164 μαθων
343 3091 394 3147 τοῦ
408 3085 606 3164 Πολυκράτεος
622 3086 672 3146 τὸν
685 3085 759 3146 νόον.
794 3090 888 3144 Πολυ-

88 3176 190 3252 κράτης
208 3175 265 3256 γάρ
285 3180 348 3236 ἐστι
367 3178 479 3254 πρῶτος
491 3179 548 3237 τῶν
561 3173 647 3252 ἡμεῖς
657 3170 937 3261 ϊλμενῈῺκϊχυωνῆ

79 3264 110 3326 ὅς
130 3265 400 3339 θαλασσοκρατέειν
413 3265 575 3346 ἐπενοήθη,
588 3261 689 3343 πάρεξ
695 3257 828 3321 Πίνωίις
838 3266 946 3308 ’ΜΨ
