2040 3464
94 105 230 167 ⁴⁴7-151]
419 105 553 154 οιιυιι.
839 108 889 159 27³

90 185 126 241 ‘d
138 182 266 260 ποτήρια,
281 181 446 259 ἀπεθώμαζέ
460 209 490 242 τε
505 185 551 242 καὶ
566 181 768 259 ἐξεπλήσσετο,
782 184 798 243 ὁ
811 185 841 244 δὲ
854 184 888 245 ἂν

90 271 200 330 ε’κέλευε
220 270 303 330 αὐτόν
324 270 520 348 ἀποφέρεσθαι
545 270 635 332 αι’·τῦν
655 271 712 331 ὅσα
738 271 886 348 βούλοιτο·

89 363 173 418 τοῦτο
187 359 233 417 καὶ
247 359 287 420 δὶς
300 359 347 417 καὶ
359 359 418 434 τρὶς
432 359 559 421 εἴπαντος
571 360 754 435 Μαιανδρίου,
768 360 785 418 ὁ
799 364 890 421 Κλεο·

89 447 174 524 μένης
182 446 354 508 δικαιότατος
368 446 473 523 οἷνδρῦν
481 448 594 526 γίνεται,
604 445 635 510 ὃς
643 448 746 523 λαβεῖν
754 449 806 523 μὲν
816 447 887 508 διδά-

522 533 616 556 Χ<ΞΙ

89 560 161 610 μενα
179 533 228 592 οῦκ
245 534 371 592 ἐδικαίευ·
392 533 490 610 μαθων
503 534 533 592 δε
549 560 585 595 ως
598 538 717 594 αλλοισι
730 534 820 598 διδοῦς
834 541 889 596 τῶν

91 621 185 680 άστιῦν
206 621 354 698 εὑρήσεται
376 622 517 698 τιμωρίην,
565 621 597 684 οἷς
619 623 665 679 ἐπὶ
685 622 750 684 τοῦς
771 622 889 699 ἐφόρους

90 708 203 785 ἄμεινον
217 709 287 768 εἶναι
300 710 354 784 ἔφη
368 713 403 786 τῇ
418 710 535 787 Σπάρτῃ
552 707 603 768 τόν
616 710 705 778 ξεῖνον
717 710 767 770 τόν
781 709 890 786 Σάμιον

89 797 335 856 ἀπαλλάσσεσθαι
351 803 381 855 ἐκ
396 802 446 872 τῆς
464 797 696 873 Πελοποννήσου,
712 798 756 857 ἵνα
769 797 809 874 μή
824 798 888 858 α’να·

89 886 176 962 πείσῃ
199 883 217 960 ἢ
240 884 323 944 αὐτόν
346 882 364 959 ἢ
388 883 479 943 ἄλλον
498 886 561 944 τινοὶ
586 887 781 962 Σπαρτιητέων
805 887 889 947 κακόν

89 974 231 1052 γενέσθαι·
259 975 286 1031 οἱ
310 971 333 1030 δ’
356 971 565 1036 ὑπακούσαντες
591 973 756 1050 ἐξεκήρυξαν
782 974 889 1034 Μαιάν·

90 1062 176 1136 δριον.
217 1058 275 1135 Τήν
298 1061 328 1118 δὲ
350 1058 447 1136 Σάμον
466 1060 689 1141 σαγηνεύσαντες
711 1065 737 1121 οἱ
758 1062 935 1139 Πέρσαι149

90 1149 250 1224 παρέδοσαν
265 1150 436 1219 Συλοσῶντι,
451 1153 555 1224 ἐρῆμον
569 1154 671 1208 ἐοῦσαν
689 1148 804 1226 α’νδριῦν.
838 1149 889 1210 ῦσ·

89 1237 159 1313 τέρῳ
177 1238 272 1312 μέντοι
293 1235 383 1314 χρόνῳ
398 1237 444 1293 καὶ
461 1237 659 1316 συγκατοίκισε
674 1236 760 1311 αὐτὴν
773 1237 789 1295 ὁ
803 1264 888 1314 στρα·

89 1324 175 1404 πηγός
188 1323 315 1398 Ὀτάνης,
330 1325 359 1381 ἐκ
373 1349 403 1382 τε
417 1322 497 1401 ὄψιος
511 1322 619 1400 ὀνείρου
633 1323 679 1382 καὶ
692 1325 795 1384 νούσου
808 1325 827 1401 ἥ
839 1351 889 1401 μιν

90 1412 231 1486 κατέλαβε
245 1417 368 1485 νοσῆσαι
378 1411 414 1469 τά
428 1412 527 1470 αἰδοῖα.

128 1499 194 1558 Ἐπὶ
208 1500 237 1558 δὲ
251 1498 346 1574 Σάμον
360 1498 569 1576 στρατεύματος
582 1506 710 1560 ναυτικοῦ
722 1503 868 1580 οἰχομένου
878 1502 935 1561 150

88 1587 269 1661 Βαβυλώνιοι
287 1584 460 1662 οἷπέστησαν,
475 1586 563 1663 κάρτα
577 1586 606 1645 εῦ
620 1589 887 1664 παρεσκευασμένοι.

87 1680 117 1733 ἐν
135 1674 192 1754 ὅσῳ
210 1674 265 1756 γοὶρ
279 1674 339 1733 ὅτε
353 1672 454 1754 Μάγος
469 1673 540 1751 ἦρχε
554 1674 599 1731 καὶ
613 1678 639 1732 οἱ
653 1676 723 1734 ἑπτά
737 1677 886 1752 ἐπανέστη-

87 1788 151 1832 σαν,
166 1761 294 1842 ἐντούτῳ
307 1763 391 1821 παντὶ
403 1765 442 1839 τῷ
455 1761 546 1840 χρόνῳ
562 1762 608 1820 καὶ
621 1768 656 1840 τῇ
669 1768 780 1842 ταραχῇ
794 1770 822 1827 ἐς
835 1765 887 1840 τήν

87 1851 252 1926 πολιορκίην
265 1849 502 1926 παρεσκευάδατο·
523 1850 572 1908 καί
584 1876 635 1911 κως
648 1855 736 1910 ταῦτα
748 1856 888 1916 ποιεῦντες

87 1937 249 1997 ἐλάνθανον.
285 1939 347 1995 ἐπεί
360 1962 391 1995 τε
407 1937 436 1995 δέ
453 1942 483 1995 ἐκ
496 1941 546 1995 τοῦ
560 1939 698 2013 ἐμφανέος
712 1938 886 2015 ἀπέστησαν,

87 2026 224 2100 ἐποίησαν
243 2023 359 2083 τοιόνδε·
385 2023 435 2086 τοὶς
457 2026 578 2101 μητέρας
602 2026 749 2097 ἐξελόντες,
770 2033 887 2108 γυναῖκα

87 2114 205 2175 ἕκαστος
225 2113 292 2189 μίαν
314 2113 527 2189 προσεξαιρέετο
547 2113 599 2188 τήν
620 2114 755 2190 ἐβούλετο
778 2122 809 2174 ἐκ
832 2121 886 2176 τῶν

85 2205 187 2259 ἑωυτοῦ
205 2201 306 2260 οἰκίων·
327 2200 377 2262 τοῖς
391 2200 420 2258 δὲ
433 2201 535 2263 λοιποῖς
550 2199 663 2265 οἶπιίσας
682 2203 886 2286 συναγαγόντες

84 2287 249 2357 ἀπέπνιξαν·
275 2286 328 2362 τήν
352 2289 381 2346 δὲ
405 2289 472 2362 μίαν
495 2292 613 2351 ἕκαστος
636 2293 783 2350 σιτοποιὸν
811 2293 880 2361 ἐξαι-

84 2376 172 2450 ρέετο·
194 2375 348 2444 ἀπέπνιξαν
365 2376 394 2432 δὲ
415 2375 499 2439 αὐτοῖς
516 2377 561 2435 ἵνα
576 2376 617 2452 μή
631 2384 728 2451 σφεων
740 2378 790 2437 τόν
803 2383 884 2438 σῖτον

84 2463 308 2540 ἀναισιμώσωσι.
326 2456 501 2539 Πυθόμενος
514 2463 543 2521 δὲ
555 2467 643 2522 ταῦτα
656 2464 672 2522 ὁ
684 2468 809 2540 Δαρεῖος,
819 2467 864 2524 καὶ
875 2469 927 2524 151

83 2552 226 2621 συλλέξας
246 2551 360 2610 ἅπασαν
377 2550 428 2625 τήν
446 2554 546 2609 ἐωυτοῦ
565 2549 687 2628 δύναμιν,
703 2553 882 2629 ἐστρατείετο

90 2638 226 2663 ,τοι
441 2637 557 2661 ιιι

83 2666 119 2698 επ
142 2665 249 2702 αυτους·
267 2639 408 2701 ἐπελάσας
422 2639 451 2697 δε
465 2645 511 2697 ἐπι
523 2664 574 2713 την
584 2640 744 2712 Βαβυλῶνα
757 2641 882 2717 ἐπολιόρ-

82 2752 128 2786 κεε
143 2728 340 2803 φροντίζοντας
354 2725 488 2801 οὖδέντῆς
501 2728 672 2801 πολιορκίης·
687 2726 884 2802 ἀναβαίνοντες

82 2815 138 2895 γάρ
157 2816 202 2874 ἐπὶ
220 2816 286 2876 τοῦς
303 2819 503 2893 προμαχεῶνας
520 2818 570 2873 τοῦ
588 2814 694 2891 τείχεος
708 2817 734 2872 οἱ
747 2815 883 2891 Βαβυλοί·

84 2928 136 2962 νιοι
153 2903 350 2980 κατωρχέοντο,
365 2902 411 2960 καὶ
432 2902 627 2961 κατέσκωπτον
641 2905 760 2977 Δαρεῖον
774 2905 819 2961 καὶ
832 2903 883 2978 τήν

82 2991 218 3067 στρατιήν
235 2989 329 3048 αὐτοῦ·
352 2991 400 3047 καί
416 3016 457 3052 τις
475 2989 566 3048 αὐτῶν
584 2988 644 3046 εἶπε
662 2994 745 3048 τοῦτο
758 2991 792 3049 τῦ
808 2992 880 3052 ἐπος·
941 3014 944 3019 ’

81 3087 100 3112 “
108 3079 138 3136 τί
150 3078 274 3154 κάτησθε
289 3078 414 3147 ἐνθαῦτα,
430 3077 450 3136 ὦ
464 3079 583 3154 Πέρσαι,
593 3075 658 3134 ἀλλ’
669 3076 718 3134 οῦκ
732 3077 882 3138 οἶπαλλάσ·

319 3163 326 3181 λ
382 3167 390 3186 θ
419 3165 426 3184 Ι
521 3164 529 3184 (
623 3168 630 3187 ἳ
677 3164 683 3184 λ
725 3165 732 3184 (
763 3167 768 3186 Ι

80 3167 170 3225 σεσθε
179 3191 187 3235 ;
208 3164 274 3224 τότε
289 3191 345 3244 γαρ
362 3189 492 3242 αιρησετε
509 3165 599 3243 ημέας
620 3189 705 3222 επεαν
719 3166 897 3240 ημιουοιιὶ·

77 3251 182 3366 Μ’)σιήή
191 3256 276 3311 Τοῦτο
291 3251 353 3312 εἷπε
365 3258 422 3316 Τῶν
435 3281 481 3321 τις
493 3254 696 3335 Βαβυλωνίων
707 3251 827 3328 οῦδαμέι
838 3245 925 3303 ’ἐδιπλ-
