2040 3464
113 105 222 170 29-32]
457 108 591 159 σικυιι.
864 113 912 159 ιιι

113 207 147 256 ν
113 186 188 241 οἱ
204 181 274 260 άνὴρ
293 186 427 261 Περσέων
443 185 621 255 πιστότατος,
640 184 842 246 ἀποκτενέοντά
854 211 912 262 μιν·

112 295 128 327 ο
120 268 180 328 δὲ
201 269 345 346 ἇναβας’
332 298 360 335 ες
380 272 515 336 Σοῦσα
496 274 638 334 απέκτεινε
659 274 840 351 Σμέρδιν,
814 299 841 332 οι
860 277 912 350 μὲν

111 357 230 437 λέγουσι
250 358 293 416 ἐπ’
312 358 402 440 ἅγρην
421 359 601 441 ἐξαγαγόντα,
620 363 647 420 οἶ
665 361 702 431 δὲ,
720 367 747 424 ἐς
762 359 814 436 την
831 359 910 437 ’Epu-

111 443 181 519 θρην
195 443 348 506 θάλασσαν
361 447 580 529 προσαγαγόντα
594 453 816 507 καταποντῶσαι.

152 535 271 608 Πρῶτον
295 536 347 610 μὲν
373 534 407 609 δη
428 537 547 615 λέγουσι
568 535 715 614 Καμβύσῃ
738 540 793 594 τῶν
819 537 951 596 κακῶν3]

109 617 193 694 άρξαι
205 623 300 680 τοῦτο.
337 621 451 698 δεύτερα
464 622 494 680 δὲ
508 621 679 702 ἐξεργάσατο
692 621 745 697 την
758 621 909 698 α’δελφεην,

111 707 302 783 ἐπισπομένην
319 711 347 768 οἶ
367 714 395 772 ἐς
414 709 564 815 Αἴγυπτον,
585 712 622 788 τῇ
642 708 688 767 καὶ
708 711 842 768 συνοίκεε
863 709 909 768 καὶ

722 799 730 819 Χ
773 796 781 814 ἱ
808 796 816 818 λ
854 794 883 854 ἱδ

109 790 146 868 ἦν
159 796 185 852 οἱ
198 793 238 852 άπ
237 793 461 873 ὀἷμφοτέρων’
443 823 461 854 α
463 795 614 872 δελφεή·’
600 821 684 877 εγημε
703 795 733 855 δε
746 822 833 871 αυτην
847 797 898 854 ωδε

110 879 298 957 οὐδαμῶς
260 909 316 963 γαρ
343 883 466 943 ἐώθεσαν
494 883 630 960 πρότερον
656 886 724 962 τῇσι
751 883 907 962 άδελφεησι

110 970 261 1027 συνοικέειν
287 971 409 1046 Πέρσαι·
449 969 562 1048 ἠράσθη
588 975 654 1046 μιῆς
682 975 737 1029 τῶν
763 970 908 1046 ἀδελφεῶν

110 1056 280 1133 Καμβύσης,
310 1058 355 1116 καὶ
382 1058 476 1117 ἔπειτα
504 1057 680 1134 βουλόμενος
706 1057 792 1133 αὐτὴν
818 1063 908 1138 γῆμαι

109 1141 165 1220 (ὅτι
185 1143 236 1203 ούκ
257 1144 363 1204 ἐωθότα
384 1145 493 1206 ἐπενόεε
513 1145 653 1225 ποιήσειν)
675 1145 762 1221 εἴρετο
785 1147 908 1208 καλέσας

108 1229 173 1293 τούς
184 1232 355 1307 βασιληίους
368 1232 501 1296 δικαστάς
519 1233 545 1292 εί
557 1234 599 1296 τίς
619 1239 681 1291 ἐστι
700 1232 811 1290 κωλύων
824 1232 908 1307 νόμος

108 1316 158 1376 τόν
169 1319 346 1396 βουλόμενον
356 1320 482 1397 ἀδελφεῇ
495 1319 664 1387 συνοικέειν;
682 1321 708 1376 οἱ
718 1320 747 1377 δὲ
757 1319 907 1394 βασιλήϊοι

109 1404 238 1465 δικασταὶ
254 1408 409 1483 κεκριμένοι
424 1407 519 1483 ἄνδρες
535 1407 659 1487 γίνονται
677 1406 818 1482 Περσέων,
833 1411 860 1468 ἐς
874 1404 905 1464 οὗ

109 1491 272 1553 ἀποθάνωσι
291 1494 310 1569 ἥ
330 1502 387 1570 σφι
404 1496 560 1574 παρευρεθῇ
578 1520 606 1555 τι
622 1492 724 1562 άδικον,
745 1494 828 1570 μέχρι
845 1492 907 1551 τού-

109 1605 169 1639 του·
189 1578 267 1641 ούτοι
288 1583 318 1640 δέ
340 1587 417 1642 τοῖσι
441 1583 573 1660 Πέρσῃσι
597 1581 673 1645 δίκας
696 1581 839 1652 δικάζουσι
860 1581 906 1639 καὶ

110 1667 242 1748 ἐξηγηταὶ
257 1673 312 1729 τῶν
331 1671 454 1747 πατρίων
469 1666 582 1745 θεσμῶν
602 1669 734 1749 γίνονται·
756 1669 801 1727 καὶ
816 1668 907 1727 πάντα

110 1759 139 1816 ἐς
150 1754 263 1820 τούτους
276 1755 434 1816 άνακέαται·
455 1759 596 1834 εἰρομένου
612 1756 649 1816 ῶν
665 1760 716 1815 τοῦ
734 1755 906 1832 Καμβύσεω,

109 1841 288 1919 ύπεκρίνοντο
315 1843 388 1923 αύτῷ
415 1842 493 1905 οὗτοι
513 1845 559 1903 καὶ
586 1845 677 1904 δίκαια
697 1846 744 1903 καὶ
763 1844 906 1920 άσφαλέα,

111 1929 233 2005 φάμενοι
253 1931 340 2007 νόμον
360 1930 457 1992 ούδένα
478 1933 645 2008 ἐξευρίσκειν
664 1931 695 1994 ῶς
713 1931 812 1990 κωλύει
828 1932 908 1991 ἀδελ-

110 2021 168 2095 φεῇ
183 2019 334 2078 συνοικέειν
348 2019 496 2095 α’δελφεόν·
517 2020 609 2079 ἄλλον
625 2020 721 2097 μέντοι
737 2021 908 2097 ἐξευρηκέναι

110 2104 205 2181 νόμον,
225 2110 264 2184 τῷ
282 2106 467 2182 βασιλεύοντι
486 2111 621 2184 Περσέων
640 2107 740 2176 ἐξεῖναι
760 2110 862 2167 ποιέειν
874 2107 908 2166 τύ

111 2191 144 2251 ἂν
156 2193 306 2269 βούληται.
334 2194 404 2254 οὕτω
418 2193 480 2254 οὔτε
493 2195 543 2255 τόν
553 2195 639 2272 νόμον
654 2197 758 2255 ἔλυσαν
769 2196 908 2258 δείσαντες

111 2280 281 2357 Καμβύσεα,
299 2283 344 2342 ἵνα
362 2309 394 2342 τε
414 2283 454 2360 μὴ
476 2283 554 2343 αὐτοὶ
574 2283 735 2342 ἀπόλωνται
753 2283 803 2342 τόν
823 2283 909 2359 νόμον

109 2369 343 2444 περιστέλλοντες
362 2372 532 2449 παρεξεῦρον
550 2369 641 2430 ἄλλον
657 2370 744 2445 νόμον
760 2370 910 2448 σύμμαχον

110 2460 149 2534 τῷ
162 2456 272 2516 θέλοντι
284 2459 399 2538 γαμέειν
412 2456 561 2534 ἀδελφεάς.
603 2458 668 2517 τότε
683 2459 734 2532 μὲν
751 2456 784 2532 δή
798 2456 815 2514 ὁ
829 2462 909 2532 Καμ·

110 2543 205 2620 βύσης
218 2545 304 2625 ἔγημε
315 2545 368 2620 την
386 2547 533 2622 ἐρωμένην·
554 2545 625 2621 μετά
641 2545 737 2621 μέντοι
753 2543 786 2602 ού
799 2542 907 2608 πολλῶν

110 2630 214 2709 χρόνον
234 2633 302 2712 ἔσχε
325 2632 418 2708 ἄλλην
440 2631 591 2708 α’δελφεήν·
625 2631 743 2693 τουτέων
766 2630 835 2706 δῆτα
857 2629 910 2705 την

111 2720 252 2796 νεωτέρην,
280 2721 470 2796 ἐπισπομένην
496 2723 523 2779 οἱ
555 2718 597 2778 ἐπ’
624 2721 776 2799 Αἴγυπτον,
804 2719 910 2778 κτείνει.

110 2804 203 2882 Ἀμφὶ
217 2807 246 2866 δὲ
258 2811 296 2885 τῷ
310 2808 418 2886 θανάτῳ
436 2807 521 2882 αὐτῆς
539 2807 620 2877 διξὸς,
635 2806 729 2881 ῶσπερ
745 2805 809 2882 περὶ
823 2806 911 2882 Σμέρ-
920 2806 958 2865 32

112 2893 178 2962 διος,
198 2895 312 2975 λέγεται
326 2893 423 2975 λόγος.
459 2894 598 2970 Ἕλληνες
616 2897 668 2971 μὲν
687 2895 813 2974 λέγουσι,
831 2899 912 2968 Καμ-

111 2979 207 3056 βύσεα
225 2982 401 3058 συμβαλέειν
419 2981 543 3056 σκύμνον
560 2982 674 3044 λέοντος
690 2981 812 3040 σκύλακι
825 2979 912 3050 κυνύς,

113 3068 238 3144 θεωρέειν
258 3070 288 3128 δέ
308 3072 355 3128 καὶ
374 3095 426 3144 την
445 3073 562 3149 γυναῖκα
581 3067 693 3144 ταύτην·
714 3070 863 3145 νικωμένου
883 3067 914 3125 δὲ

112 3180 163 3215 του
150 3155 332 3227 σκύλακος,
368 3155 510 3234 ἀδελφεῶν
544 3155 631 3219 αύτου
666 3157 761 3218 ἴαλλον
798 3153 941 3214 cmm·

105 3241 357 3320 άπαρρῆξανπα
323 3273 375 3308 τον
396 3248 509 3328 δεσμῶν
528 3245 805 3335 παραγενέσθαι
782 3269 821 3302 οι·
847 3236 909 3297 δύο
922 3233 968 3288 ἲ*
