2040 3464
94 106 237 170 135-139]
401 109 628 159 ΜΕΛΠΟΜΕΝΗ.
847 116 894 162 335

94 187 188 246 θεοῖσί
207 214 238 246 τε
266 187 312 246 καὶ
331 187 457 266 Σκύθῃσι
479 188 579 251 εἰδότες
598 188 691 267 χάριν·
714 190 764 250 τόν
782 190 811 250 δὲ
828 194 895 270 πρό-

92 292 174 351 τερον
193 276 273 334 ἐόντα
291 275 381 352 ύμέων
398 276 537 350 δεσπότην
552 276 631 353 ἡμεῖς
650 279 896 356 παραστησόμεθα

93 363 172 433 οἷτω,
201 363 274 423 ώστε
302 365 347 422 ἐπὶ
376 364 520 441 μηδαμούς
552 366 591 424 ἔτι
621 365 782 443 ἀνθρώπους
809 367 894 429 αύτὸν

93 451 349 530 στρατεύσασθαι.”

134 541 213 618 Πρός
228 545 315 600 ταῦτα
330 545 356 600 οἱ
369 539 462 604 Ἴωνες
476 541 670 617 ἐβουλεύοντο.
713 545 874 605 Μιλτιάδεω
885 549 941 608 137

92 632 144 707 μέν
156 635 206 688 τοῦ
222 629 372 706 Ἀθηναίου
387 630 607 709 στρατηγέοντος
626 632 671 688 καὶ
684 633 894 708 τυραννεύοντος

92 719 324 795 Χερσονησιτέων
349 722 404 777 τῶν
434 723 463 776 ἐν
492 716 696 797 Ἑλλησπόντῳ
722 717 757 794 ἦν
786 720 892 800 γνώμη,

92 806 240 866 πείθεσθαι
255 805 381 884 Σκύθῃσι
391 806 437 863 καὶ
450 805 614 881 ἐλευθεροῦν
626 805 740 882 Ἰωνίην·
755 806 891 868 Ἱστιαίου

92 893 122 952 δὲ
142 898 192 953 τοῦ
215 894 361 969 Μιλησίου
384 893 491 967 ἐναντίη
515 893 611 971 ταύτῃ,
633 895 765 974 λέγοντος
786 895 821 958 ώς
845 900 893 956 νῦν

91 985 143 1056 μὲν
163 982 208 1041 διαὶ
230 986 350 1058 Δαρεῖον
371 982 488 1043 ἕκαστος
504 980 594 1041 αύτῶν
609 982 765 1057 τυραννεύει
780 983 891 1047 πόλιος·

91 1074 141 1145 τῆς
162 1071 282 1146 Δαρείου
300 1070 330 1128 δὲ
346 1068 475 1146 δυνάμιος
492 1069 707 1145 καταιρεθείσης,
723 1068 786 1129 οὔτε
806 1071 890 1136 αύτὸς

91 1148 242 1232 Μιλησίων
260 1155 318 1220 οἷός
337 1183 369 1216 τε
392 1158 470 1216 ἔσται
492 1154 587 1234 ἄρχειν
605 1156 666 1216 ούτε
686 1157 775 1217 ἄλλον
794 1159 892 1219 οὐδένα

91 1243 228 1322 ούδαμῶν·
257 1243 456 1320 βουλήσεσθαι
483 1244 537 1324 γάρ
565 1245 685 1319 ἑκάστην
708 1249 763 1304 τῶν
785 1248 892 1306 πολίων

91 1332 331 1409 δημοκρατέεσθαι
342 1336 456 1408 μᾶλλον
469 1331 488 1408 ἢ
501 1331 723 1409 τυραννεύεσθαι,
757 1333 891 1394 Ἱστιαίου

91 1421 120 1479 δὲ
142 1421 255 1502 γνώμην
278 1419 382 1496 ταύτην
405 1419 644 1497 ἀποδεικνυμένου,
668 1420 767 1478 αὐτίκα
790 1420 892 1485 πάντες

89 1507 164 1583 ἦσαν
187 1509 370 1585 τετραμμένοι
391 1507 461 1584 πρός
480 1508 583 1583 ταύτην
606 1508 657 1583 τὴν
679 1508 799 1588 γνώμην,
824 1509 890 1586 πρό·

88 1621 170 1673 τερον
187 1596 239 1671 την
254 1595 415 1654 Μιλτιάδεω
435 1596 598 1672 αἱρεόμενοι.
626 1594 727 1654 Ἦσαν
746 1596 774 1654 δὲ
794 1594 938 1656 οὗτοι138

90 1687 118 1742 οἶ
131 1684 309 1762 διαφέροντές
326 1710 357 1742 τε
372 1683 424 1757 τήν
442 1689 540 1761 ψῆφον
557 1684 602 1742 καὶ
617 1683 706 1746 ἐόντες
719 1683 807 1765 λόγου
821 1686 891 1761 πρός

89 1772 243 1847 βασιλῆος·
264 1771 496 1847 Ἑλλησποντίων
514 1775 566 1848 μέν
581 1771 717 1849 τύραννοι,
732 1772 842 1846 Δάφνις
859 1799 890 1832 τε

89 1857 254 1936 Ἀβυδηνός,
278 1861 323 1918 καὶ
341 1860 496 1923 Ἵπποκλος
519 1860 717 1936 Λαμψακηνός,
740 1861 784 1918 καὶ
807 1860 890 1937 Ἡρό-

90 1954 196 2023 φαντος
221 1947 370 2024 Παριηνός,
394 1949 439 2006 καὶ
463 1949 649 2024 Μητρόδωρος
670 1948 889 2024 Προκοννήσιος,

90 2037 137 2093 καὶ
156 2035 360 2117 Ἀρισταγόρης
382 2037 542 2111 Κυζικηνὸς,
564 2038 610 2094 καὶ
630 2036 767 2113 Ἀρίστων
787 2038 886 2108 Βυζάνε

88 2149 157 2186 τιος·
188 2121 263 2183 οὗτοι
289 2127 341 2201 μὲν
366 2122 441 2199 ἦσαν
468 2128 494 2183 οἱ
521 2125 552 2194 ἐξ
576 2124 801 2199 Ἑλλησπόντου.
842 2125 890 2184 α’π’

88 2210 192 2287 Ἰωνίης
212 2212 249 2281 δὲ,
276 2212 409 2288 Στράττις
429 2238 460 2271 τε
484 2217 562 2282 Χῖος,
579 2213 625 2270 καὶ
646 2211 751 2287 Αἰάκης
775 2213 888 2288 Σάμιος,

89 2298 136 2358 καὶ
162 2300 312 2376 Λαοδάμας
339 2300 485 2368 Φωκαιεύς,
509 2301 554 2359 καὶ
580 2299 713 2361 Ἱστιαῖος
736 2299 889 2374 Μιλήσιος,

89 2390 140 2446 τοῦ
157 2385 192 2461 ἦν
209 2387 306 2467 γνώμη
321 2387 339 2462 ἡ
358 2388 524 2464 προκειμένη
542 2388 650 2463 ἐναντίη
669 2413 704 2464 τη
718 2386 889 2446 Μιλτιάδεω.

88 2476 214 2534 Αἰολέων
237 2476 266 2534 δὲ
293 2481 385 2552 παρῆν
411 2475 529 2556 λόγιμος
555 2479 657 2552 μοῦνος
683 2473 888 2555 Ἀρισταγόρης

89 2568 228 2639 Κυμαῖος.

131 2648 217 2710 Οὗτοι
231 2651 267 2711 ὧν
281 2653 342 2710 ἐπεί
353 2678 383 2712 τε
396 2650 448 2728 τὴν
460 2651 594 2711 Ἱστιαίου
609 2651 734 2727 αἶρέοντο
747 2649 869 2731 γνώμην,
881 2651 936 2708 139

88 2739 167 2808 ἔδοξέ
186 2746 242 2815 σφι
260 2739 330 2816 πρός
346 2744 434 2799 ταῦτα
453 2739 519 2799 τάδε
537 2741 603 2819 ἔργα
618 2765 648 2797 τε
663 2738 708 2795 καὶ
721 2738 788 2795 ἔπεα
801 2763 890 2814 προσ-

89 2829 186 2887 θεῖναι·
208 2833 259 2904 τῆς
271 2831 323 2904 μὲν
341 2829 466 2908 γεφύρης
482 2827 558 2887 λύειν
571 2826 605 2886 τά
620 2826 690 2884 κατά
704 2825 768 2887 τούς
782 2826 891 2890 Σκύθας

88 2915 179 2987 ἐόντα,
203 2916 281 2975 λύειν
304 2917 334 2975 δέ
357 2916 427 2976 ὅσον
447 2915 568 2990 τόξευμα
590 2915 745 2983 ἐξικνέεται·
777 2912 820 2972 ἵνα
845 2914 890 2971 καὶ

88 3005 192 3063 ποιέειν
210 3030 239 3064 τι
260 3004 377 3063 δοκέωσι
397 3008 537 3066 ποιεῦντες
557 3002 651 3079 μηδὲν,
669 3003 714 3060 καὶ
735 3004 762 3059 οἱ
783 3000 888 3065 Σκύθαι

86 3091 129 3168 μή
150 3091 287 3170 πειρῴατο
311 3093 445 3169 βιώμενοι
468 3092 527 3174 [καὶ
548 3089 734 3170 βουλόμενοι]
757 3090 890 3164 διαβῆναι

87 3179 139 3239 τόν
156 3179 272 3258 Ἴστρον
292 3183 363 3241 κατά
384 3181 436 3258 τὴν
455 3183 594 3266 γέφυραν·
623 3182 710 3240 εἰπεῖν
730 3201 767 3237 τε
781 3175 915 3274 λύοντας

78 3270 131 3340 τῆς
150 3269 277 3348 γεφύρης
298 3271 333 3332 τό
355 3278 386 3336 ἐς
411 3273 466 3351 τὴν
492 3270 644 3348 Σκυθικὴν
666 3269 752 3346 ἶχῦνι
773 3261 814 3322 ²3³²·
837 3274 942 3314 “mm
