2040 3464
82 107 191 175 ιι-ιι]
367 109 596 158 mmmmm,
835 118 849 162 -ι

80 188 156 266 παχύ
185 188 231 247 καὶ
257 189 357 265 μέλαν·
394 187 499 263 οὕνομα
525 187 556 246 δὲ
575 191 614 264 τῷ
634 186 802 263 ἀπορρέοντί
820 194 881 254 ε’στι

80 276 166 354 ἀσχυ·
184 279 268 335 τοῦτο
283 276 328 334 καὶ
342 276 471 352 λείχουσι
481 274 528 333 καὶ
540 274 662 355 γάλακτι
676 277 884 358 συμμίσγοντες

81 365 202 435 πίνουσι,
225 364 271 422 καὶ
289 363 345 422 ἀπά
363 367 414 437 τῆς
435 362 595 441 παχύτητος
611 360 695 420 αὐτοῦ
714 367 764 438 τῆς
780 365 882 446 τρυγάς

81 451 212 514 ταλάθας
239 451 411 519 συντιθέασι,
433 452 479 508 καὶ
499 449 600 512 ταύτας
626 450 775 510 σιτέονται·
817 453 885 530 πρό·

81 541 159 614 βατα
174 538 229 619 γάρ
246 544 302 614 σφι
311 538 350 609 Ῡού
371 537 468 596 πολλά
482 543 552 597 ἐστι·
574 537 606 596 ού
624 536 679 617 γάρ
692 563 720 597 τι
734 541 885 602 σπουδαῖαι

82 627 166 703 νομαὶ
186 626 284 686 αὐτόθι
305 627 370 686 εἰσί·
391 626 447 684 ύπά
469 625 582 704 δενδρέῳ
603 624 633 683 δὲ
656 626 773 691 ἕκαστος
793 630 884 688 κατοί-

83 741 173 789 κηται·
193 714 243 773 τόν
260 717 311 789 μὲν
326 718 457 793 χειμῶνα,
476 712 558 771 ἐπεάν
578 711 611 771 τό
628 712 753 790 δένδρεον
772 741 883 792 περικα·

83 802 161 882 λύψῃ
176 803 249 879 πίλῳ
266 806 373 882 στεγνῷ
391 805 488 878 λευκῷ,
509 799 542 858 τά
562 800 591 859 δὲ
608 800 687 875 θέρος
707 800 770 862 ἀνευ
788 804 884 865 πίλου.

83 891 196 953 τούτους
211 889 298 952 ου’δεὶς
312 890 414 948 ἀδικέει
429 887 590 965 ἀνθρώπων·
613 890 666 964 ἱροὶ
682 889 737 969 γάρ
753 891 884 972 λέγονται

85 978 163 1036 εἶναι·
185 976 248 1036 ούδέ
260 1002 288 1036 τι
301 975 399 1053 ἀρήϊον
412 976 502 1035 ὅπλον
521 977 655 1035 ἐκτέαται·
677 979 722 1036 καὶ
738 985 821 1039 τοῦτο
834 983 886 1056 μὲν

84 1069 160 1124 τοῖσι
177 1068 364 1141 περιοικέουσι
383 1062 462 1123 οὗτοί
476 1069 531 1122 εἶσι
553 1067 579 1123 οἱ
595 1063 645 1125 τάς
664 1065 800 1143 διαφοράς
818 1068 885 1127 διαι·

84 1154 201 1229 ρέοντες·
218 1153 341 1211 τοῦτοδὲ
355 1151 385 1214 ὃς
398 1149 432 1210 ἀν
442 1152 552 1230 φεύγων
561 1152 709 1232 καταφύγῃ
724 1160 751 1217 ἐς
763 1153 884 1228 τούτους,

85 1240 132 1298 ἀπ’
149 1240 258 1303 ούδενὸς
275 1240 421 1299 ἀδικέεται·
443 1238 547 1316 οὕνομα
568 1240 600 1298 δέ
619 1241 677 1314 σφί
696 1241 881 1322 ε’στιἈργιπι

108 1332 165 1387 αἳοῑ,

128 1423 222 1495 Μέχρι
248 1417 300 1492 μέν
326 1441 374 1475 νυν
396 1420 451 1476 τῶν
473 1419 627 1495 φαλακρῶν
653 1416 764 1488 τούτων,
788 1418 881 1494 πολλῆ
895 1421 932 1478 24

87 1505 252 1582 περιφάνεια
278 1508 328 1579 τῆς
354 1503 446 1582 χώρης
473 1505 542 1574 ἐστὶ,
570 1505 616 1562 καὶ
644 1509 699 1565 τῶν
729 1507 887 1582 ἔμπροσθεν

88 1595 194 1654 ἐθνέων·
210 1594 255 1651 καὶ
268 1593 322 1673 γάρ
334 1594 461 1655 Σκυθέων
470 1596 541 1654 τινὲς
552 1592 727 1653 ἀπικνέονται
741 1601 768 1656 ἐς
778 1594 885 1663 αὐτούς,

87 1684 141 1747 τῶν
160 1680 192 1740 ού
209 1680 337 1759 χαλεπόν
356 1688 417 1739 ἐστι
437 1681 585 1750 πυθέσθαι,
605 1682 651 1739 καὶ
668 1681 813 1757 Ἑλλήνων
833 1687 888 1742 τῶν

88 1775 118 1829 ἐκ
132 1768 321 1845 Βορυσθένεός
338 1793 368 1826 τε
390 1769 524 1845 ἐμπορίου
545 1769 591 1826 καὶ
608 1773 662 1828 τῶν
678 1769 773 1829 ἀλλων
787 1777 887 1829 Πονπι·

89 1860 143 1917 κων
163 1859 310 1934 ἐμπορίων·
332 1858 458 1919 Σκυθέων
476 1857 506 1915 δὲ
522 1856 549 1914 οἳ
567 1855 600 1916 ἂν
617 1858 721 1918 ἔλθωσι
741 1864 768 1921 ἐς
780 1858 886 1927 αὐτούς,

89 1945 123 2005 δι’
144 1945 213 2004 ἔπτά
232 1945 368 2022 ἑρμηνέων
385 1945 432 2002 καὶ
450 1943 484 2003 δι’
498 1944 567 2003 ἔπτά
584 1948 740 2026 γλωσσέων
753 1947 886 2024 διαπρήσ·

90 2059 196 2093 σονται.
246 2034 341 2111 Μέχρι
359 2036 411 2109 μὲν
431 2032 465 2107 δή
485 2032 589 2092 τούτων
608 2032 782 2114 γινώσκεται·
802 2035 934 2094 τάδὲ25

88 2125 143 2181 τῶν
157 2125 310 2198 φαλακρῶν
326 2120 479 2196 κατύπερθε
493 2120 581 2183 οὐδεὶς
599 2120 732 2198 ἀτρεκέως
745 2123 802 2182 οἶδε
816 2122 886 2199 φρά-

89 2236 150 2269 ται·
184 2208 267 2285 ούρεά
286 2235 317 2267 τε
336 2207 391 2289 γάρ
418 2207 516 2286 ύψηλά
542 2209 698 2285 ἀποτοίμνει
718 2209 821 2287 ἀβατα,
843 2211 889 2268 καὶ

90 2297 179 2361 ούδείς
193 2303 272 2373 σφεα
290 2296 463 2372 ὑπερβαίνει·
485 2300 512 2355 οἱ
532 2297 561 2355 δὲ
583 2299 726 2374 φαλακροὶ
747 2295 824 2357 οὗτοι
844 2298 889 2356 λέ-

92 2412 174 2467 γουσι
187 2385 261 2461 (ἐμοὶ
274 2387 325 2459 μὲν
339 2383 371 2442 ού
384 2383 474 2443 ττιστά
492 2384 632 2463 λέγοντες)
647 2386 745 2444 οἰκέειν
757 2384 793 2442 τά
807 2383 889 2461 οὔρεα

90 2474 235 2555 αἰγίποδας
262 2471 370 2549 ἀνδρας·
408 2471 564 2548 ὑπερβάντι
590 2472 620 2530 δὲ
648 2472 761 2535 τούτους
786 2471 891 2535 ἀλλους

90 2562 259 2640 ἀνθρώπους,
280 2561 307 2619 οἳ
321 2560 372 2634 τὴν
391 2559 527 2635 ἑξάμηνον
545 2559 720 2619 καθεύδουσι.
760 2560 891 2619 τοῦτοδὲ

90 2649 141 2708 ούκ
162 2649 305 2725 ἐνδέκομαι
325 2646 400 2728 [τὴν]
417 2647 516 2724 ἀρχήν·
538 2646 614 2705 ἀλλά
635 2647 668 2706 τὸ
689 2652 740 2724 μὲν
760 2647 831 2723 πρὸς
851 2648 891 2723 ἤῶ

90 2742 146 2797 τῶν
166 2740 319 2812 φαλακρῶν
344 2735 512 2815 γινώσκεται
537 2734 702 2817 [ἀτρεκέως]
722 2736 776 2794 ύπδ
796 2734 891 2811 Ἰσση·

91 2826 176 2886 δύνων
190 2822 410 2900 οἰκεόμενον-’τὰ
431 2825 526 2898 μέντοι
543 2823 696 2900 κατύπερθε
717 2824 787 2900 πρὸς
799 2825 892 2901 βορῆν

92 2914 194 2990 ἀνεμον
208 2912 240 2971 οὐ
256 2914 430 2992 γινώσκεται,
445 2910 508 2968 ούτε
521 2914 577 2969 τῶν
594 2917 745 2988 φαλακρῶν
760 2911 821 2970 οὔτε
839 2917 893 2971 τῶν

92 3004 270 3078 Ίσσιγδεϊων,
299 3003 322 3058 εἰ
348 3000 387 3077 μὴ
416 2999 472 3059 ὅσα
499 2998 589 3058 αὐτῶν
615 3000 718 3059 τούτων
745 3000 892 3080 λεγόντων.

93 3091 219 3168 Νύμοισι
238 3090 267 3147 δὲ’
282 3086 444 3162 Ἰσσηδόνες
461 3091 594 3147 τοιυισίδε
610 3089 741 3169 λέγονται
758 3090 892 3167 χρᾶσθαι·
902 3090 939 3148 26

94 3180 177 3240 ἐπεάν
190 3178 269 3256 ἀνδρὶ
282 3174 409 3255 ἀποθάνῃ
427 3175 532 3253 πατὴρ,
545 3178 574 3235 οἱ
591 3176 792 3254 προσήκοντες
807 3175 920 3234 &vm

90 3267 268 3345 τροσάγαυσι
285 3261 433 3342 πρόβατα·
476 3276 527 3327 και
544 3267 647 3327 ἔπειτα
662 3269 764 3325 ταῦτα.
779 3258 842 3320 δύο
849 3278 948 3318 mm

164 3359 196 3396 ιιι
