2040 3464
129 113 160 156 54
439 112 621 160 ἨΡΟΔΟΤΟΤ
890 107 927 168 [Ῑο

128 185 172 260 ἦν·
193 187 277 263 χωρὶς
296 187 417 269 μὲνγὰρ
435 188 538 265 φόρων,
555 187 712 269 (ἔπρησσον
729 185 786 267 γάρ
805 183 927 245 ἑκάστων

129 271 162 332 τό
176 273 322 333 ἑκάστοισι
336 274 516 351 ε’πιβάλλον,)
530 276 614 353 χωρὶς
627 276 656 334 δὲ
672 278 721 334 τοῦ
737 273 828 350 φόρου
840 271 929 349 ἥρπα·

129 361 176 431 ζον
192 361 417 438 περιελαύνοντες
433 368 517 422 τοῦτο
534 363 550 422 ὅ
568 389 596 422 τι
614 363 703 440 ἔχοιεν
720 363 843 420 ἔκαστοι.
884 362 931 420 καὶ

129 448 232 508 τούτων
252 450 304 525 μὲν
323 449 388 512 τούς
407 454 529 513 πλεῦνας
549 449 698 525 Κυαξάρης
717 475 748 508 τε
769 449 815 506 καὶ
835 448 930 523 Μῆδοι

130 536 297 604 ξεινίσαντες
317 539 364 596 καὶ
383 538 626 614 καταμεθύσαντες
646 535 862 612 κατεφόνευσαν·
884 537 931 596 καὶ

130 624 200 684 οὕτω
217 624 396 685 αἷνεσάσαντο
412 627 463 701 την
481 625 570 704 α’ρχὴν
588 625 684 700 Μῆδοι
702 625 749 683 καὶ
767 623 931 700 ἐπεκράτεον

128 716 183 771 τῶν
192 738 245 788 περ
259 712 461 790 καὶπρότερον·
482 715 528 772 καὶ
540 713 592 789 τη’ν
604 738 635 771 τε
648 715 736 772 Νῖνον
750 711 834 781 εἶλον,
844 710 892 789 (ὦς
901 712 931 770 δὲ

131 800 215 870 εἷλον,
230 806 258 859 ἐν
275 801 395 876 ἑτέροισι
408 800 523 881 λόγοισι
538 798 676 880 δηλώσω)
692 800 738 858 καὶ
750 798 815 860 τούς
826 798 931 858 Ἀσσυ-

129 888 205 964 ρίους
220 887 395 966 ὑποχειρίους
409 888 577 964 ἐποιήσαντο
595 888 671 962 πλὴν
683 891 734 963 τῆς
747 888 931 962 Βαβυλωνίης

129 977 237 1052 μοίρης·
258 976 329 1052 μετὰ
347 975 490 1046 δὲταῦτα,
508 975 656 1052 Κυαξάρης
673 977 733 1051 μὲν,
752 973 932 1049 βασιλεύσας

130 1062 337 1139 τεσσεράκοντα
352 1064 413 1122 ἔτεα
425 1063 479 1122 σύν
491 1068 567 1124 τοῖσι
581 1062 686 1127 Σκύθαι
698 1061 793 1139 ἧρξαν,
804 1065 931 1142 τελευτᾷ.

86 1152 140 1210 107
152 1150 352 1209 Ἐκδέκεταιδὲ
365 1150 525 1232 Ἀστυάγης
538 1150 690 1227 Κυαξάρεω
703 1153 769 1212 παῖς
781 1148 833 1224 τὴν
844 1151 932 1225 βασι-

129 1239 221 1314 ληίην·
239 1239 287 1297 καί
298 1242 325 1298 οἶ
339 1241 447 1319 ἐγένετο
461 1238 629 1320 θυγάτηρτῇ
644 1236 748 1313 οὔνομα
761 1239 839 1297 ἔθετο
852 1244 932 1298 Μαν-

130 1326 223 1402 δάνην·
243 1326 296 1402 την
320 1327 409 1386 ε’δόκεε
429 1326 589 1408 Ἀστυάγης
609 1331 638 1385 ἐν
658 1331 696 1404 τῷ
715 1325 791 1404 ὕπνῳ
812 1325 951 1402 ου’ρῆσαι

129 1419 265 1475 τοσοῦτον
284 1414 356 1474 ὥστε
376 1419 489 1489 πλῆσαι
508 1418 560 1490 μὲν
576 1413 628 1490 την
647 1417 747 1472 ἑωυτοῦ
763 1412 855 1483 πόλιν,
873 1418 932 1472 ε’ττι·

131 1504 304 1563 κατακλύσαι
321 1504 350 1562 δὲ
372 1504 418 1561 καὶ
437 1502 489 1577 τὴν
504 1502 605 1578 Ἀσίην
620 1507 726 1561 πᾶσαν·
747 1500 932 1578 ὑπερθέμενος

129 1591 159 1648 δὲ
174 1595 229 1650 τῶν
245 1590 342 1671 μάγων
354 1594 430 1650 τοῖσι
447 1590 653 1668 ὀνειροπόλοισι
668 1589 701 1649 τδ
718 1588 851 1659 ε’νύπνιον,
865 1593 931 1665 ε’φο·

128 1677 207 1754 βήθη
220 1678 284 1756 παρ’
298 1678 387 1738 αὐτῶν
400 1677 470 1738 αὐτὰ
482 1676 711 1754 ἔκασταμαθοίν.
744 1675 816 1753 μετά
828 1677 866 1746 δὲ,
879 1677 932 1752 την

130 1765 281 1841 Μανδάνην
292 1765 402 1840 ταύτην,
415 1771 516 1825 ἐοῦσαν
528 1765 581 1841 ἥδη
594 1764 692 1843 οἷνδρδς
705 1763 815 1841 ὦραίην,
826 1763 931 1840 Μήδων

129 1855 181 1928 μὲν
197 1857 252 1912 τῶν
269 1856 367 1912 ἑωυτοῦ
384 1852 467 1922 α’ξίων
483 1853 572 1912 ούδενὶ
589 1853 660 1912 διδοῖ
673 1856 791 1932 γυναῖκα
805 1851 932 1916 δεδοικῶς

130 1939 182 2015 την
192 1939 265 2016 ὄψιν·
280 1940 296 2001 ὁ
310 1941 339 1999 δὲ
352 1944 452 2020 Πέρσῃ
464 1941 535 2000 διδοῖ
545 1946 583 2018 τῷ
596 1940 701 2015 οὕνομα
714 1939 749 2015 ἦν
759 1939 931 2016 Καμβύσης,

128 2027 178 2087 τᾶν
191 2027 302 2104 εὕρισκε
315 2029 402 2104 οἰκίης
417 2033 469 2105 μὲν
482 2027 562 2088 ε’όντα
576 2028 683 2109 ἀγαθῆς
700 2027 805 2104 τρόπου
820 2028 849 2086 δὲ
862 2028 932 2102 ἡσυ-

128 2116 200 2192 χίου,
211 2120 311 2194 πολλῷ
322 2117 412 2194 ἔνερθε
425 2117 499 2196 ἄγων
509 2115 593 2176 αύτόν
605 2117 695 2192 μέσου
708 2114 806 2192 οἷνδρός
818 2115 931 2191 Μήδου.

85 2205 139 2262 108
149 2203 349 2279 Συνοικεούσης
373 2205 402 2262 δὲ
424 2209 462 2283 τῷ
486 2203 634 2283 Καμβύση
657 2208 708 2279 τῆς
731 2201 889 2278 Μανδάνης,
914 2203 931 2264 ὀ

128 2289 285 2372 Ἀστυάγης
303 2296 341 2369 τῷ
359 2292 457 2370 πρώτῳ
472 2293 525 2351 ἔτεϊ
544 2291 598 2350 εἶδε
617 2290 709 2367 ἄλλην
723 2291 797 2369 ὄψιν.
839 2290 931 2352 ε’δόκεε

128 2379 160 2439 δέ
182 2383 208 2439 οἱ
222 2385 251 2438 ἐκ
273 2384 328 2439 τῶν
351 2381 459 2439 αἰδοίων
485 2384 535 2455 τῆς
559 2378 694 2460 θυγατρός
719 2379 821 2454 ταύτης
845 2383 931 2454 φῦναι

129 2466 266 2543 ἄμπελον,
274 2467 325 2543 τήν
337 2468 366 2526 δὲ
380 2467 508 2543 ἄμπελον
518 2471 645 2545 ἐπισχεῖν
654 2466 705 2541 την
714 2466 815 2542 Ἀσίην
823 2471 930 2528 πᾶσαν·

129 2555 192 2615 ἰδῶν
208 2557 237 2615 δὲ
253 2561 336 2615 τοῦτο
355 2558 401 2614 καὶ
419 2555 603 2632 ύπερθέμενος
619 2559 696 2615 τοῖσι
713 2554 931 2632 ὀνειροπόλοισι,

129 2645 327 2722 μετεπέμψατο
342 2648 371 2702 ἐκ
387 2648 441 2703 τῶν
455 2645 588 2720 Περσέων
601 2643 653 2718 την
667 2643 804 2723 θυγατέρα
818 2643 931 2703 ἐπίτεκα

130 2736 240 2804 εὀῦσαν,
267 2732 437 2808 άπικομένην
463 2733 493 2792 δὲ
520 2731 669 2807 ἐφύλασσε
695 2730 871 2808 βουλόμενος
896 2731 930 2791 τδ

128 2821 298 2901 γεννώμενον
312 2821 343 2890 ἐξ
354 2819 439 2895 αὐτῆς
453 2820 621 2897 διαφθεῖραι·
640 2825 670 2878 ἐκ
683 2819 737 2900 γάρ
749 2823 776 2879 οἱ
788 2824 839 2894 τῆς
851 2819 930 2898 ὄψιος

129 2912 155 2967 αἱ
173 2914 228 2968 τῶν
245 2908 342 2988 μάγων
361 2907 535 2985 ὀνειροπόλοι
555 2907 715 2984 ἐσήμαινον,
730 2906 773 2966 δτι
790 2907 931 2984 μέλλουαε

127 3001 177 3072 τῆς
190 2995 326 3077 θυγατρός
343 2996 428 3055 αύτοΰ
441 2995 523 3076 γόνος
539 2995 725 3071 βασιλεύσειν
739 2995 799 3055 άντὶ
816 2998 930 3055 ἐκείνου.

127 3088 215 3144 ταῦτα
228 3083 262 3158 δη
277 3083 313 3143 ὧν
327 3082 547 3159 φυλασσόμενος
562 3082 578 3141 ὁ
590 3081 758 3164 Ἀστυάγης,
773 3083 808 3146 ὦς
822 3085 931 3164 ἐγένετο

109 3167 251 3246 σ’Κιῗρος,
266 3172 397 3236 καλέσας
405 3171 555 3254 Ἅρπαγον
573 3168 662 3250 ἄνδρα
678 3171 793 3247 οἰκήῖον,
806 3172 852 3230 καὶ
865 3197 932 3232 πισ·

93 3250 221 3315 τιν’τατάν
231 3283 267 3320 τε
279 3259 393 3336 Μήδων
408 3264 459 3324 καὶ
472 3261 590 3324 πάντων
603 3261 757 3340 ἐπίτροπον
767 3263 823 3319 τῶν
836 3261 952 3326 imus),
