2040 3464
124 121 156 162 ω
440 117 622 165 ἮνοΔοιου
892 113 928 176 [1.

77 195 114 251 49
124 196 248 271 χάλκεον
268 195 391 269 ἐπίθημα
414 195 526 257 ἐπιθείς.
566 194 608 252 Τά
627 196 680 270 μὲν
699 191 733 268 δή
755 197 785 252 ἐκ
806 197 930 267 Δελφῶν

125 279 195 339 οὕτω
213 285 252 358 τῷ
271 282 387 360 Κροίσῳ
405 282 541 360 ἐχρήσθη·
563 281 633 340 κατά
653 281 683 340 δὲ
698 281 750 355 τὴν
766 279 930 356 Ἀμφιάρεω

124 367 185 449 [τοῦ
201 369 346 451 μαντηίου]
364 369 521 445 ἀπόκρισιν,
537 369 586 428 οῦκ
605 371 659 448 ἔχω
678 369 753 427 εἶπαι
771 367 787 426 ὅ
804 394 832 427 τι
851 372 929 427 τοῖσι

124 456 244 515 Λυδοῖσι
255 458 357 535 ἔχρησε
367 456 508 531 ποιήσασι
518 458 582 534 περὶ
595 457 628 516 τό
639 456 697 532 ἱρόν
707 455 742 515 τά
752 455 930 532 νομιζόμενα·

127 540 159 602 οῦ
180 543 235 625 γάρ
259 544 296 603 ὧν
316 544 480 603 οὐδὲτοῦτο
500 545 613 625 λέγεται
633 543 708 602 ἄλλο
727 569 761 624 γε
780 541 799 620 ἡ
819 542 864 602 ὅτι
884 534 942 602 καί

125 634 207 690 τοῦτο
221 631 333 708 ἐνόμισε
347 631 481 707 μαντήϊον
494 631 608 710 ἀψευδὲς
623 631 765 706 ἐκτῆσθαι.

79 720 118 777 50
168 719 250 778 Μετοὶ
260 720 289 777 δέ
301 724 388 779 ταῦτα
399 720 515 797 θυσίησι
527 719 672 800 μεγάλῃσι
683 717 733 778 τόν
743 723 772 778 ἐν
785 720 933 793 Δελφοῖσι

128 806 191 866 θεόν
205 806 346 866 ἱλάσκετο·
364 806 464 882 κτήνεά
475 833 506 866 τε
519 807 573 886 γάρ
585 806 621 865 τοὶ
635 805 741 883 θύσιμα
753 804 843 865 πάντα
852 830 932 882 τρισ-

127 895 208 972 χίλια
230 895 321 964 ἔθυσε,
339 895 434 957 κλίνας
454 920 485 953 τε
507 893 674 972 ἐπιχρύσους
694 894 740 952 καὶ
762 892 932 973 ἐπαργύρους

129 982 174 1039 καὶ
194 981 301 1058 φιάλας
319 983 441 1060 χρυσέας
464 981 511 1040 καὶ
534 983 634 1057 εἵματα
656 979 802 1057 πορφύρεα
825 980 872 1038 καὶ
892 1005 931 1039 κι-

129 1069 224 1138 θῶνας,
247 1068 354 1144 νηήσας
376 1068 466 1146 πυρήν
491 1068 627 1149 μεγάλην,
650 1069 785 1126 κατέκαιε·
813 1067 932 1136 ἐλπίζων

127 1155 176 1215 τόν
190 1155 252 1215 θεόν
264 1155 377 1232 μᾶλλόν
389 1182 417 1215 τι
432 1154 558 1215 τούτοισι
574 1155 791 1230 ἀνακτήσεσθαι·
812 1154 934 1214 Λυδοῖσί

127 1269 159 1302 τε
171 1248 243 1302 πᾶσι
256 1249 380 1320 προεῖπε,
395 1242 469 1303 θύειν
485 1242 575 1302 πάντα
591 1243 652 1301 τινοὶ
670 1242 758 1301 αὐτῶν
774 1239 861 1320 τούτῳ
874 1241 891 1300 ὅ
903 1267 933 1302 τι

128 1332 188 1410 ἔχοι
206 1331 332 1395 ἕκαστος.
374 1330 409 1394 ὦς
428 1331 458 1389 δὲ
476 1335 506 1389 ἐκ
523 1335 574 1405 τὴς
597 1331 696 1405 θυσίης
716 1330 831 1410 ἐγένετο,
850 1354 932 1388 κατα-

127 1419 260 1498 χεάμενος
272 1418 380 1498 χρυσόν
396 1416 526 1488 άπλετον,
540 1417 709 1494 ἡμιπλίνθια
726 1418 756 1486 ἐξ
771 1415 854 1475 αῦτοῦ
871 1417 932 1494 ἐξὴ-

128 1510 220 1566 λαυνε·
243 1508 288 1565 ἐπὶ
304 1510 355 1583 μὲν
373 1507 407 1566 τά
424 1505 591 1584 μακρότερα,
608 1505 708 1564 ποιέων
726 1503 931 1573 ἑξαπάλαιστα·

129 1595 174 1652 ἐπὶ
190 1594 219 1653 δέ
233 1593 269 1653 τά
286 1593 456 1672 βραχύτερα,
470 1592 668 1669 τριπάλαιστα·
691 1592 762 1671 ῦψος
778 1593 815 1662 δὲ,
829 1596 932 1652 παλαι-

128 1686 234 1740 στιαῖα·
251 1681 368 1757 α’ριθμὸν
382 1682 419 1750 δὲ,
433 1682 614 1740 ἑπτακαίδεκα
627 1680 672 1738 καὶ
686 1679 791 1740 ἑκατόν·
811 1680 857 1738 καὶ
869 1707 932 1740 του·

127 1769 203 1838 τέων,
220 1768 349 1843 οἷπέφθου
367 1773 474 1847 χρυσοῦ
490 1769 618 1844 τέσσαρα
633 1768 726 1844 τρίτον
741 1767 932 1844 ἡμιτάλαντον

130 1857 247 1916 ἕκαστον
269 1857 394 1925 ἕλκοντα,
411 1857 446 1916 τά
469 1856 498 1914 δέ
519 1854 597 1913 ἄλλα
620 1854 810 1936 [ἡμιπλίνθια]
830 1861 933 1916 λευκοῦ

128 1949 236 2022 χρυσοῦ
250 1943 378 2020 σταθμόν
390 1943 551 2002 διτάλαντα.
582 1943 703 2002 ἐποιέετο
717 1943 746 2001 δὲ
760 1943 806 2001 καὶ
819 1943 933 2008 λέοντος

130 2031 222 2090 εἰκόνα
233 2035 341 2110 χρυσοῦ
355 2031 491 2107 ἀπέφθου,
508 2032 646 2089 ἕλκουσαν
663 2029 791 2107 σταθμόν
807 2030 932 2091 τάλαντα

130 2119 204 2177 δέκα·
221 2117 300 2180 οὗτος
310 2117 326 2178 ό
337 2120 414 2188 λέων,
427 2120 487 2177 ἐπεί
498 2144 528 2177 τε
542 2119 699 2177 κατεκαίετο
714 2118 729 2176 ό
744 2124 772 2176 ἐν
787 2122 932 2194 Δελφοῖσι

130 2207 203 2283 νηός,
220 2207 355 2266 κατέπεσε
373 2206 428 2265 οἷπό
444 2210 499 2265 τῶν
517 2205 711 2282 ἡμιπλινθίων·
734 2206 779 2265 ἐπὶ
797 2197 852 2284 γάρ
870 2207 933 2266 τού·

131 2321 206 2354 τοισι
230 2295 330 2372 ἵδρυτο·
355 2295 401 2353 καὶ
420 2299 470 2354 νῦν
489 2297 576 2352 κεῖται
596 2299 625 2353 ἐν
647 2297 685 2371 τῷ
708 2293 863 2370 Κορινθίων
884 2295 933 2371 θη-

132 2387 233 2462 σαυρῷ,
254 2384 341 2442 ἕλκων
358 2380 486 2458 σταθμόν
504 2381 626 2459 ἕβδομον
644 2381 842 2456 ἡμιτάλαντον·
867 2379 933 2441 α’πε·

84 2474 119 2530 51
131 2469 201 2545 τάκη
212 2470 267 2550 γάρ
281 2469 364 2529 αὐτοῦ
376 2470 508 2545 τέταρτον
520 2469 718 2546 ἡμιτάλαντον.
748 2468 934 2539 Ἐπιτελέσας

132 2558 162 2615 δὲ
175 2557 191 2616 ό
205 2561 330 2634 Κροῖσος
344 2562 431 2617 ταῦτα
446 2556 592 2634 ἀπέπεμπε
609 2563 636 2620 ἐς
653 2555 785 2632 Δελφοῦς
803 2556 850 2616 καὶ
866 2557 933 2616 τάδε

132 2643 210 2705 ἄλλα
231 2645 290 2721 ἅμα
311 2649 396 2706 τοῖσι·
422 2649 558 2722 κρητῆρας
579 2644 627 2703 δύο
647 2644 763 2725 μεγάθεϊ
783 2642 932 2723 μεγάλους,

132 2732 253 2812 χρύσεον
266 2734 312 2792 καὶ
324 2733 467 2814 ἀργύρεον·
488 2737 543 2792 τῶν
555 2732 572 2792 ὁ
584 2735 636 2809 μὲν
648 2732 767 2811 χρύσεος
781 2731 872 2790 ἐκέετο
887 2733 932 2791 ἐπὶ

134 2823 209 2892 δεξιοὶ
222 2821 327 2882 ἐσιόντι
340 2828 367 2884 ἐς
379 2820 428 2880 τόν
440 2820 515 2896 νηόν,
527 2819 543 2878 ὁ
557 2821 585 2879 δὲ
594 2819 727 2900 άργύρεος
738 2817 780 2878 ἐπ’
789 2817 932 2895 ἀριστερά·

134 2909 364 2988 (μετεκινήθησαν
375 2909 404 2966 δέ
414 2909 460 2966 καὶ
471 2906 547 2966 οῦτοι
556 2907 610 2966 ύπό
619 2907 669 2966 τόν
679 2906 745 2982 νηόν
755 2906 933 2977 κατακαέντα,

134 3000 180 3057 καὶ
190 2997 205 3058 ό
215 3000 266 3075 μὲν
275 2997 396 3075 χρύσεος
405 2999 492 3054 κεῖται
503 3000 578 3074 ἐντῷ
588 2995 786 3071 Κλαζομενίων
794 2995 933 3072 θησαυρῷ,

129 3087 221 3145 ἕλκων
232 3083 363 3162 σταθμόν
375 3084 486 3142 ἔννατον
497 3083 686 3159 ἡμιτάλαντον
700 3083 746 3140 καὶ
759 3083 798 3140 ἔτι
814 3080 934 3140 δυώδεκα

106 3172 213 3237 μνέας·
234 3171 257 3232 o‘
269 3175 301 3232 δὲ
316 3171 456 3256 α’ργύρεος
474 3173 522 3232 ἐπὶ
539 3176 590 3232 τοῦ
608 3170 743 3250 προνηίου
760 3173 812 3244 τῆς
829 3169 939 3246 γωνίης,

87 3257 219 3328 χωρέων
237 3260 398 3344 α’μφορέας
417 3263 601 3336 ἑξακοσίους·
623 3260 802 3338 ἐπικίρναται
820 3253 877 3334 ηῦρ
896 3252 956 3312 ῦτὶ
