2040 3464
129 116 160 161 ιι
440 115 624 163 ἨΡοΔοιου
895 113 930 177 [ι

81 191 118 251 87
128 191 166 249 ἔτι
184 194 233 249 τοῦ
251 191 337 267 πυρός
353 197 547 269 ἐπικρατῆσαι.
587 191 727 252 Ἐνθαῦπα
743 191 856 272 λέγεται
874 192 930 252 ὑπό

128 278 232 347 Λυδῶν,
248 283 374 354 Κροῖσον
387 279 513 354 μαθόντα
525 279 577 356 τῆν
591 279 686 356 Κύρου
699 279 882 359 μετάγνωσιν,
895 279 931 344 οἷς

129 391 186 442 ωρα
199 366 290 425 πάντα
302 369 355 442 μέν
371 366 457 442 ἄνδρα
469 367 627 444 σβεννύντα
639 367 672 426 τι)
691 371 747 442 πῦρ
766 366 930 441 δυναμένους

129 453 159 510 δὲ
173 451 263 512 οὐκέτι
277 456 457 528 καταλαβεῖν,
477 453 677 529 ἐπιβώσασθαι
694 452 745 513 τόν
761 452 929 514 Ἀπόλλωνα

129 540 351 617 ἐπικαλεόμενον,
376 542 401 600 εἰ
415 569 443 601 τι
459 546 486 602 οἱ
502 543 704 620 κεχαρισμένον
722 541 752 610 ἐξ
767 540 852 600 αὐτοῦ
869 543 931 602 ἐδω-

127 629 208 706 ρήθη,
219 634 398 706 παραστῆναι
408 631 454 689 καὶ
464 630 610 707 ῥύσασθαί
616 656 668 706 μεν
679 635 709 688 ἐκ
720 633 769 688 τοῦ
779 629 930 706 παρεόντος

129 721 223 775 κακοῦ·
249 717 299 776 τόν
320 720 372 794 μὲν
393 718 545 794 δακρύοντα
567 718 764 777 ἐπικαλέεσθαι
783 716 834 776 τόν
857 718 931 778 θεόν·

129 805 205 863 ἐκδὲ
222 805 329 882 αἰθρίης
345 830 376 864 τε
393 806 439 864 καὶ
456 807 584 882 νηνεμίης
604 806 785 882 συνδραμέειν
802 805 931 882 ἐξαπίνης

127 892 222 966 νέφεα,
237 894 282 950 καὶ
297 892 421 970 χειμῶνά
437 919 469 952 τε
486 897 691 973 καταρραγῆναι
708 894 753 950 καὶ
769 891 838 952 ὗσαι
850 892 930 957 ὕδατι

129 978 307 1058 λαβροτάτῳ,
336 982 570 1056 κατασβεσθῆναί
594 1007 625 1040 τε
648 979 700 1055 τῆν
727 975 826 1058 πυρήν·
860 981 930 1041 οὕτω

129 1067 162 1142 δῆ
183 1067 309 1144 μαθόντα
324 1066 374 1127 τόν
388 1073 482 1144 Κῦρον
496 1068 532 1130 ὦς
545 1068 586 1144 εἴη
603 1068 619 1128 6
633 1073 758 1144 Κροῖσος
776 1068 822 1126 καὶ
836 1069 930 1143 θεοφι-

127 1155 182 1230 λῆς
205 1156 251 1214 καὶ
273 1155 343 1232 αἶνῆρ
366 1156 479 1236 άγαθδς,
505 1156 741 1232 καταβιβάσαντα
765 1154 849 1215 αὐτόν
872 1155 929 1216 «ind

126 1248 176 1318 τῆς
209 1249 298 1320 πυρῆς
325 1245 448 1321 εἴρεσθαι
477 1243 552 1304 τάδε·
587 1249 725 1319 “Κροῖσε,
752 1244 794 1306 τίς
820 1269 856 1302 σε
881 1243 928 1302 dvo

128 1331 241 1408 θράπων
254 1332 393 1413 άνέγνωσε
406 1332 452 1391 ἐπὶ
464 1337 518 1413 γῆν
530 1332 582 1408 τῆν
594 1332 665 1408 ἐμῆν
684 1331 930 1408 στρατευσάμενον

127 1422 262 1496 πολέμιον
282 1420 344 1480 οἰντί
363 1421 451 1496 φίλου
470 1421 532 1496 ἐμοὶ
554 1419 754 1495 καταστῆναι;”
775 1419 839 1480 όδέ
860 1420 930 1478 εἶπε·

127 1507 169 1566 “ιί
189 1511 322 1584 βασιλεῦ,
344 1508 398 1589 ἐγοί
418 1512 505 1568 ταῦτα
525 1509 631 1584 ἔπρηξα
655 1511 691 1586 τῇ
711 1512 751 1585 σῇ
771 1509 822 1583 μέν
842 1505 930 1566 εὐδαι-

127 1598 209 1674 μονίη
222 1601 257 1675 τῇ
272 1600 406 1672 ἐμεωυτοῦ
418 1596 447 1654 δὲ
461 1596 666 1674 κακοδαιμονίῃ·
685 1595 771 1658 αἴτιος
784 1595 813 1653 δὲ
826 1594 931 1656 τούτων

130 1685 237 1763 ἐγένετο
252 1684 267 1743 6
281 1683 426 1759 Ἑλλήνων
439 1682 502 1746 θεός
515 1686 642 1760 ἐπαείρας
656 1686 704 1759 ἐμὲ
717 1681 929 1759 στρατεύεσθαι.

129 1771 217 1835 ου’δεὶς
237 1772 292 1852 γοίρ
315 1771 385 1831 οὕτω
406 1770 522 1846 οἷνόητός
542 1777 604 1830 ἐστι
621 1772 650 1834 δς
670 1797 712 1834 τις
732 1770 859 1846 πόλεμον
873 1770 930 1847 πρό

129 1857 236 1935 εἰρήνης
260 1860 389 1935 αἱρέεται·
417 1864 446 1917 ἐν
471 1863 523 1935 μὲν
547 1860 602 1939 γοίρ
629 1864 665 1938 τῇ
693 1862 720 1918 οἱ
745 1859 841 1921 παῖδες
865 1859 930 1923 τούς

127 1947 247 2023 πατέρας
260 1947 408 2006 θάπτουσι·
431 1951 459 2005 ἐν
473 1948 503 2005 δὲ
515 1951 560 2023 τῷ,
573 1951 600 2005 οἱ
613 1948 730 2022 πατέρες
741 1946 806 2009 τούς
818 1947 930 2010 παῖδας.

61 2047 66 2053 '
128 2033 204 2092 αἰλλαὶ
216 2039 304 2094 ταῦτα
317 2034 434 2109 δαίμοσί
446 2059 494 2093 κου
508 2036 596 2109 φίλον
605 2034 640 2109 ῆν
654 2035 724 2094 οὕτω
737 2033 894 2114 γενέσθαι.”

82 2125 119 2183 88
167 2121 201 2180 ‘O
212 2126 263 2198 μὲν
273 2126 361 2182 ταῦτα
375 2124 462 2202 ἔλεγε.
491 2127 585 2199 Κῦρος
595 2122 718 2184 δὲαιῖτὸν
729 2121 819 2184 λύσας
830 2121 931 2182 κάτισέ

128 2235 160 2269 τε
175 2210 257 2291 ἐγγιίς
270 2214 369 2271 ἑωυτοῦ
384 2212 430 2268 καὶ
444 2210 531 2286 κάρτα
546 2217 575 2268 ἐν
590 2214 688 2287 πολλῇ
704 2210 847 2287 προμηθίη
862 2210 929 2288 εἶχε,

128 2296 308 2374 οἰπεθόυμαζέ
325 2323 356 2358 τε
373 2298 458 2375 ὁρέων
474 2298 520 2356 καὶ
539 2296 622 2360 αὐτός
640 2299 686 2357 καὶ
702 2302 729 2356 οἱ
745 2298 810 2373 περὶ
827 2302 931 2358 ἐκεῖνον

130 2386 218 2449 ἐόντες
238 2386 348 2449 πάντες.
390 2386 406 2445 6
427 2387 457 2445 δὲ
476 2386 589 2464 συννοίῃ
608 2386 740 2464 ἐχόμενος
758 2385 866 2463 ἥσυχος
883 2385 929 2461 ῆν·

81 2549 84 2554 ι
128 2474 199 2550 μετὰ
218 2475 255 2544 δὲ,
275 2475 458 2552 ἐπιστραφείς
475 2500 507 2535 τε
526 2476 571 2532 καὶ
591 2475 714 2550 ἰδόμενος
731 2474 795 2536 τοιίς
814 2474 931 2550 Πέρσας

127 2561 161 2622 τό
178 2566 233 2622 τῶν
250 2563 348 2623 Λυδῶν
364 2561 437 2623 άστυ
454 2562 627 2640 κεραΐζοντας
644 2563 712 2621 εἰπε·
735 2561 778 2620 “υἰ
794 2563 930 2636 βασιλεῦ,

129 2650 228 2728 κότερα
240 2651 334 2731 λέγειν
346 2650 416 2727 πρδς
430 2653 465 2710 σὲ
477 2651 513 2710 τά
527 2651 610 2710 νοέων
622 2649 757 2730 τυγχάνω,
772 2648 790 2724 ἢ
804 2654 890 2729 σιγᾶν
900 2655 930 2711 ἐν

127 2743 166 2818 τῷ
178 2739 309 2816 παρεόντι
321 2737 378 2818 χρή
388 2737 414 2807 ;”
436 2743 529 2816 Κῦρος
544 2740 575 2798 δέ
588 2764 637 2815 μιν
651 2740 807 2814 θαρσέοντα
821 2738 930 2796 ἐκέλευε

128 2829 221 2907 λέγειν
240 2827 257 2886 ὅ
275 2852 304 2887 τι
323 2827 470 2903 βούλοιτο·
498 2827 514 2886 6
540 2827 569 2885 δὲ
592 2826 676 2886 αὐτόν
700 2825 806 2902 εἰρώτα,
828 2826 929 2906 λέγων·

129 2913 230 2978 “οὗτος
249 2913 266 2974 6
287 2914 396 2976 πολλός
417 2913 516 2988 ὅμιλος
535 2914 565 2972 τί
585 2919 673 2973 ταῦτα
697 2913 807 2990 σπουδῇ
828 2917 930 2991 πολλῇ

291 3000 427 3023 ”va

129 3001 289 3083 ἐργάζεται,
328 3028 344 3060 ο
358 3001 387 3059 δε
402 3026 470 3059 ειπε·
487 3001 593 3060 “πόλιν
605 3027 636 3060 τε
648 3001 700 3075 τῆν
714 3001 770 3076 σῆν
784 3000 930 3076 διαρπάζει

120 3091 173 3146 καὶ
185 3088 325 3166 χρήματα
344 3088 378 3146 τυῖ
400 3087 440 3146 ad
460 3087 630 3164 διαφορέει·”
652 3092 778 3163 Κροῖσος
802 3088 831 3146 δὲ
852 3087 930 3164 άμεί·

99 3174 194 3244 stero-
223 3175 313 3236 “οὔτε
329 3176 419 3236 πόλιν
434 3175 488 3254 τῆν
505 3176 576 3256 ἐμῆν
593 3174 657 3237 οἰτε
672 3176 806 3254 χρήματα
822 3173 857 3232 τὰ
878 3175 932 3247 ἐμοὶ

16 3300 19 3309 =
89 3253 261 3333 ὃιᾶρτᾶζεν
291 3263 380 3325 ου’δὲν
402 3264 461 3345 γάρ
484 3267 551 3341 ἐμοὶ
573 3266 615 3327 ἐτι
633 3263 743 3327 ταίτων
766 3262 843 3335 μέτα·
870 3257 950 3316 (Mt
