2040 3464
83 102 193 168 τιή-79]
249 155 252 159 ,
384 103 605 152 κυκιιοκυκα.
835 104 882 154 ιιι

80 181 192 245 πείθεος
210 185 261 241 τοῦ
280 180 463 261 Ἀγαθύρσων
483 183 630 256 βασιλέος·
653 181 762 258 Σκύλης
782 180 812 242 δέ
830 181 883 258 τήν

80 295 111 328 τε
125 270 282 344 βασιληίην
295 269 451 344 παρέλαβε,
466 269 511 326 καὶ
523 267 575 342 τήν
587 273 703 348 γυναῖκα
716 273 766 327 τοῦ
778 270 884 345 πατρδς

80 361 117 434 τῇ
131 355 235 431 ούνομα
248 355 283 431 ἧν
296 357 408 430 Ὀποίη·
429 354 464 430 ἦν
478 355 508 414 δὲ
520 354 589 430 αὕτη
602 355 620 431 η
633 355 736 430 Ὀποίη
751 354 834 430 άστὴ,
849 357 881 427 ἐξ

81 441 115 518 ἧς
128 442 287 519 ἧνὈρικος
299 441 471 518 ἈριαπείθεὶΙ
486 444 560 504 ποίς·
582 441 742 517 βασιλεύων
763 442 793 500 δὲ
811 445 879 506 Σκυ-

81 530 151 590 θέων
161 529 177 589 ὁ
190 530 300 605 Σκύλης
308 529 398 608 διαίτη
406 531 458 604 μὲν
469 526 594 604 οὐδαμῶς
601 529 737 605 ἠρέσκετο
748 530 878 608 Σκυθικῇ,

81 617 160 676 ἀλλὰ
170 617 280 676 πολλάν
290 616 359 692 πρός
368 616 404 676 τοὶ
412 615 566 691 Ἑλληνικά
574 620 687 690 μᾶλλον
695 618 881 693 τετραμμένος

83 703 117 779 ἦν
137 703 193 763 dc&
214 703 375 766 παιδεύσιος
394 707 444 778 τῆς
465 703 653 762 ἐπεπαίδευτο·
675 703 766 762 ἐποίεέ
781 730 811 763 τε
823 730 879 765 τοι·

81 795 158 851 οΰτο·
179 791 240 851 εὖτε
253 790 356 872 ἀγάγοι
371 789 424 866 τὴν
439 789 574 866 στρατιὴν
589 789 640 865 τὴν
658 790 785 853 Σκυθέων
805 796 832 853 ἐς
847 791 881 852 τδ

83 877 322 954 Βορυσθενεϊτέων
345 876 425 950 άστυ,
448 877 487 956 (οἱ
514 878 543 936 δὲ
569 877 783 953 Βορυσθενεῗται
805 877 882 939 οὗτοι

83 966 202 1046 λέγουσι
218 966 311 1041 σφέας
327 963 426 1027 αύτούς
445 964 514 1023 εἶναι
532 964 713 1045 Μιλησίους)
731 970 758 1028 ἐς
769 965 883 1030 τούτους

82 1051 153 1115 ὅκως
163 1054 240 1113 ἔλθοι
253 1052 270 1112 ὁ
285 1052 402 1128 Σκύλης,
411 1050 462 1126 τὴν
471 1054 522 1128 μὲν
533 1051 668 1128 στρατιήν
679 1053 881 1112 καταλείπεσκε

83 1145 114 1199 ἐν
132 1145 171 1219 τῳ
190 1141 356 1218 προαστείῳ,
371 1138 454 1201 αύτός
474 1139 503 1197 δέ
524 1138 592 1201 ὅκως
609 1140 686 1198 ἔλθοι
703 1145 730 1201 ἐς
742 1139 776 1199 τδ
790 1145 881 1219 τεῖχος

84 1229 131 1286 καὶ
148 1228 198 1291 τάς
216 1228 307 1291 πύλας
325 1227 492 1308 ἐγκληίσειε,
513 1227 565 1301 τήν
583 1226 691 1301 στολὴν
710 1226 881 1304 άποθέμενος

82 1314 135 1390 τήν
149 1316 295 1391 Σκυθικήν,
309 1315 438 1391 λάβεσκε
456 1313 490 1373 ἂν
506 1313 659 1389 Ἑλληνίδα
675 1315 790 1388 ἐσθῆτα·
812 1316 881 1393 ἔχων

83 1401 107 1460 δ’
117 1401 152 1462 ἂν
163 1402 266 1479 ταύτην
278 1403 406 1483 ἠγόραζε,
416 1401 478 1460 οὔτε
493 1401 654 1479 δορυφόρων
668 1402 806 1476 ἑπομένων
819 1401 882 1461 οὔτε

83 1488 174 1548 ἄλλου
187 1489 306 1552 οὐδενός·
322 1490 382 1568 (τοὶς
396 1489 426 1548 δὲ
438 1488 531 1551 πύλας
542 1489 717 1564 ἐφύλασσον,
726 1488 766 1564 μη
779 1491 820 1551 τίς
832 1515 881 1564 μιν

84 1577 211 1641 Σκυθέων
223 1578 277 1637 ἴδοι
290 1579 390 1655 ἔχοντα
402 1575 505 1652 ταύτην
517 1575 568 1650 τὴν
582 1574 711 1655 στολήν)
727 1577 772 1632 καὶ
785 1575 879 1634 τᾶλλα

83 1668 186 1742 ἐχρᾶτο
198 1665 288 1742 διαίτη
301 1663 466 1741 Ἑλληνικῇ,
478 1665 524 1722 καὶ
537 1663 628 1722 θεοῖσι
643 1663 688 1739 ἱρά
702 1663 791 1721 ἐποίεε
808 1664 878 1722 κατά

83 1751 185 1828 νόμους
204 1751 269 1814 τούς
289 1751 442 1826 Ἑλλήνων·
473 1749 520 1810 ὅτε
539 1750 569 1809 δὲ
590 1750 740 1828 διατρίψειε
763 1754 838 1826 μῆνα
860 1750 879 1826 ἦ

83 1839 173 1898 πλέον
196 1838 304 1909 τούτου,
330 1836 537 1897 ἀπαλλάσσετο
564 1836 641 1901 ἐνδύς
666 1837 717 1913 τήν
744 1838 882 1914 Σκυθικήν

83 1925 202 2001 στολήν·
216 1921 304 1986 ταύτα
316 1928 445 1985 ποιέεσκε
458 1924 606 1988 πολλάκις·
627 1926 673 1984 καὶ
687 1925 759 1984 οἰκία
771 1953 803 1986 τε
816 1925 881 1985 ἐδεί-

84 2037 157 2084 ματο
177 2019 206 2074 ἐν
224 2013 393 2090 Βορυσθένεϊ
412 2013 457 2071 καὶ
469 2017 587 2093 γυναῖκα
600 2014 686 2094 ἔγημε
699 2019 727 2076 ἐς
740 2013 809 2073 αὐτοὶ
824 2020 879 2073 ἐπι-

84 2102 197 2177 χωρίην.
230 2099 312 2159 Ἐπεί
322 2125 354 2160 τε
367 2100 397 2159 δέ
411 2101 468 2159 ἔδεέ
480 2102 507 2159 οἶ
520 2103 608 2164 κακῶς
619 2101 759 2181 γενέσθαι,
774 2102 881 2182 ἐγένετο
891 2103 928 2163 79

84 2187 142 2247 α’πὸ
150 2187 311 2264 προφάσιος
319 2187 441 2262 τοιῆσδε·
453 2188 611 2264 ἐπεθύμησε
619 2188 747 2267 Διονύσῳ
755 2191 880 2268 Βακχείῳ

84 2277 263 2352 τελεσθῆναι·
283 2266 419 2352 μέλλοντι
439 2275 470 2334 δέ
487 2279 514 2334 οἱ
534 2281 557 2333 ἐι
581 2279 675 2354 χεῖρας
696 2276 815 2356 ἄγεσθαι
830 2277 882 2352 τήν

84 2363 202 2438 τελετήν
220 2362 328 2444 ἐγένετο
348 2362 452 2439 φάσμα
470 2363 614 2443 μέγιστον·
634 2362 669 2437 ἦν
687 2364 715 2421 οἱ
732 2367 761 2421 ἐν
774 2369 881 2439 Βορυσ-

85 2450 227 2510 θενεϊτέων
249 2455 284 2529 τῇ
307 2449 377 2509 πόλι
398 2450 483 2525 οἰκίης
502 2448 628 2528 μεγάλης
648 2449 694 2507 καὶ
713 2450 882 2513 πολυτελέος

84 2537 236 2615 περιβολὴ,
247 2537 309 2616 (τῆς
320 2539 366 2596 καὶ
375 2536 462 2618 ὀλίγῳ
472 2563 500 2596 τι
509 2536 644 2612 πρότερον
657 2535 760 2596 τούτων
771 2535 883 2612 μνήμην

86 2625 185 2706 εἶχον,)
193 2625 244 2701 τήν
253 2625 336 2702 πέριξ
347 2628 448 2684 λευκοῦ
459 2625 540 2683 λίθου
552 2625 672 2704 σφίγγες
682 2649 713 2683 τε
724 2624 770 2682 καὶ
779 2623 882 2704 γρύπες

86 2713 221 2773 ἔστασαν·
243 2718 271 2777 ἐς
287 2711 390 2788 ταύτην
409 2711 426 2771 ὁ
448 2712 510 2775 θεδς
531 2710 665 2787 ἐνέσκηψε
685 2711 783 2787 βέλος·
804 2711 883 2785 καὶὴ

84 2802 138 2877 μέν
158 2800 278 2876 κατεκάη
297 2804 387 2860 πᾶσα·
409 2799 519 2874 Σκύλης
539 2797 568 2857 δὲ
587 2797 665 2857 ούδέν
680 2797 780 2858 τούτου
794 2799 883 2858 εἵνεκα

85 2887 181 2964 ἧσσον
207 2889 356 2948 ἐπετέλεσε
382 2887 433 2963 τήν
458 2886 583 2960 τελετήν.
630 2885 748 2966 (Σκύθαι
777 2887 807 2944 δέ
832 2889 882 2945 τοῦ

87 2976 237 3055 βακχεύειν
256 2977 321 3052 πέρι
341 2975 470 3050 Ἕλλησι
489 2974 662 3044 ὀνειδίζουσι·
687 2973 719 3033 ού
738 2973 793 3054 γάρ
810 2981 883 3048 φασι

86 3064 163 3126 οἷκδς
178 3065 247 3125 εἶναι
266 3064 331 3123 θεδν
349 3063 515 3139 ἐξευρίσκειν
531 3066 631 3121 τοῦτον
644 3062 723 3125 ὅστις
736 3062 885 3138 μαίνεσθαι

85 3151 179 3231 ἐνάγει
192 3151 373 3228 ἀνθρώπους.)
405 3149 466 3208 ἐπεί
475 3175 507 3209 τε
520 3149 550 3208 δέ
564 3151 697 3225 ἐτελέσθη
707 3154 746 3228 τῳ
759 3150 890 3225 Βακχείῳ

85 3251 106 3293 tf
130 3237 247 3311 Σκύλης,
271 3237 476 3312 διεπρήστευσε
503 3242 560 3300 τῶν
587 3263 633 3303 τις
654 3236 912 3316 Βορυοδευὲιτέωυ
