2040 3464
123 109 172 156 196
267 74 270 79 ’
426 109 610 158 Ἠυοιοαου
747 101 749 105 ’
869 106 921 171 [11.

123 186 330 264 καταχθόμενον
342 191 380 265 τῷ
394 188 473 268 έργῳ·
498 187 548 248 τόν
566 188 596 246 δέ
611 187 737 263 Ἀμασιν
756 188 925 263 ἐνθυμιστδν

122 273 313 349 ποιησάμενον
327 274 376 333 οῦκ
391 279 438 332 ε’ἇν
452 277 491 334 ἐτι
504 277 671 351 προσωτέρω
686 274 812 333 ἑλκύσαι·
830 273 883 350 ἤδη
894 275 926 334 δέ

650 361 658 381 Ι
721 360 842 380 εἱῖΛ

122 385 193 422 τινες
205 361 331 439 λέγουσι,
346 361 382 424 ὦς
395 361 538 438 ἅνθρωπος
556 362 694 436 διεφθαρη
712 388 751 421 υπ
772 388 857 437 αυτης
868 366 924 421 τῶν

122 472 165 509 τις
184 447 271 522 αὐτὴν
290 448 492 525 μοχλευόντων,
506 449 551 506 καὶ
572 447 630 507 οἶπδ
650 447 750 508 τούτου
771 448 821 508 οὐκ
843 452 923 509 ἐσελ-

78 534 134 595 176
144 536 290 610 κυσθῆναι.
325 534 457 611 Ἀνέθηκε
471 536 500 594 δὲ
514 535 559 593 καὶ
574 540 602 594 ἐν
615 540 691 595 τοῖσι
705 535 822 594 ἄλλοισι
837 539 924 613 ἱροῖσι

122 620 272 699 ὁἈμασις
288 627 362 681 πᾶσι
378 627 454 682 τοῖσι
473 622 653 702 ἐλλογίμοισι
669 624 737 702 ἔργα
752 621 785 683 τό
799 625 923 701 μέγαθος

123 707 278 785 ἀξιοθέητα,
294 715 323 769 ἐν
341 710 371 769 δὲ
389 711 435 768 καὶ
451 715 480 769 ἐν
498 711 602 786 Μέμφι
614 708 664 769 τόν
682 709 780 770 ὕπτιον
798 712 923 787 κείμενον

124 797 276 867 κολοσσόν,
303 802 353 856 τοῦ
374 797 561 872 Ἡφαιστείου
581 799 734 874 ἔμπροσθε·
767 803 817 857 τοῦ
840 799 924 861 πόδες
994 878 996 882 Ι

122 885 204 944 πέντε
225 886 270 943 καὶ
292 884 485 961 ἑβδομήκοντά
506 888 561 943 εἰσι
580 884 614 944 τό
634 889 733 960 μῆκος·
767 886 813 944 ἐπὶ
834 885 865 944 δέ
885 891 924 964 τῷ

123 971 196 1049 αῦτῳΑ
216 971 314 1050 βάθρῳ
335 975 445 1040 ἑστᾶσι,
466 973 631 1031 Αἰθιοπικοῦ
651 974 742 1035 ἐόντες
760 974 851 1043 λίθου,
873 973 924 1033 δύο

123 1059 270 1128 κολοσσοὶ,
290 1060 393 1117 ἐείκοσι
408 1057 501 1118 ποδῶν
520 1058 553 1118 τό
573 1060 695 1139 μέγαθος
715 1059 766 1119 ἐῶν
786 1060 922 1136 ἑκάτερος,

123 1145 139 1203 ὁ
152 1148 203 1221 μὲν
217 1146 293 1205 ἐνθεν
307 1145 322 1204 ὁ
337 1145 360 1204 δ’
374 1146 449 1205 ἐνθεν
462 1150 513 1204 τοῦ
525 1145 661 1225 μεγάλου.
700 1147 760 1206 ἐστι
773 1147 803 1206 δέ
816 1148 923 1212 λίθινος

123 1233 214 1309 ἔτερος
226 1237 361 1295 τοσοῦτος
375 1233 462 1292 καὶέν
476 1232 537 1302 Σάῖ,
556 1233 678 1309 κείμενος
692 1234 762 1293 κατοί
775 1235 825 1293 τόν
838 1234 923 1294 αὐτόν

122 1323 227 1396 τρόπον
239 1325 277 1398 τῷ
290 1325 319 1379 ἐν
332 1321 444 1396 Μέμφι.
485 1323 521 1396 τῇ
530 1319 589 1378 Ἴσι
601 1346 632 1379 τε
649 1320 682 1379 τό
700 1325 728 1380 ἐν
742 1315 845 1398 Μέμφι
862 1323 923 1399 ἰρὸν

117 1406 243 1482 Ἀμασίς
268 1413 330 1467 ε’στι
353 1407 369 1467 ὁ
393 1407 619 1483 ἐξοικοδομήσας,
647 1407 692 1467 ἐόν
717 1409 791 1486 μέγα
816 1434 848 1468 τε
875 1411 923 1469 καὶ

123 1493 361 1569 ἀξιοθεητότατον.

77 1581 133 1642 177
162 1581 224 1640 Ἐπ’
234 1581 373 1658 Ἀμάσιος
383 1581 412 1640 δέ
419 1583 557 1658 βασιλέος
567 1583 678 1664 λέγεται
688 1584 828 1664 Αἴγυπτος
837 1585 921 1660 μάλι-

124 1695 180 1728 στα
192 1669 228 1744 δη
242 1670 305 1729 τότε
322 1669 529 1746 εὐδαιμονῆσαι,
543 1671 637 1729 καὶτὰ
653 1671 709 1731 άπδ
725 1676 775 1730 τοῦ
792 1677 921 1747 ποταμοῦ

122 1761 158 1835 τῇ
171 1758 248 1836 χώρη
258 1757 389 1837 γινόμενα
401 1758 446 1814 καὶ
455 1758 492 1815 τοὶ
502 1758 558 1817 ἀπὸ
568 1762 618 1832 τῆς
631 1758 721 1836 χώρης
731 1762 807 1818 τοῖσι
817 1759 921 1835 ἀνθρώ-

124 1870 213 1904 ποισι·
235 1845 281 1902 καὶ
296 1845 378 1906 πόλις
395 1850 424 1903 ἐν
437 1844 508 1923 αὐτῇ
521 1847 653 1926 γενέσθαι
665 1847 715 1909 τοίς
728 1846 841 1910 ἁπάσας
856 1847 922 1906 τότε

124 1931 270 2008 δισμυρίας
295 1931 345 1994 τοὶς
367 1932 533 2008 οἰκεομένας.
574 1933 660 2009 νόμον
684 1934 714 1993 δὲ
739 1935 922 2014 Αἰγυπτίοισι

122 2019 201 2078 τόνδε
221 2019 346 2094 Ἀμασίς
373 2024 434 2079 ἐστι
460 2020 476 2078 ὁ
504 2021 694 2095 καταστήσας·
730 2021 922 2082 α’ποδεικνόναι

124 2108 197 2170 ἔτεος
220 2106 338 2166 ἑκάστου
358 2111 401 2186 τῷ
417 2108 545 2187 νομάρχῃ
568 2108 660 2168 πάνταΙ
680 2110 743 2169 τινά
763 2113 922 2191 Αἰγυπτίων

123 2193 187 2254 ὅθεν
205 2196 327 2269 βιοῦται·
354 2195 394 2271 μη
415 2195 444 2254 δὲ
462 2201 592 2256 ποιεῦντα
607 2201 702 2267 ταῦτα,
716 2199 785 2274 μηδὲ
799 2197 922 2274 ἀποφαί-

123 2308 206 2342 νοντα
219 2283 325 2358 δικαίην
339 2283 413 2359 ζόην,
429 2283 571 2344 ἰθύνεσθαι
590 2284 708 2363 θανάτῳ.
751 2285 848 2350 Σόλων
861 2287 922 2347 δέό

123 2368 270 2445 Ἀθηναῖος
296 2372 395 2445 λαβών
422 2373 453 2440 ἐξ
473 2371 614 2453 Αἰγύπτου
635 2377 734 2431 τοῦτον
759 2372 810 2432 τόν
835 2374 921 2450 νόμον

116 2454 291 2533 Ἀθηναίοισι
305 2460 391 2518 έθετο·
410 2464 449 2536 τῷ
463 2464 561 2518 ἐκεῖνοι
578 2465 604 2522 ἐς
621 2460 674 2517 αἰεὶ
691 2461 833 2537 χρέωνται,
849 2461 920 2521 ἐόντι

80 2543 135 2605 178
145 2544 248 2624 ἀμώμῳ
261 2546 346 2623 νόμῳ.
387 2547 531 2620 Φιλέλλην
548 2547 578 2604 δὲ
595 2546 742 2626 γενόμενος
758 2547 921 2624 ὁἊμασις,

124 2630 201 2691 ἄλλα
213 2659 243 2692 τε
258 2639 284 2696 ἐς
296 2633 440 2708 Ἑλλήνων
452 2633 643 2710 μετεξετέρους
661 2633 813 2703 ἀπεδέξατο
827 2636 874 2694 καὶ
887 2636 922 2712 δη

125 2721 171 2778 καὶ
188 2724 265 2779 τοῖσι
285 2719 509 2797 ἀπικνευμένοισι
531 2726 558 2783 ἐς
579 2722 721 2800 Αἴγυπτον
742 2723 824 2781 ἔδωκε
843 2722 923 2782 Ναό-

125 2833 220 2883 κρατιν
239 2808 325 2867 πόλιν
344 2813 496 2883 ἐνοικῆσαι·
516 2811 593 2867 τοῖσι
611 2809 641 2866 δέ
660 2809 700 2883 μὴ
717 2809 922 2885 βουλομένοισι

125 2893 215 2953 αὐτῶν
248 2896 353 2965 οἰκέειν,
380 2894 465 2954 αὐτοῦ
499 2895 529 2954 δὲ
561 2897 813 2971 ναυτιλλομένοισι,
841 2898 923 2958 ἐδωκε

125 2981 230 3059 χοίρους
257 2982 455 3059 ἐνιδρύσασθαι
473 2984 587 3059 βωμοῦς
614 2984 660 3041 καὶ
685 2986 800 3060 τεμένεα
820 2985 923 3046 θεοῖσι.

123 3068 157 3127 τό
172 3070 232 3145 μέν
253 3095 302 3130 νυν
320 3071 457 3152 μέγιστον
481 3070 571 3130 αὐτῶν
591 3071 711 3147 τέμενος,
736 3073 782 3130 καὶ
805 3070 923 3149 οὕνομα·

53 3188 78 3255 ι
109 3155 252 3218 ντότατον
280 3157 330 3220 ἐόν
365 3160 414 3220 καὶ
448 3157 677 3242 χρησιμώτατον,
705 3157 868 3234 καλεῦμευου
894 3159 928 3220 δέ

105 3244 266 3321 ’ἰλλῆνιοη
297 3248 364 3311 αἵδε
398 3249 490 3316 πόλις
523 3249 585 3310 εἰσὶ
617 3250 651 3308 αἱ.
677 3245 826 3322 ἱδρυμένοι
856 3248 942 3316 κοιυῖχ·
