2040 3464
129 117 177 166 ιτα
435 118 619 166 mmo?
655 121 656 124 ¹
876 113 925 177 [IL

127 191 258 259 Ἀνύσιος
274 196 434 275 πόλιος,τῷ
452 196 556 272 οὔνομα
566 195 686 256 Ἀνυσιν
702 194 780 254 εἶναι·
801 191 848 254 ἐπὶ
866 191 927 252 τού-

128 305 179 340 του
192 282 396 358 βασιλεύοντος
410 284 513 343 ἐλάσαι
531 282 573 342 ἐπ’
586 283 729 364 Αἴγυπτον
741 282 814 361 χειρὶ
831 284 929 358 πολλῇ

128 369 265 432 Αἰθίοπάς
283 397 314 429 τε
335 371 381 428 καὶ
402 372 542 446 Σαβακιῦν
560 369 609 431 τόν
629 369 771 430 Αἰθιόπων
790 368 926 444 βασιλέα·

128 454 178 515 τόν
192 458 244 532 μὲν
262 456 296 531 δή
310 457 421 533 τυφλόν
434 463 533 517 τοῦτον
547 458 676 535 οἴχεσθαι
693 455 834 536 φεύγοντα
852 460 880 517 ἐς
892 453 929 514 τά

130 542 205 600 ἕλεα·
226 541 275 602 τόν
289 545 318 602 δὲ
332 546 455 604 Αἰθίοπα
473 542 639 620 βασιλεύειν
652 542 796 623 Αἰγύπτου
813 540 855 601 ἐπ’
868 543 929 600 ἐτεα

130 630 310 706 πεντήκοντα·
331 636 361 692 ἐν
373 636 450 691 τοῖσι
463 632 548 692 αὐτόν
560 631 626 690 τάδε
639 629 840 699 α’ποδέξασθαι·
861 628 929 693 ὅκως

129 721 184 776 τῶν
203 744 245 782 τις
265 721 424 799 Αἰγυπτίων
444 719 563 795 ἁμάρτοι
582 745 618 787 τι,
637 720 749 777 κτείνειν
769 719 820 793 μὲν
841 715 930 776 αὐτῶν

83 865 85 869 Α
133 803 230 864 ούδένα
244 807 358 865 ἐθέλειν·
378 806 428 866 τόν
442 807 471 866 δέ
482 806 551 866 κατά
564 807 687 886 μέγαθος
698 809 748 864 τοῦ
762 803 930 880 ἀδικήματος

131 891 238 971 ἑκάστῳ
251 893 377 965 δικάζειν,
392 893 582 954 ἐπιτάσσοντα
600 893 718 973 χώματα
730 896 800 971 χοῦν
812 892 930 971 πρῦςτῇ

132 983 236 1040 ἑωυτῶν
248 981 318 1040 πόλι
336 981 399 1042 ὅθεν
420 982 538 1045 ἕκαστος
557 981 593 1057 ἦν
605 985 660 1041 τῦν
673 979 841 1040 ἀδικεόντων.
885 980 930 1038 καὶ

132 1065 203 1125 οὕτω
216 1069 256 1126 ἔτι
269 1072 298 1128 αἱ
309 1070 408 1134 πόλιες
421 1071 548 1148 ἐγένοντο
561 1068 743 1146 ῦψηλότεραι·
764 1068 797 1127 τό
810 1070 862 1143 μὲν
874 1066 931 1148 γάρ

132 1159 241 1230 πρῶτον
252 1155 420 1235 ἐχώσθησαν
433 1157 487 1216 ὑπό
500 1162 556 1216 τῶν
568 1157 618 1219 τοίς
631 1155 766 1234 διώρυχας
779 1153 932 1231 ὀρυξάντων

134 1242 180 1300 ἐπὶ
198 1243 375 1321 Σεσώστριος
392 1245 539 1321 βασιλέος,
554 1243 667 1319 δεύτερα
685 1244 714 1302 δέ
729 1243 775 1302 ἐπὶ
790 1247 840 1302 τοῦ
855 1241 932 1302 Αἰθί-

134 1354 202 1393 οπος
216 1333 261 1389 καὶ
275 1331 362 1409 κάρτα
376 1332 484 1409 ῦψηλαὶ
497 1332 633 1413 ἐγένοντο.

173 1417 319 1497 Ὑψηλέων
332 1420 361 1479 δὲ
383 1422 428 1478 καὶ
447 1420 544 1496 ἑτέρων
561 1419 743 1496 τασσομένων
756 1423 785 1477 ἐν
799 1420 835 1496 τῇ
849 1417 932 1499 Αἰγύ-

133 1531 193 1584 πτῳ
206 1508 319 1576 πολίων,
335 1507 370 1570 ώς
388 1508 449 1584 ἐμοὶ
468 1507 564 1577 δοκέει,
577 1506 705 1583 μάλιστα
719 1509 772 1582 μὲν
784 1504 933 1581 Βουβάστι

134 1594 204 1653 πόλι
228 1595 379 1673 ἐξεχώσθη,
405 1600 433 1654 ἐν
456 1599 492 1672 τῇ
517 1596 562 1654 καὶ
586 1594 644 1672 ἶρόν
667 1600 729 1653 ἐστι
755 1592 934 1668 Βουβάστιος

136 1679 403 1762 ἀξιαπηγητότατον·
424 1684 498 1759 μέζω
517 1685 569 1760 μὲν
586 1683 640 1762 γάρ
660 1681 737 1741 ἄλλα
754 1683 800 1739 καὶ
812 1681 933 1740 πολυδα-

136 1769 280 1846 πανώτερά
299 1775 361 1829 ἐστι
382 1769 434 1845 ἱρά,
452 1771 539 1849 ἡδονῇ
560 1771 588 1828 δὲ
610 1770 717 1828 ἰδέσθαι
739 1768 816 1827 οὐδὲν
835 1767 934 1828 τούτου

57 1883 59 1886 ⁴
136 1860 257 1930 μᾶλλον
289 1856 358 1931 ήδέ
378 1856 541 1928 Βούβαστις
561 1857 631 1916 κατὰ
650 1855 777 1915 Ἑλλάδα
796 1855 934 1936 γλῶσσάν

93 1945 148 2002 138
158 1942 367 2020 ἐστι”Αρτεμις
408 1951 447 2003 Το
467 1944 496 2003 δὲ
518 1945 577 2022 ἱρόν
594 1944 678 2021 αὐτῆς
697 1942 749 2003 ὧδε
770 1944 836 2021 ἔχει·
857 1943 935 2020 πλήν

137 2034 188 2106 τῆς
200 2030 308 2105 ἐσόδου,
321 2032 355 2091 τό
368 2030 443 2091 ἄλλο
457 2032 543 2107 νῆσός
556 2038 626 2091 ἐστι·
652 2037 682 2090 ἐκ
696 2031 751 2111 γὰρ
764 2036 814 2090 τοῦ
827 2032 935 2090 Νείλου

138 2117 268 2196 διώρυχες
302 2121 442 2198 ἐσέχουσι,
469 2119 501 2178 ού
531 2121 746 2199 συμμίσγουσαι
779 2117 934 2196 ἀλλήλῃσι,

138 2204 205 2264 ἀλλ’
218 2205 284 2284 ἅχρι
296 2213 347 2282 τῆς
359 2208 459 2268 ἐσόδου
472 2211 522 2267 τοῦ
537 2210 596 2283 ἱροῦ
610 2207 724 2282 ἑκατέρη
739 2206 839 2284 ἐσέχει,
852 2205 871 2283 ή
884 2209 935 2283 μὲν

139 2296 175 2371 τῇ
201 2296 395 2372 περιρρέουσα,
424 2295 443 2370 ἦ
471 2295 500 2355 δὲ
525 2299 569 2374 τῇ,
602 2294 679 2372 εῦρος
708 2299 795 2353 ἐοῦσα
822 2296 935 2372 ἑκατέρη

140 2381 238 2441 ἑκατόν
251 2383 343 2443 ποδιῦν
359 2383 484 2460 δένδρεσι
502 2382 660 2445 κατάσκιος
680 2382 716 2441 τοὶ
730 2383 760 2441 δὲ
775 2381 936 2457 προπύλαια

138 2467 209 2546 ὕψος
224 2473 276 2546 μὲν
295 2471 360 2529 δέκα
377 2470 507 2551 ὀργυιέων
520 2471 589 2539 ἐστὶ,
602 2469 717 2529 τύποισι
736 2471 765 2529 δὲ
783 2469 937 2548 ἑξαπήχεσι

139 2557 320 2617 ἐσκευάδαται
338 2559 442 2627 ἀξίοισι
458 2558 556 2639 λόγου·
578 2557 624 2617 ἐόν
638 2558 660 2616 δ’
676 2563 704 2617 ἐν
723 2558 798 2636 μέσῃ
814 2561 850 2636 τῇ
868 2557 936 2618 πόλι

140 2643 174 2703 τῦ
193 2644 253 2720 ἱρόν
273 2651 423 2722 κατορᾶται
443 2646 580 2706 πάντοθεν
592 2645 734 2721 περιϊόντι·
755 2644 805 2704 ἅτε
817 2645 871 2725 γάρ
887 2650 937 2721 τῆς

139 2731 239 2796 πόλιος
256 2736 308 2810 μὲν
322 2735 529 2812 ἐκκεχωσμένης
542 2732 615 2810 ῦψοῦ
633 2736 683 2793 τοῦ
702 2732 726 2792 δ’
741 2735 801 2810 ἱροῦ
822 2731 854 2791 ού
868 2758 938 2791 κεκι-

140 2823 264 2897 νημένου,
280 2821 314 2885 ώς
328 2821 450 2900 άρχήθεν
464 2821 581 2896 ἐποιήθη
593 2819 713 2881 ἐσοπτόν
726 2825 797 2881 ἐστι·
817 2819 938 2896 περιθέει

140 2907 163 2966 δ’
187 2908 255 2968 αύτῦ
283 2909 402 2985 αἱμασιή
430 2910 641 2990 ἐγγεγλυμμένη
664 2907 789 2968 τύποισι·
824 2908 886 2967 ἐστι
908 2908 938 2966 δέ

141 2996 243 3055 ἔσωθεν
281 2996 371 3059 ἄλσος
400 2997 531 3073 δενδρέων
559 2997 699 3076 μεγίστων
730 2994 938 3072 πεφυτευμένον

134 3084 201 3161 περί
221 3083 290 3161 νηόν
307 3084 407 3168 μέγαν,
424 3089 454 3145 ἐν
473 3088 511 3164 τῷ
531 3083 565 3160 δή
584 3083 721 3165 τῶγαλμα
741 3085 789 3144 ἔνι·
811 3081 890 3160 εῦρος
909 3082 937 3142 δί

53 3202 70 3255 ι
121 3173 172 3229 καὶ
190 3178 290 3251 μῆκος
309 3179 362 3238 τοῦ
381 3178 443 3256 ἱροῦ
464 3173 559 3250 πάντη
580 3172 697 3232 σταδίου
715 3171 784 3228 ἐστἰ·
807 3171 877 3227 κατὰ
893 3171 940 3242 μὶν

107 3254 149 3333 δθ
160 3260 224 3337 ’ἣν
238 3264 361 3339 ἔσοδον,
377 3263 551 3346 ἐστρωμένη
567 3261 633 3322 ἐστὶ
646 3258 712 3321 ὁδὸς
728 3256 814 3314 λίθου
832 3256 881 3308 {ft
895 3275 960 3307 m·
