2040 3464
94 105 235 170 ιιι-ιιι]
412 111 573 160 mmm.
848 111 892 160 ιον

92 186 192 247 Ἰάνων
208 191 260 264 μὲν
274 190 345 254 Χίος
362 189 408 248 καὶ
424 192 497 255 Τέως
518 192 564 250 καὶ
585 189 698 248 Φάκαια
719 188 766 247 καὶ
782 188 893 258 Κλαζο·

92 275 181 348 μεναί·
210 277 336 352 Δωριέων
354 277 385 336 δέ
405 278 500 341 Ῥόδος
518 279 563 337 κὀιὶ
582 276 684 338 Κνίδος
701 275 747 334 καὶ
762 275 893 351 Ἀλικαρ·

42 375 43 378 ’
91 361 199 437 νησσδς
220 365 267 422 καὶ
290 364 427 441 Φάσηλις·
461 367 586 425 Αἰολέων
607 364 636 423 δὲ
656 363 675 439 ἡ
696 363 893 438 Μυτιληναίων

90 448 191 526 μούνη.
230 451 335 512 τούτων
360 453 413 529 μέν
440 458 502 514 ἐστι
526 456 611 513 τοῦτο
636 452 670 511 τό
696 453 817 527 τέμενος,
845 451 892 511 καὶ
946 469 950 474 ·

90 537 254 613 προστάτας
278 543 330 599 τοῦ
356 541 491 617 ἐμπορίου
513 538 595 599 αὗται
622 541 652 598 αἱ
673 538 757 601 πόλις
781 538 837 596 εἰσὶ
862 541 892 597 αἱ

91 625 276 704 παρέχουσαι·
310 625 378 687 ὅσοι
398 628 429 687 δέ
451 627 539 687 άλλαι
564 626 648 703 πόλις
673 629 892 702 μεταποιεῦνται,

91 711 171 772 οὐδέν
184 720 241 790 σφι
253 714 353 791 μετεόν
370 720 592 791 μεταποιεῦνται.
632 714 717 793 χωρὶς
729 714 766 783 δὲ,
780 717 892 793 Αἰγινῆ-

91 825 138 857 ται
156 801 198 860 ἐπ’
219 805 326 862 ἔωυτιῦν
348 803 496 878 ἱδρύσαντο
515 803 629 879 τέμενος
651 801 728 870 Διός,
747 801 794 859 καὶ
814 799 889 859 ἄλλο

92 885 202 963 Σάμιοι,
211 889 311 966 Ἤρης,
327 892 372 949 καὶ
386 891 534 966 Μιλήσιοι,
549 890 738 951 Ἀπόλλωνος.
768 887 829 946 Ἢν
842 888 871 945 δὲ
881 889 936 948 179

91 973 124 1032 τό
137 976 260 1036 παλαιόν
278 978 367 1054 μούνη
388 977 407 1053 ἦ
424 978 583 1056 Ναύκρατις
602 977 743 1054 ἐμπόριον,
757 977 803 1034 καὶ
816 975 890 1033 ἄλλο

92 1060 171 1121 οὐδὲν
184 1063 338 1144 Αἰγύπτου·
360 1068 384 1124 εἰ
397 1066 428 1124 δέ
439 1092 480 1128 τις
494 1071 521 1129 ἐς
537 1069 593 1125 τῶν
605 1091 634 1124 τι
652 1064 726 1123 ἄλλο
743 1063 891 1139 στομάτων

91 1153 141 1209 τοῦ
159 1153 265 1211 Νείλου
285 1153 421 1223 αἶπίκοιτο,
434 1158 507 1231 χρῆν
525 1152 630 1230 α’μάσαι
646 1152 706 1228 “μή
725 1154 777 1227 μὲν
794 1151 891 1210 ἑκόντα

92 1238 210 1297 ἐλθεῖν·”
234 1239 419 1316 α’πομόσαντα
438 1241 475 1310 δὲ,
492 1246 529 1319 τῇ
547 1241 592 1316 νηῗ
612 1239 682 1318 αι’τῇ
700 1239 796 1297 πλέειν
812 1244 840 1300 ἐς
856 1237 890 1297 τό

92 1327 269 1403 Κανωβικόν·
299 1327 318 1404 ἢ
339 1333 363 1388 εἰ
384 1329 425 1405 μή
445 1355 480 1408 γε
502 1326 547 1387 οἷοί
568 1353 599 1386 τε
621 1329 662 1402 εἴη
683 1325 752 1402 πρός
773 1324 891 1402 άνέμους

91 1411 200 1477 άντίους
217 1416 321 1486 πλέειν,
335 1415 371 1475 τά
391 1417 496 1494 φορτία
512 1417 568 1474 ἔδεε
584 1415 725 1494 περιάγειν
741 1419 769 1473 ἐν
788 1412 891 1488 βάρισι

92 1501 155 1576 περὶ
175 1501 208 1562 τό
231 1504 349 1572 Δέλτα,Ι
355 1505 440 1581 μέχρι
462 1501 495 1562 οῦ
519 1504 646 1562 ἀπίκοιτο
671 1508 699 1565 ές
721 1499 889 1577 Ναύκρατιν.

91 1587 161 1647 οὕτω
180 1592 233 1666 μὲν
251 1590 285 1665 δή
302 1591 461 1668 Ναύκρατις
474 1592 625 1668 ἐτετίμητο.
661 1588 937 1665 Ἀμφικτυόνων180

90 1673 120 1732 δὲ
140 1677 345 1751 μισθωσάντων
364 1679 415 1739 τόν
437 1685 466 1738 ἐν
488 1681 633 1750 Δελφοῖσι
653 1682 702 1737 νῦν
723 1677 803 1736 ἐόντα
823 1676 890 1752 νηόν

88 1766 256 1838 τριηκοσίων
268 1766 412 1826 ταλάντων
427 1767 643 1847 ἐξεργάσασθαι·
665 1766 744 1846 ὁγὰρ
755 1763 890 1843 πρότερον

90 1849 142 1909 εἰῦν
164 1852 261 1913 αύτόθι
282 1852 443 1931 αὐτομάτως
465 1854 593 1930 κατεκάη·
621 1853 686 1917 τοῦς
707 1852 839 1929 Δελφούς
859 1853 890 1912 δέ

90 1939 235 2014 ἐπέβαλλε
245 1942 461 2019 τεταρτημόριον
470 1947 520 2001 τοῦ
530 1941 712 2019 μισθώματος
721 1945 889 2020 παρασχεῖν·

88 2027 265 2104 πλανώμενοι
279 2029 308 2088 δὲ
322 2033 348 2088 οἱ
359 2031 472 2106 Δελφοὶ
484 2031 549 2107 περὶ
561 2030 610 2092 τάς
624 2029 706 2092 πόλις
721 2031 889 2100 ἐδωτίναζον,

88 2119 228 2179 ποιεῦντες
240 2117 270 2176 δέ
283 2121 367 2176 τοῦτο
385 2116 435 2177 ούκ
452 2117 604 2197 ἐλάχιστον
625 2119 655 2186 ἐξ
667 2118 809 2198 Αἰγύπτου
823 2116 889 2176 ἐνεί-

88 2228 182 2261 καντο·
198 2202 323 2280 Ἀμασις
334 2207 386 2281 μὲν
398 2204 454 2285 γάρ
464 2212 520 2281 σφι
535 2206 614 2264 ἔδωκε
627 2206 709 2282 χίλια
718 2204 889 2280 στυπτηρίης

87 2288 261 2360 τάλανταοῑ
275 2291 305 2350 δὲ
318 2297 348 2351 ἐν
361 2293 492 2372 Αἰγύπτῳ
506 2293 639 2354 οἰκέοντες
647 2292 786 2367 Ἕλληνες
800 2293 889 2351 εἴκοσι

88 2377 179 2448 μνέας.

128 2466 314 2542 Κυρηναίοισι
335 2467 365 2526 δὲ
381 2466 506 2543 Ἄμασις
527 2466 666 2542 φιλότητά
686 2492 718 2525 τε
738 2467 785 2524 καὶ
798 2468 929 2542 σύμ-181

87 2552 191 2630 μαχίην
205 2553 388 2629 συνεθήκατο·
403 2555 547 2613 ἐδικαίωσε
560 2553 590 2612 δὲ
603 2555 649 2612 καὶ
661 2557 751 2634 γῆμαι
765 2552 888 2623 αύτόθεν,

88 2637 135 2697 εἴτ’
149 2640 324 2717 ἐπιθυμήσας
336 2641 502 2717 Ἑλληνίδος
518 2640 649 2722 γυναικός
669 2642 722 2698 εἴτε
737 2641 782 2698 καὶ
795 2640 889 2704 άλλως

88 2726 240 2804 φιλότητος
258 2730 423 2806 Κυρηναίων
441 2730 540 2788 εἵνεκα·
560 2729 659 2808 γαμέει
678 2727 700 2786 δ’
722 2727 767 2796 ὦν,
790 2731 817 2786 οἱ
836 2732 889 2804 μὲν

87 2815 205 2893 λέγουσι
220 2816 341 2887 Βάττεω,
356 2820 382 2875 οἱ
403 2815 426 2875 δ’
448 2816 618 2892 Ἀρκεσίλεω
641 2816 787 2895 θυγατέρα,
810 2820 837 2874 οἱ
858 2818 888 2875 δέ

87 2902 294 2978 Κριτοβούλου,
309 2903 407 2980 α’νδρός
421 2909 476 2963 τῶν
489 2902 584 2962 ιίστῶν
597 2903 720 2979 δοκίμου,
733 2930 768 2981 τη
783 2903 888 2980 οῦνομα

86 2988 122 3064 ἦν
146 2990 265 3069 Λαδίκη·
301 2996 338 3069 τῇ
365 2991 428 3051 ἐπεί
451 3015 483 3050 τε
510 2992 690 3071 συγκλίνοιτο
712 2991 731 3050 ό
754 2991 886 3068 Ἀμασις,

86 3077 244 3158 μίσγεσθαι
268 3078 318 3138 ούκ
343 3078 400 3141 οἶός
420 3103 452 3137 τε
477 3078 595 3156 ἐγένετο·
628 3083 697 3156 τῇσι
722 3079 752 3138 δέ
779 3078 890 3156 άλλησι

86 3164 195 3244 γυναιξὶ
212 3170 323 3244 ἐχρᾶτο·
352 3166 416 3226 ἐπεί
434 3191 467 3227 τε
490 3164 521 3226 δέ
540 3165 657 3228 πολλὸν
678 3171 768 3227 τοῦτο
789 3167 919 3245 ἐφυετο,

78 3249 140 3308 εἶπε
148 3251 168 3310 ὅ
176 3250 302 3330 Ἄμασις
311 3253 387 3335 πρός
396 3255 451 3336 τὴν
462 3255 596 3338 Λαδίκην
610 3257 724 3334 ταύτην
738 3249 939 3327 καλεομένψ·
