2040 3464
132 113 180 160 ιιι
430 112 613 161 ἨΡοΔουου
865 109 930 173 [111

133 191 203 267 α’νήρ
220 191 327 253 ἱππεύς·
348 192 488 270 ἐπέγραψε
505 191 534 249 δὲ
548 191 702 270 γράμματα
718 187 840 269 λέγοντα
856 189 935 248 τάδε·

135 279 303 341 ΔΑΡΕΙΟΣ
316 277 350 336 Ὁ
365 279 604 342 ιΥΣΤΑΣΠΕΟΣ
618 279 696 342 ΣΥΝ
709 283 757 335 ΤΕ
777 282 855 335 ΤΟΥ
866 276 934 335 ἸΠ-

136 372 220 425 ΠΟΥ
239 371 304 422 ΤΗι
324 371 464 423 ΑΡΕΤΗι
483 365 526 443 (τό
549 364 655 440 ούνομα
674 363 775 444 λέγων)
792 369 862 422 ΚΑΙ
880 371 934 423 ΟΙ-

134 454 286 515 ΒΑΡΕΟΣ
319 458 396 510 ΤΟΥ
421 452 683 523 ἸΠΠΟΚΟΜΟἎ
714 450 933 516 ἘΚΤΗΣΑΤΟ

88 545 124 602 89
134 544 217 599 ΤΗΝ
250 542 435 602 ΠΕΡΣΕΩΝ
469 542 702 603 ΒΑΣΙΛΗΙΗΝ.
743 538 876 614 Ποιήσας
905 541 934 599 δέ

133 633 222 687 ταῦτα
239 633 268 687 ἐν
286 628 428 705 Πέρσησι,
448 625 536 706 ἀρχὰς
557 626 751 702 κατεστήσατο
771 627 862 685 εἴκοσι
884 627 934 691 τὰς

135 716 215 775 αύτοὶ
241 715 375 774 καλέουσι
401 715 585 790 σατραπηίας.
624 713 805 789 καταστήσας
830 713 861 772 δὲ
884 715 935 779 τῶς

135 803 224 883 οἷρχᾶς
245 803 290 861 καὶ
310 801 446 880 ἄρχοντας
467 802 631 877 ἐπιστήσας,
646 800 763 870 ἐτάξατο
780 800 887 878 φόρους
907 807 934 862 οἱ

134 892 281 968 προσιέναι
300 889 371 948 κατοὶ
388 889 467 950 ἔθνεά
479 915 517 959 τε,
532 891 578 948 καὶ
591 889 661 967 πρὸς
673 892 750 975 τοῖσι
764 889 857 949 ἔθνεσι
869 891 935 954 τούς

134 977 347 1056 πλησιοχώρους
373 976 572 1053 προστάσσων,
596 978 646 1048 καὶΙ
668 976 843 1053 ὑπερβαίνων
868 979 935 1042 τούς

135 1066 299 1144 προσεχέας,
315 1063 433 1122 ἄλλοισι
452 1063 528 1122 ἄλλα
540 1065 576 1124 τοὶ
590 1065 729 1141 ἑκαστέρω
743 1066 821 1124 ἔθνεα
833 1066 933 1142 νέμων.

174 1152 279 1232 Ἀρχοῖς
295 1153 324 1210 δὲ
342 1152 387 1210 καὶ
406 1151 500 1228 φόρων
513 1152 655 1229 πρόσοδον
672 1152 724 1227 τήν
738 1153 849 1212 ἐπέτεον
863 1155 951 1213 nard*

135 1241 201 1302 τάδε
220 1242 313 1300 διεῖλε·
334 1244 410 1299 τοῖσι
427 1243 479 1315 μὲν
496 1240 586 1300 αὐτῶν
601 1239 732 1319 ἀργύριον
749 1239 936 1319 ἀπαγινέουσι

137 1332 229 1407 εἴρητο
253 1327 437 1403 Βαβυλώνιον
457 1327 587 1403 σταθμῶν
606 1328 744 1387 τάλαντον
765 1327 935 1408 ἀπαγινέειν,

138 1421 214 1477 τοῖσι
227 1416 257 1475 δὲ
273 1416 390 1494 χρυσίον
408 1415 591 1495 ἀπαγινέουσι
609 1414 760 1490 Εὐβοϊκόν·
780 1415 813 1474 τό
832 1416 862 1475 δέ
878 1423 936 1476 Βα-

135 1504 275 1581 βυλώνιον
295 1504 433 1563 τάλαντον
449 1503 561 1562 δύναται
580 1502 722 1578 Εὐβοΐδας
738 1503 937 1580 ἐβδομήκοντα

136 1594 229 1670 μνέας.
264 1593 310 1651 ἐπὶ
324 1591 379 1671 γὰρ
394 1591 488 1667 Κύρου
506 1589 648 1670 ἄρχοντος,
663 1591 708 1649 καὶ
721 1591 797 1654 αὖτις
813 1594 937 1668 Καμβύ-

137 1706 201 1750 σεω,
217 1679 252 1755 ἦν
273 1678 443 1754 κατεστηκδς
464 1679 542 1738 ούδέν
558 1679 649 1755 φόρου
666 1680 741 1756 πέρι,
762 1678 840 1738 α’λλῶ
861 1681 937 1758 δῶρα

136 1768 255 1849 α’γίνεον.
290 1767 347 1846 (διαὶ
361 1765 397 1825 δὲι
403 1767 506 1843 ταύτην
519 1768 571 1842 τήν
585 1767 707 1835 ἐπίταξιν
719 1770 768 1826 τοῦ
783 1767 876 1845 φόρου
891 1772 937 1829 καὶ

136 1854 323 1933 παραπλήσια
333 1855 419 1933 ταύτῃ
428 1855 512 1925 ἄλλα,
524 1856 641 1935 λέγουσι
651 1855 763 1930 Πέρσαι
772 1855 807 1918 ῶς
816 1862 938 1933 Δαρεῖος

136 1946 187 2019 μὲν
199 1943 235 2018 ἦν
249 1942 382 2017 κάπηλος·
404 1942 565 2018 Καμβύσης
584 1943 613 2000 δὲ
629 1941 775 2017 δεσπότης·
797 1948 894 2021 Κῦρος
908 1947 937 2005 δὲ

140 2031 239 2106 πατήρ·
261 2031 276 2089 ὁ
292 2032 344 2105 μὲν
357 2029 400 2089 ὅτι
414 2031 568 2104 ἐκαπήλευε
583 2030 674 2089 πάντα
687 2030 722 2090 τῶ
735 2029 899 2110 πρήγματα·
921 2035 937 2094 ὁ

137 2121 166 2178 δὲ
182 2118 224 2178 δτι
240 2118 365 2196 χαλεπός
383 2145 413 2176 τε
429 2117 523 2192 ἦνκαὶ
542 2118 686 2199 ὀλίγωρος·
709 2117 725 2176 ὁ
744 2119 773 2176 δὲ
791 2118 836 2178 ὅτι
853 2119 937 2195 ἤπιός

89 2211 175 2278 oon,
190 2208 236 2264 καὶ
252 2205 344 2286 ἀγαθοί
360 2212 416 2280 σφι
432 2206 523 2264 πάντα
539 2206 760 2285 ἐμηχανήσατο.)
793 2205 867 2266 ’And
885 2213 937 2285 μὲν

136 2296 170 2371 δή
183 2295 288 2362 Ἰώνων,
304 2295 349 2351 καὶ
366 2293 523 2374 Μαγνήτων
539 2299 593 2352 τῶν
611 2300 639 2352 ἐν
654 2299 690 2371 τῇ
702 2294 795 2371 Ἀσίῃ,
811 2296 857 2354 καὶ
871 2302 937 2356 Alo·

137 2385 216 2452 λέων,
241 2383 286 2440 καὶ
311 2387 420 2457 Καρῶν,
446 2383 491 2439 καὶ
515 2382 631 2450 Λυκίων,
655 2382 701 2439 καὶ
724 2383 864 2453 Μιλυέων,
891 2386 936 2444 καὶ

137 2470 312 2548 Παμφύλων,
328 2470 378 2550 (εἷς
391 2469 445 2549 γάρ
458 2469 493 2544 ἦν
507 2473 533 2528 οἱ
549 2471 715 2549 τεταγμένος
729 2469 817 2546 φόρος
834 2468 937 2554 οὗτος)

135 2559 255 2635 προσήϊε
274 2557 441 2634 τετρακόσια
461 2557 587 2616 τάλαντα
610 2558 748 2637 ἀργυρίου.
792 2557 809 2617 ὅ
829 2561 883 2634 μὲν
903 2561 937 2637 δή

136 2652 244 2723 πρῶτος
258 2644 338 2708 οὗτός
350 2649 377 2704 οἷ
393 2645 476 2722 νομὸς
491 2645 667 2720 κατεστήκεε.
701 2645 757 2704 ῶπό
774 2646 804 2704 δὲ
817 2652 936 2718 Μυσῶν,

136 2736 182 2794 καὶ
195 2735 300 2804 Λυδῶν,
314 2734 361 2792 καὶ
374 2734 528 2802 λασουίων,
543 2733 590 2790 καὶ
604 2734 768 2808 Καβαλέων,
782 2735 830 2793 καὶ
840 2734 935 2817 Ὕγεν·

135 2825 209 2895 νέων,
233 2821 405 2880 πεντακόσια
427 2821 562 2880 τάλαντα·
589 2821 674 2895 νομὸς
696 2821 821 2897 δεύτερος
845 2820 937 2888 οὗτος.

136 2911 192 2969 ἀπὸ
208 2911 237 2969 δὲ
250 2910 481 2984 Ἑλλησποντίων
493 2913 548 2968 τῶν
562 2909 607 2966 ἐπὶ
624 2908 699 2976 δεξιὰ
716 2910 877 2981 ἐσπλέοντι,
892 2913 937 2971 καὶ

136 3003 259 3078 Φρυγῶν,
274 2998 320 3055 καὶ
338 2998 463 3072 Θρηίκων
477 3002 532 3056 τῶν
548 3001 577 3055 ἐν
593 2999 628 3073 τῇ
641 2996 734 3074 Ἀσίη,
749 2998 795 3056 καὶ
811 3003 939 3076 Παφλα-

128 3086 226 3168 γόνων,
246 3085 296 3147 καὶ
317 3085 528 3165 Μαριανδυνῶν,
544 3082 589 3143 καὶ
607 3085 721 3160 Συρίων,
738 3083 874 3160 ἑξήκοντα
892 3089 938 3150 καὶ

117 3175 282 3253 τριηκόσια
302 3173 341 3257 ἦν
364 3175 496 3238 τάλαντα
517 3173 616 3253 ᾡύρυς·
636 3171 723 3248 νομὸς
741 3173 834 3247 τηλτος
851 3171 940 3238 αἶπος,
993 3188 997 3195 “

104 3261 177 3327 α’τδ
191 3266 225 3330 δέ
240 3270 385 3333 Κιλίκων
398 3269 490 3330 ἵπποι
506 3291 542 3329 τε
557 3261 660 3324 λευκοὶ
676 3257 816 3329 &mm
826 3257 876 3313 *ὦ
887 3280 960 3330 *W
