2040 3464
162 112 208 160 338
469 111 651 159 ἨτοΔοτοι
898 108 958 173 [ιν.

159 190 213 250 ῦπὸ
234 194 396 272 Πελασγῶν
416 193 471 249 τῶν
491 194 521 247 ἐκ
542 192 705 266 Βραυρῶνος
720 189 900 265 λη’ίσαμένων
912 189 961 251 τὰς

159 277 313 352 Ἀθηναίων
334 282 474 359 γυναῖκας,
496 277 551 336 ῦπό
579 277 683 336 τούτων
707 277 905 345 ἐξελασθέντες
930 282 961 334 ἐκ

159 365 275 442 Λήμνου
293 365 403 444 οἴχοντο
421 367 553 427 πλέοντες
570 369 596 427 ἐς
612 363 818 439 λακεδαέμονα·
842 363 961 440 ἱζόμενοι

160 453 189 511 δὲ
217 459 246 513 ἐν
268 457 307 532 τῷ
332 459 462 534 Τηϋγέτῳ
486 457 541 529 πῦρ
569 451 702 512 α’νέκαιον.
746 451 962 527 Λακεδαιμόνιοι

161 541 190 600 δὲ
218 541 320 604 ἰδόντες
343 541 465 622 ἄγγελον
489 542 620 616 ἔπεμπον,
645 539 815 616 πευσόμενοι
837 540 908 603 τίνες
930 568 962 600 τε

161 630 207 686 καὶ
221 629 318 689 ὁκόθεν
333 631 391 688 εἰσί
398 655 405 698 ;
428 633 454 688 οἱ
468 629 497 687 δὲ
509 633 547 707 τῷ
561 628 672 707 ἀγγέλῳ
687 628 841 703 εἷρωτέοντι
855 629 960 707 ἔλεγον,

160 714 195 776 ὦς
220 716 318 790 εἴησαν
339 719 390 792 μὲν
414 716 527 784 Μινύαι,
552 716 646 778 παῖδες
670 714 700 772 δέ
723 714 777 773 εἶεν
800 717 855 773 τῶν
877 720 906 774 ἐν
925 721 961 794 τῇ

158 801 259 883 Ἀργοῖ
284 803 425 863 πλεόντων
451 801 555 879 ήράων·
586 801 765 880 προσχόντας
792 801 822 859 δὲ
847 802 961 866 τούτους

159 894 186 952 ἐς
209 895 325 966 Λῆμνον
348 891 489 965 φυτεῦσαί
507 896 609 965 σφεας.
651 893 677 948 οἶ
698 889 727 947 δὲ
747 890 961 965 Λακεδαιμόνιοι

160 977 309 1052 ἀκηκοότες
341 978 392 1037 τόν
425 978 513 1058 λόγον
541 983 592 1053 τῆς
620 981 716 1059 γενεῆς
741 981 797 1036 τῦν
824 979 960 1048 Μινυέων,

160 1066 366 1141 πέμψαντες.τὸ
384 1065 510 1142 δεύτερον
531 1065 656 1143 εἷράτεον
675 1069 705 1123 τί
724 1065 853 1127 θέλοντες
868 1064 961 1140 ἥκοιέν

159 1178 190 1211 τε
212 1158 239 1215 ἐς
260 1153 311 1228 τήν
332 1153 426 1232 χάρην
448 1154 493 1210 καὶ
516 1157 572 1229 πῦρ
595 1153 715 1219 αἴθοιεν;
738 1155 764 1210 οἱ
786 1152 815 1210 δὲ
839 1152 959 1227 ἔφασαν,

158 1240 213 1299 ύπό
235 1245 396 1322 Πελασγῶν
417 1241 601 1316 ἐκβληθέντες
615 1239 692 1314 ήκειν
708 1245 735 1302 ἐς
750 1238 815 1302 τοῦς
828 1242 960 1317 πατέρας

159 1328 345 1406 (δικαιότατον
358 1329 413 1409 γάρ
425 1328 493 1387 εἶναι
505 1327 575 1387 οὕτω
585 1332 668 1386 τοῦτο
680 1327 832 1408 γίνεσθαι)
848 1329 963 1389 δέεσθαί

158 1441 189 1473 τε
214 1417 312 1475 οἰκέειν
339 1416 398 1492 ἅμα
424 1415 558 1484 τούτοισι,
585 1415 685 1492 μοῖράν
710 1441 741 1473 τε
767 1416 869 1491 τιμέων
896 1444 959 1492 μετ-

160 1504 269 1581 έχοντες
283 1505 329 1562 καὶ
345 1508 396 1579 τῆς
410 1509 463 1585 γῆς
479 1503 680 1582 α’πολαχόντες.
714 1503 961 1580 Λακεδαιμονίοισι

159 1591 188 1648 δὲ
216 1592 277 1650 ἕαδε
304 1593 433 1652 δέκεσθαι
460 1592 524 1654 τοῦς
549 1591 657 1654 Μινύας
685 1591 727 1651 ἐπ’
755 1591 814 1649 οἶσι
842 1594 961 1654 θέλουσι

159 1678 246 1737 αὐτοί·
267 1679 395 1756 μάλιστα
414 1681 443 1739 δέ
460 1680 541 1760 ἐνῆγέ
556 1687 647 1755 σφεας
665 1678 737 1738 ὥστε
752 1681 856 1740 ποιέειν
873 1687 961 1741 ταῦτα

157 1771 213 1825 τῶν
226 1768 411 1843 Τυνδαριδέων
425 1768 443 1843 η’
457 1769 583 1843 ναυτιλίη
597 1773 625 1827 ἐν
638 1773 673 1846 τῇ
685 1767 793 1847 Ἀργοῖ·
815 1768 958 1845 δεξάμενοι

160 1854 189 1911 δὲ
210 1855 275 1917 τοῦς
298 1855 414 1925 Μινύας,
439 1861 491 1936 γῆς
515 1882 546 1914 τε
567 1857 723 1933 μετέδοσαν
743 1857 790 1914 καὶ
814 1861 842 1920 ἐς
866 1859 961 1933 φυλάς

159 1941 331 2001 διεδάσαντο·
354 1943 422 2001 οἶδὲ
436 1942 534 2002 αὐτίκα
547 1947 599 2020 μὲν
615 1943 722 2024 γάμους
739 1944 853 2024 ἔγημαν,
867 1945 918 2009 τάς
931 1947 961 2007 δὲ

112 2031 168 2088 146
179 2034 208 2086 ἐκ
227 2030 343 2104 Λήμνου
361 2028 464 2109 ήγοντο
483 2032 614 2100 ἐξέδοσαν
630 2030 757 2090 άλλοισι.
799 2035 911 2109 Χρόνου
931 2035 961 2095 δέ

159 2116 190 2175 οῦ
201 2121 312 2177 πολλοῦ
326 2117 522 2188 διεξελθόντος,
531 2120 628 2178 αὐτίκα
642 2123 668 2177 οἱ
682 2118 786 2178 Μινύαι
797 2120 960 2197 ἐξύβρισαν,

157 2209 208 2279 τῆς
221 2231 252 2264 τε
272 2207 427 2282 βασιληΐης
447 2209 635 2282 μεταιτέοντες
656 2207 702 2264 καὶ
722 2205 798 2264 ἄλλα
819 2213 962 2274 ποιεῦντες

159 2293 208 2351 οῦκ
228 2293 304 2353 ὅσια.
345 2298 421 2354 τοῖσι
442 2294 479 2353 ὧν
498 2295 743 2370 Λακεδαιμονίοισι
764 2296 839 2364 ἔδοξε
860 2297 962 2363 αύτούς

157 2381 325 2442 οἷποκτεῐναι·
353 2382 548 2458 συλλαβόντες
575 2383 606 2441 δέ
631 2389 723 2458 σφεας
750 2385 913 2460 κατέβαλον
934 2393 962 2452 ἐς

158 2470 265 2545 ἑρκτήν,
288 2470 436 2549 (κτείνουσι
447 2470 476 2528 δὲ
486 2469 550 2532 τοῦς
561 2468 593 2528 ἂν
605 2472 731 2529 κτείνωσι
745 2472 962 2548 Λακεδαιμόνιοι

157 2557 262 2626 νυκτός,
283 2556 342 2633 μετ’
365 2557 472 2633 ἡμέρην
489 2557 519 2615 δὲ
536 2557 655 2636 οὐδένα.)
693 2559 752 2616 ἐπεὶ
775 2557 813 2617 ὦν
837 2560 961 2634 ἔμελλόν

158 2651 249 2719 σφεας
273 2646 510 2723 καταχρήσεσθαι,
538 2644 748 2721 παραιτήσαντο
776 2649 805 2704 αἱ
832 2653 962 2726 γυναῖκες

155 2736 212 2791 τῶν
240 2732 374 2802 Μινυέων,
401 2737 498 2791 ἐοῦσαι
519 2731 607 2791 άσταί
630 2758 661 2789 τε
688 2733 734 2790 καὶ
759 2739 814 2793 τῶν
843 2736 961 2812 πράτων

159 2821 352 2897 Σπαρτιητέων
374 2821 528 2900 θυγατέρες,
545 2821 672 2879 ἐσελθεῖν
692 2846 723 2879 τε
742 2826 769 2884 ἐς
790 2822 842 2881 τῦν
861 2826 959 2902 ἑρκτήν

158 2909 203 2966 καὶ
217 2914 244 2971 ἐς
264 2908 366 2988 λόγους
380 2910 472 2968 ἐλθεῖν
490 2908 593 2982 ἑκάστη
609 2912 647 2985 τῷ
665 2912 764 2983 ἑωυτῆς
777 2908 866 2986 άνδρί·
888 2913 958 2972 οἶδε

158 3003 251 3070 σφεας
270 3001 398 3072 παρῆκαν
419 2996 516 3056 ούδένα
537 2996 620 3055 δόλον
641 2996 781 3059 δοκέοντες
803 2999 834 3068 ἐξ
855 2999 959 3061 αὐτέων

80 3074 84 3089 ²
150 3085 283 3146 ἔσεσθαι·
312 3087 341 3145 αἱ
365 3084 394 3144 δὲ
419 3085 481 3143 ἐπεί
504 3109 536 3142 τε
563 3084 695 3158 ἐσῆλθον,
718 3089 831 3144 ποιεῦσι
854 3087 958 3149 τοιάδε·

139 3179 247 3239 πᾶσαν
262 3176 317 3256 τήν
338 3175 418 3259 εἶχον
437 3175 548 3253 ἐσθῆτα
560 3172 739 3249 παραδοῦσαι
752 3176 829 3230 τοῖσι
840 3173 959 3250 ἀνδράσι

126 3263 222 3327 αὐγαὶ
260 3268 320 3349 ,ἦν
356 3272 417 3332 τῶν
455 3264 564 3346 ἀνδρῶν
600 3261 720 3336 1ἔλαβον·
755 3261 785 3315 ολ
808 3257 844 3314 δε
865 3260 978 3329 Μοτύη.
