2040 3464
80 105 187 170 ιιι-ιιι]
414 108 548 156 οικιιιι.
827 111 875 158 ιιι

80 189 135 245 τῶν
152 182 301 244 κατιόντων
317 184 437 259 Σαμίων,
455 184 554 244 ἐόντων
569 185 680 266 ὀλίγων,
698 186 880 265 ἑσσωθῆναι.)

81 276 136 332 τῶν
149 272 178 330 δὲ
191 270 237 330 ὑπ’
249 274 338 350 ἑωυτῷ
351 270 450 331 ἐόντων
459 273 615 347 πολιητέων
627 273 662 332 τά
675 273 758 332 τέκνα
772 273 880 337 καὶτὰς

82 363 215 440 γυναῖκας
228 358 244 419 ό
259 357 443 436 Πολυκράτης
456 363 484 422 ἐς
498 359 563 422 τούς
576 359 738 423 νεωσοίκους
751 360 879 436 συνειλή-

82 473 146 516 σας,
169 447 228 526 εἶχε
250 448 383 523 ἑτοίμους,
404 445 440 521 ἢν
462 446 516 523 ἄρα
539 448 692 523 προδιδῶσι
715 445 791 507 οὗτοι
811 448 881 525 πρός

82 533 147 597 τούς
157 533 309 604 κατιόντας,
318 533 482 609 ύποπρῆσαι
491 533 603 593 αύτοῖσι
612 539 688 594 τοῖσι
696 537 879 595 νεωσοίκοισι.

121 621 205 681 Ἐπεί
219 648 251 681 τε
271 622 300 681 δὲ
321 625 348 680 οἱ
368 622 564 690 ἐξελασθέντες
585 623 696 698 Σαμίων
714 622 768 682 ύπδ
786 625 926 683 ssoh-46

82 709 195 785 κράτεος
211 709 343 769 α’πίκοντο
362 715 389 772 ἐς
406 709 459 783 την
477 709 617 786 Σπάρτην,
632 709 819 773 καταστάντες
835 712 881 770 ἐπὶ

82 797 148 859 τούς
161 796 300 876 ἄρχοντας
313 799 410 877 ἔλεγον
424 796 529 865 πολλοὶ,
544 796 589 855 οἷα
603 797 690 875 κάρτα
704 797 837 873 δεόμενοι·
854 801 881 857 οἱ

82 883 114 943 δέ
132 891 188 960 σφι
205 888 241 962 τῇ
262 884 357 962 πράτῃ
376 883 548 943 καταπόσει
565 883 754 961 ύπεκρίναντο,
771 884 807 943 τά
828 888 881 961 μὲν

83 976 178 1048 πρῶτα
191 973 329 1050 λεχθέντα
343 971 536 1045 ἐπιλεληθέναι
551 971 586 1030 τά
600 972 630 1030 δέ
642 971 746 1049 ὕστερα
759 971 791 1031 ού
805 999 880 1032 συνι·

83 1063 150 1118 έναι.
185 1060 257 1136 μετοὶ
271 1060 300 1118 δὲ
312 1062 408 1128 ταῦτα,
418 1058 531 1136 δεύτερα
544 1058 731 1121 καταστάντες
742 1058 816 1119 άλλο
828 1063 881 1136 μὲν

84 1147 162 1206 εἶπον
184 1147 269 1217 ου’δέν,
291 1147 412 1206 θύλακον
435 1147 464 1204 δὲ
484 1148 616 1223 φέροντες
636 1149 747 1222 ἔφασαν
766 1147 816 1207 τόν
836 1147 882 1208 θύ-

83 1237 171 1303 λακον
193 1233 320 1310 ἀλφίτων
341 1234 462 1293 δέεσθαι·
484 1236 511 1292 οἳ
527 1234 558 1293 δέ
573 1241 628 1309 σφι
646 1233 825 1311 ὑπεκρίναντο
843 1239 881 1314 τῷ

84 1321 194 1402 θυλάκῳ
208 1321 417 1403 περιεργάσθαι·
438 1321 568 1397 βοηθέειν
582 1321 605 1380 δ’
620 1319 655 1379 ὦν
672 1321 747 1390 ἔδοξε
760 1319 880 1380 αὐτοῖσι.

84 1410 141 1468 Καὶ
157 1412 251 1470 ἔπειτα
270 1408 551 1486 παρασκευασάμενοι
572 1408 770 1487 ἐστρατεύοντο
790 1411 924 1470 Amce-47

83 1497 220 1573 δαιμόνιοι
233 1498 279 1556 ἐπὶ
292 1496 398 1572 Σάμον·
419 1495 455 1559 οἷς
466 1499 518 1572 μὲν
531 1495 632 1572 Σάμιοι
646 1497 763 1576 λέγουσι
776 1495 881 1576 εὐεργε-

83 1585 147 1646 σίας
161 1586 318 1654 ἐκτίνοντες,
332 1583 375 1643 ότι
389 1590 445 1659 σφι
458 1582 589 1661 πρότεροι
606 1583 683 1643 αὐτοὶ
697 1584 779 1660 νηυσὶ
798 1583 880 1658 ἐβοηί

83 1672 175 1746 θησαν
186 1673 230 1730 ἐπὶ
241 1672 431 1747 Μεσσηνίους·
446 1670 481 1734 οἷς
494 1672 523 1730 δὲ
533 1671 746 1748 Λακεδαιμόνιοι
754 1672 880 1752 λέγουσι,

84 1758 134 1817 οὐκ
152 1759 221 1818 οὕτω
236 1764 394 1837 τιμωρῆσαι
411 1759 567 1835 δεομένοισι
585 1760 718 1836 Σαμίοισι
737 1759 880 1834 ἐστρατεύ-

84 1872 157 1915 οντο,
181 1846 216 1910 ὦς
238 1848 375 1907 τίσασθαι
401 1846 573 1923 βουλόμενοι
595 1851 644 1906 τοῦ
669 1851 805 1923 κρητῆρος
830 1851 881 1922 τῆς

83 1932 211 2014 άρπαγῆς
233 1935 283 1994 τόν
305 1934 376 2015 ἦγον
400 1935 523 2014 Κροίσῳ,
546 1936 591 1993 καὶ
613 1939 663 1994 τοῦ
687 1935 809 2010 θώρηκος
831 1935 881 1994 τόν

84 2021 195 2081 αὐτοῖσι
202 2021 327 2098 Ἀμασις
337 2022 352 2081 ὁ
364 2021 506 2103 Αἰγύπτου
519 2022 658 2098 βασιλεύς
668 2023 774 2101 ἔπεμψε
785 2023 880 2100 δῶρον·

84 2108 130 2166 καὶ
150 2109 205 2189 γάρ
224 2110 335 2186 θώρηκα
356 2109 504 2184 ἐληίσαντο
525 2114 563 2188 τῷ
580 2111 704 2188 προτέρῳ
721 2112 775 2169 ἔτεϊ
794 2108 812 2185 ἢ
831 2109 881 2169 τόν

84 2201 208 2274 κρητῆρα
227 2200 253 2256 οἱ
272 2196 382 2273 Σάμιοι,
397 2196 476 2256 ἐόντα
493 2200 544 2273 μὲν
560 2199 652 2257 λίνεον
670 2198 715 2256 καὶ
733 2196 805 2276 ζῴων
824 2202 881 2257 ἐνυ·

86 2285 238 2361 φασμένων
268 2289 387 2362 συχνόν,
416 2287 622 2361 κεκοσμημένον
652 2285 681 2343 δὲ
713 2289 809 2363 χρυσῷ
836 2285 882 2343 καὶ

85 2373 197 2447 εἰρίοισι
215 2371 270 2430 α’πδ
288 2373 383 2441 ξύλου.
417 2376 472 2431 τῶν
486 2373 515 2430 δὲ
533 2373 622 2431 εἵνεκα
641 2372 787 2448 θωυμάσαι
805 2371 883 2442 ἄξιον

85 2459 223 2535 ἁρπεδόνη
247 2459 351 2534 ἑκάστη
372 2463 422 2518 τοῦ
444 2459 566 2535 θώρηκος
591 2460 688 2518 ποιέει·
717 2463 802 2517 ἐοῦσα
827 2459 882 2539 γάρ

84 2547 184 2622 λεπτή,
199 2549 256 2626 ἔχει
269 2546 420 2624 ἁρπεδόνας
439 2551 468 2606 ἐν
483 2551 568 2624 ἑωυτῇ
581 2546 741 2622 τριηκοσίας
759 2547 805 2604 καὶ
822 2547 881 2622 ἐξή-

86 2661 170 2695 κοντα
185 2637 278 2698 πάσας
292 2635 423 2712 φανεράς.
456 2639 581 2698 τοιοῦτος
595 2635 685 2712 ἕτερός
699 2639 759 2693 ἐστι
772 2635 817 2692 καὶ
832 2634 883 2695 τόν

85 2729 115 2784 ἐν
128 2724 217 2803 Λίνδῳ
231 2724 346 2799 οἶνέθηκε
358 2728 393 2802 τῇ
405 2723 539 2802 Ἀθηναίη
548 2723 681 2799 Ἀ’μασις.

111 2812 358 2887 ’Συνεπελάβοντο
391 2812 421 2871 δὲ
446 2815 496 2871 τοῦ
522 2810 729 2887 στρατεύματος
757 2815 808 2870 τοῦ
836 2811 881 2871 ἐπὶ
890 2813 927 2871 48

86 2898 191 2975 Σάμον,
220 2899 293 2959 ὥστε
317 2900 457 2980 γενέσθαι,
486 2899 531 2957 καὶ
558 2899 702 2975 Κορίνθιοι
724 2897 881 2975 προθύμως.

85 2987 214 3063 ὕβρισμα
235 2987 291 3067 γάρ
313 2989 359 3045 καὶ
382 2993 409 3050 ἐς
430 2985 544 3049 τούτους
566 2987 623 3065 εἶχε
644 2993 674 3045 ἐκ
695 2990 751 3045 τῶν
765 2987 882 3061 Σαμίων

84 3074 235 3156 γενόμενον
247 3078 329 3155 γενεῇ
341 3073 477 3151 πρότερον
488 3079 539 3133 τοῦ
555 3074 761 3151 στρατεύματος
773 3072 881 3133 τούτου·

85 3161 170 3244 [κατὰ
183 3161 217 3236 δη
231 3160 280 3220 τόν
294 3161 378 3222 αὐτόν
391 3162 493 3243 χρόνον
506 3165 557 3224 τοῖι
578 3167 719 3240 κρητῆρος
729 3165 772 3238 τῇ
781 3161 908 3234 {xm-“fh

80 3248 220 3331 γεγονός]
250 3254 437 3333 Κερκυραίων
456 3254 516 3339 γὰρ
537 3253 648 3318 παῖδας
666 3247 864 3330 τριηκοσίους
877 3238 932 3294 {w-
