2040 3464
91 106 232 171 ιιι-ιιι]
382 109 608 157 mmmmm
845 112 892 162 327

88 191 162 264 χρὴν
183 185 267 245 αύτάν
288 185 397 245 πόντων
417 191 473 246 τῶν
496 186 593 246 ἄλλων
614 187 798 265 ἀπεχόμενον,
821 187 892 248 οὕτω
936 234 938 238 »

90 276 158 333 ἰέναι
175 275 220 332 ἐπὶ
238 273 290 349 τὴν
309 274 455 351 ἡμετέρην·
477 275 522 332 καὶ
541 272 576 332 ἂν
589 273 690 349 ἐδήλου
702 278 784 345 πᾶσι,
799 274 834 338 ὦς
847 277 893 335 ἐπὶ

89 362 199 426 Σκύθας
220 360 328 421 ἐλαύνει
349 364 394 420 καὶ
416 361 466 420 ούκ
489 362 534 419 ἐπὶ
555 362 620 425 τούς
643 360 758 424 ἀλλους.
792 367 840 422 νῦν
861 365 890 422 δέ

89 452 152 508 ἐπεί
169 476 199 508 τε
219 449 342 528 τάχιστα
361 449 442 525 διέβη
456 449 538 525 τήνδε
553 449 605 525 τὴν
624 448 747 526 ἡπειρον,
761 450 825 513 τοῦς
839 453 893 510 αἰεὶ

89 537 217 612 ἐμποδιύν
237 539 398 618 γινομένους
418 538 571 614 ἡμεροῦται
589 538 704 599 πάντας·
725 538 789 600 τούς
808 564 840 598 τε
858 540 892 614 δὴ

87 623 194 688 ἀλλους
216 626 273 704 ἔχει
295 625 341 684 ὑπ’
365 629 452 704 ἑωυτῷ
473 625 601 702 Θρήϊκας,
624 626 669 683 καὶ
696 624 730 700 δὴ
757 627 803 684 καὶ
828 627 893 690 τοῦς

531 715 539 734 Ι
596 712 612 732 ’2

86 711 155 788 ἡμῖν
165 713 260 776 ἐόντας
272 713 487 791 πλησιοχώρους
500 720 595 776 Γετας.
643 717 737 772 Ταῦτα
746 714 872 775 Σκυθέων
883 718 938 774 119

88 802 346 882 ἐπαγγελλομένων,
356 801 541 876 ἐβουλεύοντο
552 805 579 860 οἱ
591 801 727 877 βασιλέες
736 805 762 860 οἱ
771 799 826 860 ἀπό
837 807 892 863 τῶν

88 889 186 948 ἐθνέων
198 888 319 964 ἥκοντες·
341 890 389 948 καί
400 896 496 964 σφεων
510 890 688 968 ἐσχίσθησαν
701 892 730 947 αἶ
742 893 858 968 γνῶμαι·
876 889 892 950 ό

86 979 139 1051 μὲν
151 976 206 1057 γάρ
220 976 354 1046 Γελωνός,
370 976 444 1035 καὶὸ
458 977 597 1044 Βουδῖνος,
612 977 657 1034 καὶ
671 976 686 1035 ό
701 975 890 1054 Σαυρομάτης,

89 1065 159 1123 κατά
176 1065 264 1125 τώυτό
282 1065 434 1146 γενόμενοι,
449 1064 613 1123 ὑπεδέκοντο
633 1063 759 1142 Σκύθῃσι
772 1066 891 1142 τιμωρὴ·

88 1177 158 1211 σειν·
178 1152 193 1212 ἀ
207 1153 237 1211 δέ
249 1151 434 1231 Ἀγάθυρσος,
445 1152 490 1209 καὶ
504 1151 620 1228 Νευρδς,
631 1153 676 1209 καὶ
688 1151 890 1231 Ἀνδροφάγος,

88 1240 134 1297 καὶ
147 1243 174 1298 οἱ
187 1243 242 1299 τῶν
255 1241 482 1320 Μελαγχλαίνων
496 1240 541 1297 καὶ
554 1239 674 1315 Ταύρων,
685 1239 750 1298 τάδε
765 1240 891 1319 Σκύθῃσι

86 1326 277 1404 ῦπεκρίναντο·
295 1337 313 1363 “
322 1332 346 1386 εἰ
358 1330 410 1405 μὲν
422 1327 463 1404 μὴ
477 1326 555 1403 ῦμεῖς
568 1328 628 1385 ἐατε
643 1331 670 1386 οἱ
683 1326 818 1404 πρότερον
831 1328 887 1386 ἀδι-

88 1414 223 1490 κήσαντες
236 1416 352 1492 Πέρσας
365 1416 411 1473 καὶ
425 1412 554 1492 ἄρξαντες
568 1416 704 1492 πολέμου,
715 1415 819 1474 τούτων
832 1415 889 1475 δεό-

87 1529 167 1579 μενοι
185 1508 240 1562 τῶν
257 1507 307 1563 νῦν
325 1504 423 1562 δέεσθε
441 1503 535 1583 λέγειν
552 1528 583 1561 τε
602 1501 636 1561 ἀν
656 1503 805 1577 ἐφαίνεσθε
822 1503 889 1579 ἡμῖν

88 1589 167 1666 όρθά,
183 1592 228 1648 καὶ
241 1590 321 1668 ἡμεῖς
340 1590 548 1653 ύπακούσαντες
560 1589 648 1650 τάυτά
662 1589 696 1649 ἂν
708 1589 773 1666 ύμῖν
787 1590 889 1666 ἐπρήσ-

88 1703 187 1754 σομεν·
209 1683 256 1738 νῦν
275 1679 304 1737 δέ
322 1679 400 1755 ύμεῖς
419 1705 451 1739 τε
472 1684 499 1741 ἐς
519 1679 572 1754 τὴν
588 1679 696 1738 ἐκείνων
717 1679 889 1754 ἐσβαλόντες

87 1770 142 1846 γὴν
156 1764 219 1825 ἀνευ
240 1766 340 1842 ἡμέων,
358 1767 535 1844 ἐπεκρατέετε
553 1767 687 1844 Περσέων
700 1765 769 1826 ὅσον
786 1766 888 1844 χρόνον

86 1852 154 1929 ύμῖν
167 1853 183 1913 ὁ
197 1854 259 1917 θεός
271 1855 429 1931 παρεδίδου·
451 1855 497 1912 καὶ
511 1857 616 1923 ἐκεῖνοι,
629 1856 690 1913 ἐπεί
700 1861 791 1929 σφεας
805 1853 889 1917 ὦυτός

88 1941 152 2004 θεός
172 1944 278 2022 ἐγείρει,
297 1943 349 2019 τὴν
369 1943 468 2020 ίμοίην
487 1942 553 2018 ύμῖν
570 1941 744 2001 ἀποδιδοῦσι·
764 1941 844 2018 ἡμεῖς
859 1943 890 2001 δὲ

88 2028 152 2087 οὔτε
170 2056 198 2088 τι
212 2030 275 2090 τότε
294 2031 468 2107 ἠδικήσαμεν
481 2030 545 2092 τοῦς
563 2028 664 2105 ἀνδρας
676 2029 790 2093 τούτους
799 2029 888 2108 γούδέν,

87 2115 152 2176 ούτε
169 2121 217 2177 νῦν
234 2119 365 2195 πρότεροι
383 2118 577 2194 πειρησόμεθα
595 2117 720 2177 ἀδικέειν·
741 2116 776 2193 ἡν
793 2119 888 2194 μέντοι

88 2205 153 2282 ἐπίῃ
167 2207 213 2263 καὶ
227 2207 273 2264 ἐπὶ
286 2206 338 2281 τὴν
351 2206 487 2282 ἡμετέρην
495 2203 565 2284 ἀρξη
577 2231 608 2263 τε
622 2204 743 2275 ἀδικέων,
752 2207 797 2263 καὶ
809 2205 889 2280 ἡμεῖς

88 2291 121 2351 ού
134 2293 300 2370 πεισόμεθα·
321 2295 405 2372 μέχρι
419 2295 448 2353 δὲ
461 2297 544 2352 τοῦτο
557 2294 664 2369 ἴδωμεν,
678 2295 811 2369 μενέομεν
824 2293 889 2370 παρ’

87 2379 156 2456 ἡμῖν
177 2381 298 2441 αύτοῖσι·
327 2382 404 2457 ἡκειν
428 2380 484 2462 γάρ
509 2381 640 2456 δοκέομεν
661 2380 712 2439 ούκ
739 2380 780 2438 ἐπ’
802 2380 889 2457 ἡμέας

88 2469 213 2543 Πέρσας,
232 2468 298 2528 ἀλλ’
318 2470 363 2528 ἐπὶ
380 2469 446 2532 τούς
464 2469 567 2530 αἰτίους
581 2471 632 2543 τῆς
651 2467 757 2542 ἀδικίης
776 2471 888 2548 γενομέ·

87 2555 176 2618 νους.”

128 2648 222 2704 Ταῦτα
230 2644 265 2708 ὦς
272 2644 470 2723 ἀπενειχθέντα
479 2641 614 2703 ἐπύθοντο
625 2646 652 2701 οἱ
661 2641 774 2710 Σκύθαι,
785 2645 867 2718 ἐβου-
878 2647 935 2702 120

86 2730 203 2791 λεύοντο
225 2733 373 2810 ἰθυμαχίην
392 2735 444 2808 μὲν
462 2732 600 2811 μηδεμίαν
619 2731 765 2789 ποιέεσθαι
787 2735 817 2788 ἐκ
838 2735 889 2790 τοῦ

86 2819 234 2895 ἐμφανέος,
251 2818 306 2898 (ὅτι
327 2820 361 2894 δή
379 2827 435 2894 σφι
455 2819 534 2879 οὗτοί
547 2845 581 2900 γε
594 2818 740 2896 σύμμαχοι
753 2817 785 2877 ού
799 2845 888 2895 προσ·

86 2909 231 2988 εγίνσντο,)
259 2908 415 2976 ῦπεξιόντες
442 2908 470 2966 δὲ
496 2907 553 2989 [καὶ
579 2905 821 2986 ὑπεξελαύνοντες]
853 2907 888 2964 τά

85 2997 196 3073 φρέατα
209 2997 245 3056 τά
258 2996 414 3072 παρεξίοιεν
427 2997 505 3055 αῦτοὶ
519 2996 565 3053 καὶ
577 2995 627 3057 τάς
640 2994 741 3071 κρήνας
753 2997 888 3074 συγχοῦν,

83 3085 138 3160 τὴν
159 3085 244 3161 ποίην
264 3110 295 3142 τε
319 3088 349 3141 ἐκ
370 3088 421 3159 τῆς
442 3088 495 3165 γῆς
521 3083 668 3159 ἐκτρίβειν,
693 3082 773 3160 διχοῦ
796 3082 889 3156 σφέας

84 3172 234 3237 διελόντες·
255 3174 301 3230 καὶ
319 3171 390 3250 πρός
408 3175 460 3250 μὲν
477 3171 529 3248 τὴν
551 3171 617 3248 μίαν
637 3175 692 3232 τῶν
709 3171 826 3248 μοιρέων
847 3173 904 3237 τῆς

78 3267 237 3342 εβασίλευε
248 3261 413 3333 Σκώπασις,
424 3263 626 3342 προσχωρέειν
632 3257 844 3336 Σαυρομότας
858 3247 928 3307 τῦδδ·
993 3258 1004 3373 ’φ
