2040 3464
143 112 191 159 ιιι
443 110 628 159 Ἧνοιουοι·
872 108 944 174 [111.

144 188 222 256 ἔδοξέ
238 195 294 262 σφι
313 190 431 248 ἕκαστον
450 189 536 266 ἄνδρα
557 191 690 265 Περσέων
704 191 945 266 προσεταιρίσασ·

113 300 115 304 ·
145 277 199 345 θαι,
213 279 311 335 τοῦτον
327 281 365 354 τῷ
377 276 502 336 πιστεύει
516 277 654 353 μάλιστα.
690 275 809 353 Ὀτάνης
827 278 880 352 μέν
897 304 946 338 νυν

145 363 287 442 εἰσάγεται
319 362 503 439 Ἰνταφέρνεα,
536 363 671 440 Γωβρύης
701 363 731 422 δὲ
762 364 945 444 Μεγάβυζον,

144 448 317 526 Ἀσπαθίνης
337 452 366 509 δὲ
386 451 527 527 Ὑδάρνεα·
555 451 709 531 γεγονότων
730 450 760 508 δὲ
779 450 885 511 τούτων
907 453 945 523 ἓξ,

145 540 326 617 παραγίνεται
344 544 371 603 ἐς
390 539 425 598 τοὶ
443 540 540 602 Σοῦσα
558 541 675 614 Δαρεῖος
688 538 704 598 ό
717 537 898 602 Ὑστάσπεος
916 545 947 599 ἐκ

148 628 280 702 Περσέων
292 626 374 701 ἥκων·
395 626 498 687 τούτων
510 627 565 708 γάρ
579 627 612 702 δὴ
626 626 661 702 ἦν
677 629 703 685 οἱ
720 625 736 686 ό
752 625 845 702 πατήρ
858 627 947 704 ὑπαρ-

147 740 207 792 χος·
228 715 287 773 ε’πεὶ
307 714 343 775 ὧν
362 713 441 778 οὗτος
460 714 583 783 ἀπίκετο,
596 719 672 773 τοῖσι
691 714 722 783 ἓξ
737 717 793 774 τῶν
809 717 947 791 Περσέων

102 803 136 864 71
148 801 222 871 ἔδοξε
241 803 287 860 καὶ
306 807 424 879 Δαρεῖον
441 803 724 879 προσεταιρίσασθαι.
760 802 947 866 Συνελθόντες

148 891 178 948 δὲ
202 887 286 958 οὗτοι,
310 890 399 952 ε’όντες
422 890 500 959 ἑπτά,
524 889 652 948 ἐδίδοσάν
672 896 761 964 σφισι
782 890 880 954 πίστις
900 893 947 949 καὶ

148 977 258 1057 λόγους.
290 979 352 1035 ε’πεί
362 1004 392 1036 τε
406 978 435 1036 δὲ
449 984 475 1040 ἐς
491 982 609 1037 Δαρεῖον
623 977 737 1036 άπίκετο
749 978 864 1057 γνώμην
877 976 947 1037 άπα-

149 1067 307 1140 φαίνεσθαι,
322 1066 402 1146 ἔλεγέ
415 1073 470 1141 σφι
481 1064 556 1124 τάδε·
579 1076 595 1101 “
605 1065 659 1145 ε’γῶ
671 1070 758 1126 ταῦτα
772 1065 883 1126 ε’δόκεον
894 1068 948 1142 μὲν

148 1153 230 1216 αὑτός
252 1158 353 1230 μοῦνος
377 1155 555 1222 ἐπίστασθαι,
581 1152 624 1212 ὅτι
646 1179 678 1212 τε
701 1152 717 1213 ὁ
741 1153 842 1231 Μάγος
867 1155 909 1230 εἴη
931 1154 947 1214 ό

148 1242 310 1317 βασιλεύων
332 1243 378 1300 καὶ
400 1243 517 1318 Σμέρδις
537 1240 553 1301 ὑ
574 1241 668 1318 Κύρου
688 1241 876 1316 τετελεύτηκε·
901 1244 948 1301 καὶ

149 1329 233 1389 αὑτοῦ
245 1330 344 1389 τούτου
361 1330 462 1389 εἵνεκεν
473 1328 531 1405 ἥκω
548 1329 667 1407 σπουδῇ,
683 1329 718 1391 ὑς
734 1330 889 1403 συστήσων
901 1332 949 1390 ε’πὶ

148 1423 186 1497 τῷ
202 1418 293 1498 Μάγῳ
314 1418 441 1478 θάνατον·
463 1419 525 1476 ε’πεί
542 1443 573 1476 τε
593 1418 622 1476 δὲ
643 1417 785 1492 συνήνεικε
806 1417 880 1477 ὥστε
901 1420 947 1478 καὶ

149 1506 233 1582 ὑμέας
247 1507 345 1566 εἰδέναι
361 1507 407 1565 καὶ
422 1506 461 1582 μὴ
475 1510 579 1581 μοῦνον
591 1509 649 1582 ε’μέ,
664 1507 767 1564 ποιέειν
780 1504 880 1564 αὑτίκα
898 1532 950 1581 μοι

150 1594 237 1653 δοκέει
251 1584 297 1653 καί
309 1594 349 1672 μη
360 1594 604 1670 ὑπερβάλλεσθαι·
621 1592 652 1653 οὑ
662 1593 717 1673 γάρ
729 1591 866 1669 άμεινον.”
888 1595 950 1654 εἶπε

149 1682 219 1758 πρός
235 1686 322 1742 ταῦτα
340 1682 356 1741 ὁ
374 1681 503 1758 Ὀτάνης·
524 1681 572 1740 “03
589 1684 642 1739 παῖ
657 1680 843 1750 Ὑστάσπεος,
862 1682 900 1744 εἶς
918 1709 950 1742 τε

150 1771 254 1847 πατρός
272 1770 379 1848 ἀγαθοῦ
401 1770 446 1828 καὶ
465 1770 604 1846 ἐκφαίνειν
624 1770 713 1832 ἔοικας
732 1769 855 1830 σεωυτόν
868 1770 951 1830 ε’άντα

149 1862 199 1917 τοῦ
225 1858 330 1933 πατρός
356 1857 434 1916 οῦδὲν
457 1857 548 1932 ἥσσω·
577 1856 628 1933 τὴν
655 1856 750 1932 μέντοι
773 1859 951 1935 ἐπιχείρησιν

148 1945 251 2021 ταύτην
273 1946 312 2021 μή
334 1944 403 2004 οὕτω
427 1945 580 2023 συντάχυνε
601 1942 739 2020 άβούλως,
761 1943 826 2002 ἀλλ’
850 1947 896 2004 ε’πὶ
917 1947 951 2007 τό

151 2034 381 2111 σωφρονέστερον
402 2031 488 2107 αῦτην
515 2031 656 2109 λάμβανε·
685 2032 727 2090 δεῖ
749 2031 804 2112 γάρ
827 2037 952 2097 πλεῦνας

149 2122 313 2201 γενομένους
340 2120 409 2179 οὕτω
437 2119 623 2198 ἐπιχειρέειν.”
664 2121 742 2199 λέγει
765 2119 835 2195 πρός
862 2126 952 2181 ταῦτα

150 2213 277 2286 Δαρεῖος·
298 2207 418 2283 “ο”ινδρες
438 2212 465 2267 οἱ
480 2207 636 2285 παρεόντες,
650 2208 743 2286 τρόπῳ
761 2212 800 2286 τῷ
816 2211 952 2290 εἰρημένῳ

150 2298 181 2366 ἐξ
193 2297 315 2357 Ὀτάνεω
336 2301 359 2355 εἰ
379 2297 532 2375 χρήσεσθε,
551 2298 706 2356 ἐπίστασθε
727 2295 770 2355 ὅτι
790 2295 952 2357 άπολέεσθε

151 2386 279 2446 κάκιστα·
297 2386 400 2456 ἐξοίσει
412 2385 467 2465 γάρ
480 2410 521 2447 τις
534 2384 605 2461 πρός
617 2384 667 2443 τόν
680 2383 791 2463 Μάγον,
806 2384 861 2462 ἰδίῃ
875 2411 952 2463 περι-

150 2476 331 2552 βαλλόμενος
339 2479 427 2551 έωυτῷ
436 2474 540 2550 κέρδεα.
562 2473 688 2547 μάλιστα
698 2473 750 2548 μέν
759 2498 807 2531 νυν
815 2470 952 2547 ὠφείλετε

153 2563 194 2621 ἐπ’
204 2563 293 2639 ὑμέων
307 2561 396 2620 αὑτῶν
409 2560 565 2636 βαλόμενοι
578 2561 680 2618 ποιέειν
690 2563 786 2618 ταῦτα·
805 2560 868 2618 ε’πεί
878 2586 910 2619 τε
924 2562 952 2619 δὲ

151 2651 217 2727 ὑμῖν
225 2651 372 2726 ἀναφέρειν
382 2655 408 2712 ἐς
416 2652 536 2710 πλεῦνας
547 2647 637 2728 ε’δόκεε
647 2649 692 2706 καὶ
702 2648 763 2723 ἐμοὶ
772 2647 952 2724 ὑπερέθεσθε,

151 2738 169 2815 ἢ
183 2741 317 2814 ποιέωμεν
330 2738 461 2813 σήμερον,
476 2734 494 2811 ἢ
508 2736 578 2805 ἴστε,
592 2735 656 2811 ὑμῖν
671 2735 713 2794 ὅτι
726 2733 760 2810 ἢν
774 2735 922 2815 ὑπερπέσῃ
934 2735 953 2812 ἦ

151 2833 199 2887 νῦν
208 2827 306 2902 ἡμέρη,
320 2825 354 2888 ὥς
368 2825 417 2884 οὑκ
431 2824 520 2885 άλλος
531 2824 605 2899 φθάς
619 2828 684 2899 ἐμεῦ
699 2823 853 2903 κατήγορος
864 2826 953 2895 ἔσται,

154 2916 230 2974 άλλά
252 2921 330 2988 σφεα
349 2912 431 2976 αὑτός
448 2912 501 2992 ε’γιῦ
524 2913 641 2988 κατερέω
661 2913 731 2989 πρός
751 2912 801 2971 τόν
824 2911 954 2992 Μάγον.”

109 3007 142 3065 ῗ2
153 3005 237 3084 Λέγει
250 3004 320 3078 πρός
333 3007 421 3060 ταῦτα
433 3001 560 3076 Ὀτάνης,
575 2999 668 3075 ἐπειδὴ
683 2999 740 3076 ὥρα
757 3000 954 3079 σπερχόμενον

144 3094 279 3170 Δαρεῖον·
298 3099 316 3126 “
325 3089 388 3150 ἐπεί
398 3115 429 3151 τε
441 3089 528 3167 ἡμέας
542 3088 721 3166 συνταχύνειν
732 3087 897 3168 ἀναγκάζεις
906 3092 954 3150 καὶ

55 3204 79 3255 2
133 3180 390 3260 ὑπερβάλλεσθαι
404 3180 455 3244 οὑκ
468 3179 577 3262 ἔφς,”ιθι
589 3177 687 3257 ἐξηγέο
698 3174 959 3255 αῦτδςῖιτεωτςιόπω

123 3268 258 3348 πάριμεν
273 3277 307 3337 ἐς
321 3274 360 3334 τά
377 3271 543 3353 βασιλὺἱα,
560 3269 607 3328 καὶ
621 3260 840 3343 ἒπιχειρήςςμῑν
855 3259 971 3317 νλτῦνςῖ
