2040 3464
90 111 201 176 75-77]
436 112 548 162 πλατο.
860 115 890 166 ιι

111 195 119 214 ἱ
176 191 184 211 ἱ
229 191 237 212 λ
321 193 329 211 Ι

109 217 121 249 ε
140 217 186 249 και
204 218 237 251 το
253 217 386 268 παραπαν
400 192 517 271 λέγουσι
536 192 582 250 καὶ
599 189 632 250 τδ
649 189 769 269 α’ρχαίον
781 190 895 269 ῥέεθρον

90 277 327 354 ἀποξηρανθῆναι·
348 277 524 343 ἇλλοίτοῦτο
541 282 593 354 μὲν
610 278 642 337 ού
659 279 820 355 προσίεμαι·
842 284 895 344 κῶς

69 392 79 404 ·
89 366 148 446 γοίρ
162 366 253 425 ὀπίσω
266 365 447 443 πορευόμενοι
461 366 600 441 διέβησαν
613 365 715 435 αύτύν;

134 457 259 529 Κροῖσος
270 455 306 523 δὲ,
319 455 381 513 ε’πεί
391 480 422 514 τε
436 454 537 529 διαβύς
548 453 602 512 σύν
612 457 650 532 τῷ
659 457 770 532 στρατῷ
780 453 894 513 ιίπίκετο
904 456 941 515 76

91 544 143 616 τῆς
157 542 359 617 Καππαδοκίης
373 547 400 604 ἐς
414 540 467 616 τήν
481 541 604 618 Πτερίην
618 542 799 617 καλεομένην·
821 541 851 619 (ἦ
865 542 895 600 δὲ

92 629 201 704 Πτερίη
215 629 277 687 ἐστὶ
290 633 340 704 τῆς
352 628 445 707 χώρης
457 627 558 705 ταύτης
570 628 603 689 τό
618 628 810 708 ἰσχυρότατον,
826 628 896 688 κατὰ

91 714 222 791 Σινώπην
238 715 324 775 πόλιν
342 717 394 792 τήν
414 721 444 775 ἐν
461 715 581 795 Εύξείνῳ
601 717 693 794 πόντῳ
712 716 840 792 μάλιστα
860 742 895 792 κη

91 803 224 882 κειμένη)
240 805 356 864 ἐνθαῦτα
371 804 631 884 ε’στρατοπεδεύετο,Ι
641 805 762 880 φθείρων
774 809 829 862 τῶν
843 807 894 865 Συ-

89 890 157 966 ρίων
173 891 237 954 τούς
254 891 381 966 κλήρους.
424 893 470 950 καὶ
487 893 544 950 εἷλε
564 895 616 968 μὲν
630 896 685 950 τῶν
702 893 826 967 Πτερίων
842 892 895 966 τήν

91 977 185 1048 πόλιν,
207 978 254 1037 καὶ
273 979 507 1054 ἠνδραποδίσατο·
530 980 587 1039 εἷλε
608 979 638 1038 δὲ
657 979 707 1042 τὰς
726 980 896 1056 περιοικίδας

91 1063 178 1140 αύτῆς
191 1065 294 1127 παίσας·
317 1067 431 1144 Συρίους
443 1093 475 1126 τε
489 1066 568 1126 ούδὲν
581 1066 676 1130 ἐόντας
692 1068 795 1130 αἰτίους
808 1067 894 1126 α’νασ-

90 1151 191 1216 τάτους
205 1155 329 1229 ἐποίησε.
362 1160 456 1231 Κῦρος
469 1155 498 1213 δὲ
512 1154 623 1235 οἰγείρας
636 1155 685 1214 τᾶν
696 1159 795 1213 ἑωυτοῦ
810 1181 895 1231 στρα-

91 1240 141 1299 τδν
158 1243 204 1299 καὶ
224 1243 400 1317 παραλαβών
414 1242 479 1305 τούς
499 1242 603 1317 μεταξύ
624 1242 763 1304 οἰκέοντας
780 1242 895 1311 πάντας,

91 1327 219 1402 ἠντιοῦτο
241 1332 366 1409 Κροίσῳ·
390 1331 457 1405 πρὶν
477 1330 507 1388 δὲ
528 1329 683 1398 ἐξελαύνειν
701 1328 826 1404 ὁρμῆσαι
846 1329 896 1389 τιίν

59 1448 62 1454 <
93 1416 224 1493 στρατὸν,
245 1419 359 1496 πέμψας
380 1417 499 1494 κήρυκας
519 1422 547 1480 ἐς
565 1415 631 1479 τούς
649 1416 747 1478 Ἴωνας
768 1417 896 1492 ἐπειρᾶτό

92 1511 185 1579 σφεας
199 1504 254 1564 α’πδ
266 1507 393 1581 Κροίσου
404 1504 602 1580 αἰπισταίμεναι·
619 1502 711 1566 Ἴωνες
723 1504 776 1580 μέν
786 1530 834 1564 νυν
844 1503 894 1564 ούκ

452 1592 460 1611 ι
498 1592 506 1611 ι
533 1593 541 1613 ι

93 1593 246 1652 ἐπείθοντο.
289 1598 382 1670 Κῦρος
396 1594 425 1653 δέ
439 1620 474 1655 ως
488 1618 602 1651 απικετο
616 1593 662 1650 καὶ
676 1591 893 1668 ἀντεστρατοπε-

92 1679 212 1739 δεύσατο
229 1681 352 1760 Κροίσῳ,
371 1683 489 1741 ἐνθαῦτα
506 1684 585 1759 ἐντῇ
606 1680 712 1758 Πτερίη
730 1681 807 1759 χώρη
824 1685 893 1739 ἐπει·

91 1766 182 1844 ριύατο
194 1769 263 1827 κατιί
273 1770 305 1828 τύ
318 1769 435 1847 ἰσχυρδν
444 1768 588 1844 ἀλλήλων.
615 1768 709 1848 μοίχης
721 1769 751 1828 δὲ
761 1774 894 1846 καρτερῆς

91 1857 241 1935 γενομένης
260 1858 306 1916 καί
325 1856 469 1917 πεσόντων
488 1856 654 1934 ἀμφοτέρων
671 1861 795 1926 πολλῶν,
812 1859 895 1920 τέλος

92 1943 230 2020 οὐδέτεροι
243 1945 405 2020 νικήσαντες
419 1947 580 2021 διέστησαν,
595 1945 691 2008 νυκτδς
705 1944 886 2021 ἐπελθούσης.

133 2033 191 2091 Καὶ
206 2032 242 2091 τοί
263 2036 315 2110 μὲν
335 2033 512 2109 στρατόπεδα
532 2033 680 2110 ἀμφότερα
696 2033 780 2095 οὕτως
795 2033 938 2114 η’γωνί-’ίί

91 2145 172 2190 σατο,
196 2125 322 2198 Κροῖσος
349 2121 379 2180 δὲ
404 2122 544 2198 μεμφθεὶς
570 2121 640 2180 κατοί
666 2120 699 2179 τδ
725 2123 836 2196 πλῆθος
858 2121 892 2181 τδ

92 2212 193 2268 ἑωυτοῦ
207 2210 376 2286 στράτευμα·
398 2209 446 2289 (ἦν
458 2209 513 2290 γοίρ
527 2212 553 2268 οἰ
570 2208 586 2268 ὁ
599 2209 758 2285 συμβαλών
772 2209 893 2286 στρατύς

90 2297 203 2361 πολλὸν
217 2298 347 2358 ἐλάσσων
360 2296 378 2373 ἢ
393 2297 408 2357 ὁ
423 2296 540 2377 Κύρου)
555 2301 639 2356 τοῦτο
651 2297 797 2372 μεμφθεὶς,
810 2297 845 2360 οἷς
857 2301 893 2374 τῇ

90 2383 225 2462 ιίστεραίη
243 2384 292 2444 ούκ
309 2389 438 2462 ἐπειρᾶτο
454 2386 537 2444 ἐπιών
554 2384 570 2444 ὁ
589 2389 690 2460 Κῦρος,
705 2385 848 2460 ἀπήλαυνε
864 2391 892 2448 ἐς

90 2472 140 2535 τιίς
161 2473 269 2549 Σάρδις,
288 2479 317 2533 ε’ν
335 2473 386 2552 νόῳ
407 2474 484 2552 ἔχων,
501 2475 701 2549 παρακαλέσας
720 2475 772 2549 μὲν
788 2477 892 2553 Αἰγυπ·

90 2562 165 2624 τίους
191 2561 262 2620 κατοί
286 2561 320 2620 τδ
348 2560 449 2637 ὅρκιον,
479 2560 643 2640 (ἐποιήσατο
668 2560 724 2640 γοίρ
752 2562 797 2619 καὶ
823 2562 892 2639 πρύς

90 2646 213 2723 Ἀμασιν
225 2648 417 2724 βασιλεύοντα
428 2649 572 2730 Αἰγύπτου
584 2649 748 2725 συμμαχίην
757 2646 891 2725 πρότερον

90 2736 162 2812 ἤπερ
178 2737 249 2814 πρός
263 2737 519 2817 Λακεδαιμονίους)
533 2736 784 2814 μεταπεμψάμενος
801 2736 830 2794 δὲ
846 2737 890 2795 καί

90 2826 298 2900 Βαβυλωνίους,
312 2825 371 2904 (καὶ
383 2824 438 2906 γοίρ
450 2824 522 2902 πρὸς
533 2825 647 2886 τούτους
660 2824 732 2901 αὐτῷ
746 2823 893 2899 ἐπεποίητο

90 2913 250 2990 συμμαχίη·
265 2906 422 2988 ἐτυράννευε
432 2912 462 2970 δὲ
471 2917 525 2972 τῶν
534 2911 723 2988 Βαβυλωνίων
732 2911 782 2971 τδν
790 2910 893 2988 χρόνον

89 3004 189 3060 τοῦτον
208 2999 397 3079 Λαβύνητος)
418 3001 587 3081 ἐπαγγείλας
606 2999 637 3058 δὲ
656 3000 702 3057 καὶ
721 2999 891 3074 Λακεδαιμο·

90 3087 165 3150 νίους
176 3092 304 3164 παρεῖναι
314 3093 342 3150 ἐς
353 3086 456 3165 χρόνον
469 3087 563 3166 ῥητὸν,
574 3087 680 3149 ἁλίσας
692 3112 726 3146 τε
736 3087 775 3163 δὴ
783 3086 907 3146 τούτους

127 3175 136 3196 ,
176 3172 183 3193 ς
219 3177 227 3196 ι
300 3178 313 3191 .

88 3199 135 3231 και
147 3199 199 3248 την
211 3198 311 3232 εωυτου
327 3176 474 3246 συλλέξας
489 3177 644 3256 στρατιὴν,
659 3175 783 3236 ἐνένωτο
797 3173 852 3233 τδν
864 3184 929 3250 χελ-

73 3262 154 3328 para
166 3261 266 3335 mapa}
278 3260 340 3338 ἅμα
350 3269 393 3345 Τῷ
404 3264 459 3344 ἦρι
467 3267 646 3346 στρατεύειν
658 3259 958 3326 ἒπλτοίιςῑὶέὒῦας·
