2040 3464
181 112 228 157 ιιι
491 109 674 158 Ἧοοιοποιι
918 111 979 176 [ιν.

179 186 271 256 πόλιν,
294 191 322 248 ἐς
341 184 434 261 δεξιῆν
454 185 582 267 οἶπέργων
602 187 654 262 τήν
674 212 706 247 τε
726 187 845 264 Ὑλαίην
866 189 913 248 καὶ
932 192 979 251 τόν

132 277 169 333 56
179 272 345 352 Ἀχιλλήῖον
362 273 531 349 καλεόμενον
545 273 670 349 Δρόμον.
706 274 855 351 Ἕβδομος
873 276 903 334 δὲ
916 279 981 354 Γέρ-

178 387 227 438 ρος
239 359 365 435 ποταμός
384 359 556 438 ἀπέσχισται
574 363 626 436 μὲν
648 360 705 421 α’πό
721 366 772 421 τοῦ
791 363 981 438 Βορυσθένεος

179 447 250 506 κατὰ
262 452 346 506 τοῦτο
355 452 406 522 τῆς
415 448 509 526 χώρης
523 448 575 510 έςδ
589 447 779 528 γινιόσκεταιό
791 452 978 526 Βορυσθένης·
995 450 999 457 ’

179 534 352 613 ἀπέσχισται
367 535 420 609 μέν
440 561 488 594 νυν
509 540 539 592 ἐκ
561 535 661 595 τούτου
681 541 732 595 τοῦ
753 536 855 614 χώρου,
879 536 980 613 ούνομα

179 623 208 681 δὲ
233 624 289 700 ἔχει
309 621 395 697 τόπερ
417 621 433 682 ό
454 627 544 700 χῶρος
572 622 661 692 αὐτός,
684 623 795 700 Γέρρος,
818 626 889 700 ῥέων
911 624 934 684 δ’
956 633 981 690 ἐς

180 709 339 778 θάλασσαν,
354 709 455 785 ούρίζει
475 711 527 784 τήν
545 736 577 769 τε
592 715 647 769 τῶν
662 711 803 786 Νομάδων
818 711 921 790 χώρην,
937 717 982 774 καὶ

178 797 229 872 τὴν
253 801 309 866 τῶν
334 798 496 873 βασιληίων
519 798 656 860 Σκυθέων·
692 798 796 856 ἐκδιδοῖ
822 800 852 857 δὲ
880 806 907 862 ἐς
933 801 982 860 τόν

131 884 337 961 57Ὺπάκυριν.
373 883 497 964 Ὄγδοος
513 885 542 943 δὲ
556 885 589 960 δή
606 884 709 948 Τάναϊς
724 885 862 961 ποταμός·
883 886 981 964 δςρέει

177 972 214 1032 τά
227 972 359 1031 α’νέκαθεν
378 977 407 1030 ε’κ
425 972 526 1048 λίμνης
541 972 668 1052 μεγάλης
682 972 864 1048 όρμειόμενος,
880 975 981 1035 ἐκδιδοῖ

178 1061 208 1119 δὲ
222 1066 248 1123 ἐς
260 1062 333 1136 μέζω
348 1061 387 1118 ἔτι
400 1061 503 1136 λίμνην
517 1061 687 1136 καλεομένην
701 1061 834 1135 Μαιῆτιν,
845 1060 868 1136 ἢ.
879 1061 980 1139 ούρίζει

179 1149 286 1212 Σκύθας
298 1175 330 1207 τε
342 1146 407 1209 τούς
424 1149 595 1223 βασιληίους
615 1149 661 1205 καὶ
682 1147 875 1224 Σαυρομάτας·
912 1155 939 1212 ἐς
952 1151 980 1209 δὲ

177 1237 278 1296 Τάναϊν
296 1240 395 1295 τοῦτον
413 1234 503 1298 ἄλλος
519 1235 646 1313 ποταμός
665 1234 807 1310 ἐσβάλλει
821 1240 862 1314 τῷ
875 1235 979 1314 οὔνομά

129 1326 167 1381 58
178 1330 239 1382 ἐστι
246 1324 354 1404 Ὕργις.
395 1326 478 1381 Τοῖσι
491 1325 542 1400 μὲν
556 1322 590 1398 δη
605 1322 808 1398 ούνομαστοῖσι
823 1329 978 1401 ποταμοῖσι

176 1412 246 1471 οὕτω
259 1412 293 1487 δή
306 1438 334 1471 τι
351 1413 378 1470 οἱ
394 1411 500 1474 Σκύθαι
516 1410 707 1469 ἐσκευάδαται·
727 1415 804 1470 τοῖσι
818 1411 849 1470 δὲ
863 1413 977 1488 κτήνεσι

175 1500 194 1575 ἡ
220 1501 287 1576 ποίη
313 1498 492 1574 άναφυομένη
520 1504 548 1557 ἐν
575 1503 610 1576 τῇ
637 1498 770 1576 Σκυθικῇ,
798 1499 861 1559 ἔστι
884 1506 977 1580 ἐπιχυ-

178 1587 288 1662 λωτάτη
311 1588 424 1645 πασέων
446 1587 546 1644 ποιέων
570 1590 624 1644 τῶν
646 1585 727 1661 η’μεῖς
749 1586 838 1661 ἴδμεν·
870 1586 976 1670 άνοιγο-

175 1676 285 1751 μένοισι
307 1675 336 1733 δὲ
357 1678 434 1732 τοῖσι
457 1672 573 1749 κτήνεσί
592 1677 654 1732 ε’στι
675 1671 915 1750 σταθμώσασθαι,
935 1676 976 1737 ὅτι

174 1767 257 1821 τοῦτο
271 1761 355 1824 οὕτως
369 1763 434 1839 ἔχει.

127 1853 165 1908 59
215 1849 257 1908 Τά
274 1852 326 1925 μὲν
344 1849 377 1923 δι)
393 1849 515 1929 μέγιστα
536 1847 606 1907 οὕτω
625 1854 681 1923 σφι
699 1847 804 1923 εύπορά
827 1854 900 1909 ε’στι.
941 1851 975 1910 τά

174 1939 203 1997 δὲ
226 1937 313 1996 λοιπά
334 1936 435 2012 νόμαια
457 1935 527 1995 κατά
549 1935 616 1995 τάδε
637 1943 693 2011 σφι
714 1935 861 1995 διακέεται·
898 1938 975 2001 θεούς

174 2029 225 2101 μὲν
246 2024 362 2100 μούνους
389 2023 490 2083 τούσδε
518 2023 691 2082 ἱλάσκονται·
721 2022 830 2098 Ἱστίην
850 2027 904 2099 μὲν
924 2025 975 2100 μά-

174 2117 270 2172 λιστα·
298 2112 343 2169 ἐπὶ
361 2112 398 2182 δὲ,
413 2113 469 2169 Δία
486 2137 517 2170 τε
535 2112 580 2168 καὶ
594 2115 660 2185 Γῆν,
678 2111 836 2186 νομίζοντες
852 2112 906 2186 την
919 2117 975 2186 Γῆν

173 2205 223 2259 τοῦ
245 2200 313 2262 Διός
336 2200 404 2257 εἶναι
425 2202 551 2280 γυναῖκα·
578 2197 649 2274 μετά
675 2199 704 2256 δὲ
724 2198 847 2267 τούτους,
870 2199 973 2258 Ἀπόλ-

174 2287 249 2346 λωνά
269 2314 300 2346 τε
322 2287 367 2345 καὶ
395 2286 525 2362 ούρανίην
545 2284 725 2361 Ἀφροδίτην,
751 2286 797 2343 καὶ
819 2285 973 2363 Ἡρακλέα,

174 2378 220 2435 καὶ
227 2376 325 2453 'Apta'
339 2373 453 2435 τούτους
465 2376 517 2449 μὲν
529 2372 630 2436 πάντες
644 2375 670 2431 οἶ
684 2370 790 2437 Σκύθαι
803 2375 975 2450 νενομίκασι·

175 2467 202 2522 οἶ
223 2464 252 2522 δὲ
274 2462 438 2537 καλεόμενοι
459 2461 610 2536 βασιλήιοι
630 2459 736 2524 Σκύθαι
754 2460 800 2518 καὶ
814 2465 853 2539 τῷ
872 2469 975 2522 Ποσει·

174 2552 251 2610 δέωνι
272 2550 380 2609 θύουσι·
402 2548 582 2624 ούνομάζεται
603 2548 633 2606 δὲ
654 2548 797 2617 Σκυθιστὶ,
810 2547 905 2626 Ἱστίη
925 2556 975 2627 μὲν

173 2640 285 2713 Ταβιτί·
321 2637 387 2699 Ζεύς
408 2636 438 2694 δὲ
457 2635 616 2713 (ὀρθότατα,
639 2635 709 2694 κατοὶ
735 2634 850 2716 γνώμην
873 2663 907 2718 γε
927 2637 977 2712 την

174 2725 251 2801 ε’μην,
273 2724 452 2802 καλεόμενος)
473 2726 613 2786 Παπαῖος·
634 2728 677 2798 Γῆ
700 2723 730 2781 δὲ
751 2722 847 2781 Ἀπία·
872 2725 976 2785 Ἀπόλ·

176 2817 230 2872 λων
255 2813 284 2871 δὲ
306 2811 470 2888 Οἰτόσυρος·
499 2811 612 2886 οὐρανίη
636 2811 666 2869 δὲ
686 2810 842 2887 Ἀφροδίτη
864 2810 976 2888 Ἀρτίμ·

179 2927 263 2960 πασα·
288 2900 448 2959 Ποσειδέων
468 2898 497 2957 δὲ
518 2898 732 2975 Θαμιμασάδας.
773 2896 930 2979 ἀγάλματα
950 2901 976 2958 δὲ

175 2990 220 3046 καὶ
241 2988 355 3063 βωμούς
377 2989 423 3044 καὶ
443 2986 524 3062 νηούς
546 2985 578 3044 ού
600 2988 746 3062 νομίζουσι
767 2987 882 3061 ποιέειν,
902 2987 975 3063 πλην

118 3076 260 3156 ὅθἈρηῖ·
281 3074 371 3157 τούτῳ
388 3075 417 3135 δὲ
433 3075 587 3153 νομίζουσι.
628 3075 719 3147 Θυσίη
736 3073 800 3149 δέἦ
819 3074 890 3150 αὕτη
906 3079 974 3135 πᾶσι

80 3178 95 3239 fl,
114 3226 117 3231 ,
156 3168 326 3247 κατέστηκε
340 3168 408 3248 περὶ
421 3164 518 3227 πάντα
534 3162 572 3224 τδ
585 3161 636 3240 ἰρδ
652 3161 905 3238 ὸμολως,“ερδομέυη
917 3160 973 3222 ὦδε·

146 3256 187 3317 τό
208 3260 274 3334 μὲν
297 3259 398 3338 ἶρήϊον
422 3255 496 3318 αὐτὸ
521 3248 768 3330 ἐμπεποδισμὶνςν
791 3244 859 3305 Q
874 3250 991 3317 {ww
