2040 3464
99 111 209 173 82-65]
424 112 586 160 ΕΤΤΕΡΠΗ.
854 112 900 159 139

100 188 188 250 πότος
208 186 293 248 αι’ντδν
315 187 459 265 πρότερον,
483 189 515 248 ού
536 192 669 267 περιορᾶν
689 189 817 264 παριέναι
837 187 903 247 ἀλλ’

99 275 254 350 οἷπερύκειν·
275 273 367 335 τόνδ’
388 277 419 346 ἐξ
438 276 529 351 ἄλλης
545 275 645 339 πόλιος
661 275 837 356 ἀγαγόμενον
857 273 901 335 άν-

100 361 228 438 θριύπους
244 361 309 425 τούς
324 388 356 422 τε
372 363 536 440 προπόλους
548 366 670 442 τρηχέως
685 369 842 440 περισπεῖν,
857 365 904 422 καὶ
917 434 920 440 ¹

100 452 229 511 ἐσελθεῖν
249 450 327 526 παρὰ
349 451 401 526 τὴν
422 452 538 527 μητέρα·
566 451 621 510 <ind
645 451 745 511 τούτου
768 456 807 528 τῷ
823 451 904 528 Ἀρεῖ

100 536 204 614 ταύτην
216 537 268 614 τήν
281 539 395 619 πληγὴν
409 543 438 598 έν
450 543 486 616 τῇ
501 538 570 618 ὁρτῇ
584 540 754 615 νενομικέναι
768 540 851 614 φασί.

143 627 201 684 Καὶ
227 625 260 685 τό
286 626 327 702 μη
354 627 510 706 μίσγεσθαι
537 628 647 706 γυναιξὶ
672 632 700 687 ἐν
725 630 811 703 ἱροῖσι
834 626 905 704 μηδὲ

102 713 239 777 ἀλούτους
252 713 308 772 α’πδ
321 719 458 794 γυναικῶν
477 720 504 776 ές
524 715 570 790 ip&
590 716 702 785 ἐσιέναι,
717 711 797 774 οὗτοί
809 720 864 774 εἶσι
878 718 905 774 οἱ

102 807 212 878 πρῶτοι
226 801 458 877 θρησκεύσαντες.
501 805 527 860 οἶ
547 804 599 878 μὲν
619 802 674 882 γαὶρ
696 800 781 861 ἄλλοι
803 803 905 882 σχεδόν

102 889 204 952 πάντες
229 887 378 966 ἅνθρωποι,
400 889 478 964 πλην
499 890 658 969 Αἰγυπτίων
680 892 726 948 καὶ
750 890 904 966 Ἑλλήνων,

103 977 254 1057 μίσγονται
275 982 304 1036 ε’ν
320 980 416 1053 ἱροῖσι·
439 978 485 1036 καὶ
498 976 554 1037 ιίπδ
570 983 707 1058 γυναικῶν
725 977 906 1056 α’νιστιίμενοι

103 1063 218 1124 ὅλουτοι
240 1065 404 1143 ἐσέρχονται
425 1069 453 1127 ές
475 1064 542 1141 ἱρόν,
567 1066 724 1142 νομίζοντες
746 1066 905 1143 ἀνθρώπους

105 1152 174 1212 εἶναι
195 1152 318 1229 κατάπερ
338 1152 374 1212 τιί
395 1152 473 1211 ἅλλα
495 1152 603 1228 κτήνεα·
629 1155 675 1211 καὶ
697 1155 751 1234 γοῖρ
773 1154 808 1213 τό
830 1153 906 1213 ἅλλα

105 1240 205 1316 κτήνεα
219 1240 287 1317 ὁρᾶν
298 1242 343 1299 καὶ
357 1239 473 1317 ὀρνίθων
483 1243 564 1321 γένεα
578 1239 732 1319 ὀχευόμενα
745 1244 773 1300 ἔν
786 1268 817 1301 τε
830 1247 907 1302 τοῖσι

104 1332 198 1403 νηοῖσι
218 1333 273 1388 τῶν
291 1330 362 1388 θεῶν
381 1329 427 1387 καὶ
448 1334 476 1388 ε’ν
491 1333 568 1388 τοῖσι
589 1331 726 1402 τεμένεσι·
749 1334 773 1388 εἰ
787 1329 823 1388 ὦν
838 1331 906 1390 εἶναι

104 1420 143 1494 τῷ
168 1418 221 1497 θεῷ
245 1420 328 1475 τοῦτο
350 1416 390 1493 μή
413 1417 508 1492 φίλον,
534 1416 583 1475 οὐκ
606 1415 640 1476 ἂν
664 1417 727 1476 οὐδὲ
747 1417 783 1476 τοὶ
806 1418 906 1493 κτήνεα

105 1506 217 1564 ποιέειν.
253 1502 329 1563 οὗτοι
342 1505 394 1578 μέν
408 1530 455 1563 νυν
468 1508 584 1563 τοιαῦτα
598 1506 780 1585 ἐπιλέγοντες,
795 1510 907 1565 ποιεῦσι

106 1594 171 1669 ε’μοί
183 1619 217 1673 γε
238 1592 288 1651 ούκ
307 1591 422 1668 α’ρεστό·
443 1591 592 1672 Αἰγύπτιοι
608 1593 637 1650 δὲ
658 1593 845 1668 θρησκεύουσι
860 1620 908 1653 πε-

104 1685 213 1757 ρισσῶς
224 1679 261 1740 τιί
273 1706 304 1739 τε
317 1678 395 1738 ἅλλα
408 1681 472 1757 περὶ
485 1681 521 1738 τοὶ
535 1679 589 1757 ἱροὶ,
605 1681 650 1738 καὶ
665 1680 698 1755 δὴ
713 1681 758 1738 καὶ
771 1680 846 1740 τάδε.

145 1768 253 1827 Ἐοῦσα
269 1768 299 1827 δὲ
315 1768 456 1847 Αἴγυπτος
475 1767 594 1845 ὅμουρος
612 1773 647 1846 τῇ
665 1769 761 1847 Λιβύη
781 1769 812 1828 οὗ
827 1769 905 1845 μάλα
916 1772 951 1829 65

107 1856 241 1932 θηριώδης
255 1857 325 1914 ἐστί·
346 1856 382 1914 τοὶ
396 1856 425 1914 δὲ
440 1855 521 1914 ε’όντιι
537 1863 593 1931 σφι
614 1855 723 1915 ἅπαντα
741 1857 786 1933 ἱροὶ
800 1859 906 1933 νενόμι·

106 1971 183 2004 σται·
212 1946 257 2002 καὶ
278 1944 314 2002 τοὶ
335 1947 386 2019 μὲν
407 1943 555 2021 σύντροφα
576 1944 686 2003 αύτοῖσι
707 1950 783 2005 τοῖσι
804 1945 906 2023 ἀνθρώ

106 2059 195 2103 ποισι,
212 2032 248 2092 τᾶ
284 2031 356 2092 ὲού.
397 2036 452 2092 τῶν
472 2033 502 2090 δὲ
519 2034 619 2092 εἵνεκεν
640 2033 745 2093 α’νεῖται
764 2034 800 2094 τοὶ
820 2035 865 2111 ἱροὶ
884 2038 908 2093 εἰ

106 2122 227 2201 λέγοιμι,
238 2121 395 2196 καταβαίην
405 2118 440 2179 ἂν
451 2124 490 2198 τῷ
502 2120 579 2201 λόγῳ
591 2127 617 2185 ἐς
629 2123 663 2180 τοὶ
675 2124 737 2181 θεῖα
746 2122 907 2203 πρήγματα,

105 2209 142 2268 τοὶ
153 2210 206 2289 ε’γώ
220 2209 314 2289 φεύγω
327 2208 455 2285 μάλιστα
469 2208 653 2288 ἀπηγέεσθαι·
667 2210 702 2268 τοὶ
713 2211 742 2269 δὲ
753 2213 799 2270 καὶ
813 2211 908 2286 εἴρηκα
945 2248 948 2253 -

105 2297 196 2356 αὐτῶν
205 2296 371 2374 ἐπιψαύσας,
380 2296 516 2377 α’ναγκαίη
525 2298 812 2374 καταλαμβανόμενος
820 2299 906 2358 εἶπον.

106 2387 191 2463 νόμος
205 2386 236 2445 δέ
249 2391 310 2445 ε’στι
322 2386 387 2463 περὶ
404 2390 459 2445 τῶν
473 2386 575 2460 θηρίων
589 2384 640 2444 ὧδε
659 2388 736 2464 ἔχων·
757 2386 907 2463 μελεδωνοὶ

106 2474 309 2553 ἀποδεδέχαται
321 2479 371 2550 τῆς
383 2478 493 2550 τροφῆς
504 2475 589 2551 χωρὶς
603 2473 726 2534 ἑκάστων
740 2475 786 2532 καὶ
800 2475 908 2552 ἔρσενες

106 2564 153 2622 καὶ
170 2564 270 2639 θήλεαι
288 2566 343 2622 τῶν
358 2562 526 2642 Αἰγυπτίων,
543 2566 598 2621 τῶν
619 2566 685 2624 παῖς
704 2561 781 2640 παριὶ
801 2562 908 2638 πατρός

107 2652 245 2712 ἐκδέκεται
258 2650 309 2726 τήν
321 2649 414 2726 τιμήν.
457 2654 484 2708 οἱ
501 2650 530 2707 δὲ
547 2655 576 2708 ἐν
591 2653 659 2726 τῇσι
675 2650 776 2708 πόλισι
793 2650 908 2709 ἔκαστοι

106 2739 191 2819 εὐχὰς
214 2739 302 2799 τάσδε
325 2746 382 2814 σφι
405 2738 601 2797 ἀποτελέουσι·
625 2736 770 2815 εὐχόμενοι
793 2740 831 2816 τῷ
854 2738 908 2816 θεῷ

105 2833 156 2888 τοῦ
169 2827 204 2888 ἂν
216 2827 235 2907 ᾖ
248 2827 281 2887 τδ
301 2827 405 2903 θηρίον,
421 2828 565 2902 ξυροῦντες
581 2829 636 2884 τῶν
651 2825 766 2885 παιδίων
779 2824 797 2901 ἢ
811 2829 908 2885 πᾶσαν

105 2917 158 2992 τήν
178 2915 306 2992 κεφαλήν
324 2913 342 2990 ἢ
360 2914 393 2974 τό
410 2912 531 2990 ἥμισυῆ
547 2913 580 2972 τό
595 2913 688 2989 τρίτον
704 2915 789 2991 μέρος
801 2917 853 2988 τῆς
866 2940 907 2973 κε·

106 3009 211 3082 φαλῆς,
234 3007 333 3064 ἱστᾶσι
353 3003 470 3081 σταθμῷ
490 3000 561 3079 πρός
581 3000 712 3082 ἀργύριον
732 3003 782 3065 τοῖς
801 3004 907 3082 τρίχας·

106 3093 138 3154 τό
160 3092 183 3151 δ’
204 3090 238 3152 ἂν
259 3091 373 3170 ἐλκύσῃ,
399 3093 483 3149 τοῦτο
503 3093 539 3168 τῇ
565 3090 709 3168 μελεδωνῷ
732 3095 788 3150 τῶν
808 3092 911 3165 θηρίων

106 3181 179 3240 διδοῖ
180 3207 186 3219 ·
199 3178 253 3255 ἠδ’
261 3178 415 3240 α’ντάύτοῦ
427 3177 582 3259 τάμνουσα
594 3179 691 3259 ἰχθυς,
701 3179 831 3258 παρέχει
841 3175 939 3251 &W

95 3271 172 3325 τοῖσι
200 3269 339 3344 θηρίοισι.
382 3269 484 3351 τροφὴ
520 3273 575 3352 μὲν
607 3270 646 3349 δὴ
683 3269 810 3332 αδτοῖσι
839 3255 974 3322 ποώδη
