<?xml version="1.0" encoding="UTF-8"?>
<!DOCTYPE html PUBLIC "-//W3C//DTD XHTML 1.0 Transitional//EN"
    "http://www.w3.org/TR/xhtml1/DTD/xhtml1-transitional.dtd">
<html xmlns="http://www.w3.org/1999/xhtml" xml:lang="en" lang="en">
 <head>
  <title>
</title>
<meta http-equiv="Content-Type" content="text/html;charset=utf-8" />
  <meta name='ocr-system' content='tesseract 3.04.00' />
  <meta name='ocr-capabilities' content='ocr_page ocr_carea ocr_par ocr_line ocrx_word'/>
</head>
<body>
  <div class='ocr_page' id='page_1' title='image "./recensuitjoseph00herogoog_0116.png"; bbox 0 0 2040 3464; ppageno 0'>
   <div class='ocr_carea' id='block_1_1' title="bbox 77 111 943 3357">
    <p class='ocr_par' dir='ltr' id='par_1_1' title="bbox 77 111 943 3357">
     <span class='ocr_line' id='line_1_1' title="bbox 100 111 895 174; baseline 0.004 -15"><span class='ocrx_word' id='word_1_1' title='bbox 100 111 239 174; x_wconf 77' lang='lat' dir='ltr'>162--166J</span> <span class='ocrx_word' id='word_1_2' title='bbox 445 115 557 165; x_wconf 77' lang='grc' dir='ltr'>κκΕια.</span> <span class='ocrx_word' id='word_1_3' title='bbox 865 118 895 162; x_wconf 68' lang='grc' dir='ltr'>τι</span> 
     </span>
     <span class='ocr_line' id='line_1_2' title="bbox 98 189 898 274; baseline 0.01 -28"><span class='ocrx_word' id='word_1_4' title='bbox 98 189 167 249; x_wconf 87' lang='grc' dir='ltr'>σθαι</span> <span class='ocrx_word' id='word_1_5' title='bbox 179 190 285 267; x_wconf 78' lang='grc' dir='ltr'>ἡμέρην</span> <span class='ocrx_word' id='word_1_6' title='bbox 297 194 372 268; x_wconf 90' lang='grc' dir='ltr'>μίαν,</span> <span class='ocrx_word' id='word_1_7' title='bbox 386 194 432 252; x_wconf 87' lang='grc' dir='ltr'>καὶ</span> <span class='ocrx_word' id='word_1_8' title='bbox 446 195 539 252; x_wconf 84' lang='grc' dir='ltr'>ἔπειτα</span> <span class='ocrx_word' id='word_1_9' title='bbox 550 193 773 271; x_wconf 74' lang='grc' dir='ltr'>ὑποκρινέεσθαι·</span> <span class='ocrx_word' id='word_1_10' title='bbox 793 199 823 254; x_wconf 89' lang='grc' dir='ltr'>ἐν</span> <span class='ocrx_word' id='word_1_11' title='bbox 835 192 856 274; x_wconf 73' lang='grc' dir='ltr'>ᾧ</span> <span class='ocrx_word' id='word_1_12' title='bbox 868 195 898 254; x_wconf 83' lang='grc' dir='ltr'>δέ</span> 
     </span>
     <span class='ocr_line' id='line_1_3' title="bbox 98 277 896 361; baseline 0.01 -27"><span class='ocrx_word' id='word_1_13' title='bbox 98 277 285 351; x_wconf 82' lang='grc' dir='ltr'>βουλεύονται</span> <span class='ocrx_word' id='word_1_14' title='bbox 300 279 388 350; x_wconf 63' lang='grc' dir='ltr'>αὐτοὶ,</span> <span class='ocrx_word' id='word_1_15' title='bbox 405 280 561 361; x_wconf 80' lang='grc' dir='ltr'>ἀπαγαγεῖν</span> <span class='ocrx_word' id='word_1_16' title='bbox 580 287 682 342; x_wconf 85' lang='grc' dir='ltr'>ἐκεῖνον</span> <span class='ocrx_word' id='word_1_17' title='bbox 703 283 831 342; x_wconf 86' lang='grc' dir='ltr'>ἐκέλευον</span> <span class='ocrx_word' id='word_1_18' title='bbox 845 283 896 358; x_wconf 78' lang='grc' dir='ltr'>τήν</span> 
     </span>
     <span class='ocr_line' id='line_1_4' title="bbox 98 365 896 450; baseline 0.011 -29"><span class='ocrx_word' id='word_1_19' title='bbox 98 365 233 441; x_wconf 78' lang='grc' dir='ltr'>στρατιήν</span> <span class='ocrx_word' id='word_1_20' title='bbox 245 365 302 425; x_wconf 76' lang='grc' dir='ltr'>ἀπό</span> <span class='ocrx_word' id='word_1_21' title='bbox 315 371 365 425; x_wconf 83' lang='grc' dir='ltr'>τοῦ</span> <span class='ocrx_word' id='word_1_22' title='bbox 378 367 508 446; x_wconf 82' lang='grc' dir='ltr'>τείχεος.”</span> <span class='ocrx_word' id='word_1_23' title='bbox 542 367 559 427; x_wconf 83' lang='grc' dir='ltr'>ό</span> <span class='ocrx_word' id='word_1_24' title='bbox 573 368 749 450; x_wconf 65' lang='grc' dir='ltr'>δ”Αρπαγος</span> <span class='ocrx_word' id='word_1_25' title='bbox 763 371 817 445; x_wconf 84' lang='grc' dir='ltr'>ἔφη</span> <span class='ocrx_word' id='word_1_26' title='bbox 835 380 853 405; x_wconf 88' lang='grc'><strong>“</strong></span> <span class='ocrx_word' id='word_1_27' title='bbox 862 374 896 430; x_wconf 80' lang='grc' dir='ltr'>εἰ·</span> 
     </span>
     <span class='ocr_line' id='line_1_5' title="bbox 97 451 897 534; baseline 0.009 -25"><span class='ocrx_word' id='word_1_28' title='bbox 97 451 173 511; x_wconf 89' lang='grc' dir='ltr'>δέναι</span> <span class='ocrx_word' id='word_1_29' title='bbox 184 455 237 528; x_wconf 86' lang='grc' dir='ltr'>μέν</span> <span class='ocrx_word' id='word_1_30' title='bbox 250 453 279 512; x_wconf 79' lang='grc' dir='ltr'>εὖ</span> <span class='ocrx_word' id='word_1_31' title='bbox 292 453 328 513; x_wconf 75' lang='grc' dir='ltr'>τὰ</span> <span class='ocrx_word' id='word_1_32' title='bbox 341 459 438 514; x_wconf 82' lang='grc' dir='ltr'>ἐκεῖνοι</span> <span class='ocrx_word' id='word_1_33' title='bbox 451 457 586 532; x_wconf 88' lang='grc' dir='ltr'>μέλλοιεν</span> <span class='ocrx_word' id='word_1_34' title='bbox 598 457 709 527; x_wconf 82' lang='grc' dir='ltr'>ποιέειν,</span> <span class='ocrx_word' id='word_1_35' title='bbox 718 457 791 534; x_wconf 77' lang='grc' dir='ltr'>ὅμως</span> <span class='ocrx_word' id='word_1_36' title='bbox 801 458 832 516; x_wconf 89' lang='grc' dir='ltr'>δέ</span> <span class='ocrx_word' id='word_1_37' title='bbox 841 464 897 533; x_wconf 92' lang='grc' dir='ltr'>σφι</span> 
     </span>
     <span class='ocr_line' id='line_1_6' title="bbox 97 540 897 625; baseline 0.011 -28"><span class='ocrx_word' id='word_1_38' title='bbox 97 540 225 616; x_wconf 88' lang='grc' dir='ltr'>παριέναι</span> <span class='ocrx_word' id='word_1_39' title='bbox 242 541 482 617; x_wconf 81' lang='grc' dir='ltr'>βουλεύσασθαι.”</span> <span class='ocrx_word' id='word_1_40' title='bbox 517 549 546 602; x_wconf 88' lang='grc' dir='ltr'>ἐν</span> <span class='ocrx_word' id='word_1_41' title='bbox 562 542 583 621; x_wconf 80' lang='grc' dir='ltr'>ᾧ</span> <span class='ocrx_word' id='word_1_42' title='bbox 599 543 636 603; x_wconf 84' lang='grc' dir='ltr'>ὦν</span> <span class='ocrx_word' id='word_1_43' title='bbox 652 544 824 625; x_wconf 80' lang='grc' dir='ltr'>ὁἊρπαγος</span> <span class='ocrx_word' id='word_1_44' title='bbox 840 545 897 606; x_wconf 77' lang='grc' dir='ltr'>ἀπό</span> 
     </span>
     <span class='ocr_line' id='line_1_7' title="bbox 96 628 897 710; baseline 0.01 -25"><span class='ocrx_word' id='word_1_45' title='bbox 96 632 146 686; x_wconf 83' lang='grc' dir='ltr'>τοῦ</span> <span class='ocrx_word' id='word_1_46' title='bbox 165 629 273 707; x_wconf 85' lang='grc' dir='ltr'>τείχεος</span> <span class='ocrx_word' id='word_1_47' title='bbox 290 628 419 710; x_wconf 86' lang='grc' dir='ltr'>οἶπήγαγε</span> <span class='ocrx_word' id='word_1_48' title='bbox 438 631 490 706; x_wconf 83' lang='grc' dir='ltr'>τήν</span> <span class='ocrx_word' id='word_1_49' title='bbox 510 631 653 706; x_wconf 83' lang='grc' dir='ltr'>στρατιήν,</span> <span class='ocrx_word' id='word_1_50' title='bbox 672 635 699 691; x_wconf 87' lang='grc' dir='ltr'>οἱ</span> <span class='ocrx_word' id='word_1_51' title='bbox 719 635 852 695; x_wconf 84' lang='grc' dir='ltr'>Φωκαιέες</span> <span class='ocrx_word' id='word_1_52' title='bbox 868 639 897 693; x_wconf 93' lang='grc' dir='ltr'>ἐν</span> 
     </span>
     <span class='ocr_line' id='line_1_8' title="bbox 96 715 897 798; baseline 0.007 -24"><span class='ocrx_word' id='word_1_53' title='bbox 96 715 184 795; x_wconf 79' lang='grc' dir='ltr'>τούτῳ</span> <span class='ocrx_word' id='word_1_54' title='bbox 198 716 429 782; x_wconf 79' lang='grc' dir='ltr'>κατασπάσαντες</span> <span class='ocrx_word' id='word_1_55' title='bbox 441 719 490 780; x_wconf 77' lang='grc' dir='ltr'>τοὶς</span> <span class='ocrx_word' id='word_1_56' title='bbox 503 722 737 796; x_wconf 88' lang='grc' dir='ltr'>πεντεκοντέρους,</span> <span class='ocrx_word' id='word_1_57' title='bbox 752 721 897 798; x_wconf 80' lang='grc' dir='ltr'>ἐσθέμενοι</span> 
     </span>
     <span class='ocr_line' id='line_1_9' title="bbox 97 805 897 886; baseline 0.006 -23"><span class='ocrx_word' id='word_1_58' title='bbox 97 805 178 863; x_wconf 88' lang='grc' dir='ltr'>τέκνα</span> <span class='ocrx_word' id='word_1_59' title='bbox 199 807 245 863; x_wconf 83' lang='grc' dir='ltr'>καὶ</span> <span class='ocrx_word' id='word_1_60' title='bbox 264 810 395 886; x_wconf 82' lang='grc' dir='ltr'>γυναῖκας</span> <span class='ocrx_word' id='word_1_61' title='bbox 415 807 461 865; x_wconf 85' lang='grc' dir='ltr'>καὶ</span> <span class='ocrx_word' id='word_1_62' title='bbox 479 807 584 865; x_wconf 80' lang='grc' dir='ltr'>ἔπιπλα</span> <span class='ocrx_word' id='word_1_63' title='bbox 600 808 699 879; x_wconf 79' lang='grc' dir='ltr'>πάντα,</span> <span class='ocrx_word' id='word_1_64' title='bbox 716 810 787 886; x_wconf 75' lang='grc' dir='ltr'>πρὸς</span> <span class='ocrx_word' id='word_1_65' title='bbox 804 810 833 868; x_wconf 84' lang='grc' dir='ltr'>δέ</span> <span class='ocrx_word' id='word_1_66' title='bbox 851 812 897 869; x_wconf 83' lang='grc' dir='ltr'>καὶ</span> 
     </span>
     <span class='ocr_line' id='line_1_10' title="bbox 96 892 896 974; baseline 0.01 -24"><span class='ocrx_word' id='word_1_67' title='bbox 96 892 131 950; x_wconf 73' lang='grc' dir='ltr'>τό</span> <span class='ocrx_word' id='word_1_68' title='bbox 152 893 304 974; x_wconf 75' lang='grc' dir='ltr'>ἀγάλματα</span> <span class='ocrx_word' id='word_1_69' title='bbox 319 894 355 953; x_wconf 73' lang='grc' dir='ltr'>τό</span> <span class='ocrx_word' id='word_1_70' title='bbox 373 899 404 953; x_wconf 90' lang='grc' dir='ltr'>ἐκ</span> <span class='ocrx_word' id='word_1_71' title='bbox 419 894 473 955; x_wconf 78' lang='grc' dir='ltr'>τῶν</span> <span class='ocrx_word' id='word_1_72' title='bbox 490 899 562 971; x_wconf 79' lang='grc' dir='ltr'>ἱρῶν,</span> <span class='ocrx_word' id='word_1_73' title='bbox 582 897 628 954; x_wconf 82' lang='grc' dir='ltr'>καὶ</span> <span class='ocrx_word' id='word_1_74' title='bbox 643 896 679 955; x_wconf 71' lang='grc' dir='ltr'>τό</span> <span class='ocrx_word' id='word_1_75' title='bbox 695 895 773 955; x_wconf 79' lang='grc' dir='ltr'>ἄλλα</span> <span class='ocrx_word' id='word_1_76' title='bbox 794 896 896 972; x_wconf 82' lang='grc' dir='ltr'>οἷναθή-</span> 
     </span>
     <span class='ocr_line' id='line_1_11' title="bbox 95 981 895 1064; baseline 0.009 -26"><span class='ocrx_word' id='word_1_77' title='bbox 95 1005 180 1054; x_wconf 87' lang='grc' dir='ltr'>ματα,</span> <span class='ocrx_word' id='word_1_78' title='bbox 194 983 277 1059; x_wconf 86' lang='grc' dir='ltr'>χωρὶς</span> <span class='ocrx_word' id='word_1_79' title='bbox 286 982 311 1040; x_wconf 84' lang='grc' dir='ltr'>’ὅ</span> <span class='ocrx_word' id='word_1_80' title='bbox 326 1009 354 1041; x_wconf 88' lang='grc' dir='ltr'>τι</span> <span class='ocrx_word' id='word_1_81' title='bbox 371 982 478 1061; x_wconf 80' lang='grc' dir='ltr'>χαλκός</span> <span class='ocrx_word' id='word_1_82' title='bbox 489 981 508 1058; x_wconf 80' lang='grc' dir='ltr'><em>ἢ</em></span> <span class='ocrx_word' id='word_1_83' title='bbox 521 984 601 1045; x_wconf 83' lang='grc' dir='ltr'>λίθος</span> <span class='ocrx_word' id='word_1_84' title='bbox 613 982 631 1059; x_wconf 76' lang='grc' dir='ltr'>ἢ</span> <span class='ocrx_word' id='word_1_85' title='bbox 644 983 742 1064; x_wconf 82' lang='grc' dir='ltr'>γραφή</span> <span class='ocrx_word' id='word_1_86' title='bbox 759 984 802 1060; x_wconf 81' lang='grc' dir='ltr'>ἦν,</span> <span class='ocrx_word' id='word_1_87' title='bbox 815 985 852 1044; x_wconf 75' lang='grc' dir='ltr'>τὰ</span> <span class='ocrx_word' id='word_1_88' title='bbox 864 987 895 1045; x_wconf 85' lang='grc' dir='ltr'>δέ</span> 
     </span>
     <span class='ocr_line' id='line_1_12' title="bbox 96 1065 895 1147; baseline 0.008 -21"><span class='ocrx_word' id='word_1_89' title='bbox 96 1065 174 1126; x_wconf 80' lang='grc' dir='ltr'>ἅλλα</span> <span class='ocrx_word' id='word_1_90' title='bbox 188 1069 280 1128; x_wconf 82' lang='grc' dir='ltr'>πάντα</span> <span class='ocrx_word' id='word_1_91' title='bbox 294 1071 421 1133; x_wconf 81' lang='grc' dir='ltr'>ἐσθέντες</span> <span class='ocrx_word' id='word_1_92' title='bbox 433 1072 479 1129; x_wconf 83' lang='grc' dir='ltr'>καὶ</span> <span class='ocrx_word' id='word_1_93' title='bbox 493 1070 571 1129; x_wconf 78' lang='grc' dir='ltr'>αὐτοὶ</span> <span class='ocrx_word' id='word_1_94' title='bbox 585 1072 722 1147; x_wconf 80' lang='grc' dir='ltr'>ἐσβάντες</span> <span class='ocrx_word' id='word_1_95' title='bbox 736 1075 836 1132; x_wconf 82' lang='grc' dir='ltr'>ἔπλεον</span> <span class='ocrx_word' id='word_1_96' title='bbox 849 1073 895 1132; x_wconf 81' lang='grc' dir='ltr'>ἐπὶ</span> 
     </span>
     <span class='ocr_line' id='line_1_13' title="bbox 95 1156 895 1238; baseline 0.009 -25"><span class='ocrx_word' id='word_1_97' title='bbox 95 1156 177 1214; x_wconf 87' lang='grc' dir='ltr'>Χίου·</span> <span class='ocrx_word' id='word_1_98' title='bbox 197 1157 249 1232; x_wconf 87' lang='grc' dir='ltr'>τήν</span> <span class='ocrx_word' id='word_1_99' title='bbox 262 1157 292 1216; x_wconf 82' lang='grc' dir='ltr'>δὲ</span> <span class='ocrx_word' id='word_1_100' title='bbox 305 1159 432 1234; x_wconf 83' lang='grc' dir='ltr'>Φωκαίην</span> <span class='ocrx_word' id='word_1_101' title='bbox 445 1159 635 1235; x_wconf 83' lang='grc' dir='ltr'>ἐρημωθεῖσαν</span> <span class='ocrx_word' id='word_1_102' title='bbox 649 1159 754 1231; x_wconf 73' lang='grc' dir='ltr'>ἀνδρῶν</span> <span class='ocrx_word' id='word_1_103' title='bbox 768 1162 853 1238; x_wconf 80' lang='grc' dir='ltr'>ἔσχον</span> <span class='ocrx_word' id='word_1_104' title='bbox 868 1165 895 1220; x_wconf 85' lang='grc' dir='ltr'>οἶ</span> 
     </span>
     <span class='ocr_line' id='line_1_14' title="bbox 95 1244 940 1323; baseline 0.011 -23"><span class='ocrx_word' id='word_1_105' title='bbox 95 1244 217 1319; x_wconf 89' lang='grc' dir='ltr'>Πέρσαι.</span> <span class='ocrx_word' id='word_1_106' title='bbox 253 1249 290 1304; x_wconf 81' lang='grc' dir='ltr'>Οἱ</span> <span class='ocrx_word' id='word_1_107' title='bbox 302 1247 331 1305; x_wconf 84' lang='grc' dir='ltr'>δὲ</span> <span class='ocrx_word' id='word_1_108' title='bbox 344 1246 486 1315; x_wconf 85' lang='grc' dir='ltr'>Φωκαιέες,</span> <span class='ocrx_word' id='word_1_109' title='bbox 501 1248 563 1304; x_wconf 89' lang='grc' dir='ltr'>ἐπεί</span> <span class='ocrx_word' id='word_1_110' title='bbox 573 1272 604 1305; x_wconf 92' lang='grc' dir='ltr'>τε</span> <span class='ocrx_word' id='word_1_111' title='bbox 617 1253 673 1322; x_wconf 89' lang='grc' dir='ltr'>σφι</span> <span class='ocrx_word' id='word_1_112' title='bbox 687 1248 753 1306; x_wconf 88' lang='grc' dir='ltr'>Χίοι</span> <span class='ocrx_word' id='word_1_113' title='bbox 766 1247 815 1310; x_wconf 77' lang='grc' dir='ltr'>τοὶς</span> <span class='ocrx_word' id='word_1_114' title='bbox 828 1247 874 1323; x_wconf 90' lang='grc' dir='ltr'>νή·</span> <span class='ocrx_word' id='word_1_115' title='bbox 884 1250 940 1309; x_wconf 81' lang='grc'>165</span> 
     </span>
     <span class='ocr_line' id='line_1_15' title="bbox 95 1332 894 1410; baseline 0.006 -20"><span class='ocrx_word' id='word_1_116' title='bbox 95 1357 163 1395; x_wconf 87' lang='grc' dir='ltr'>σους</span> <span class='ocrx_word' id='word_1_117' title='bbox 176 1332 226 1395; x_wconf 74' lang='grc' dir='ltr'>τός</span> <span class='ocrx_word' id='word_1_118' title='bbox 240 1334 400 1397; x_wconf 80' lang='grc' dir='ltr'>Οἰνούσσας</span> <span class='ocrx_word' id='word_1_119' title='bbox 413 1335 583 1410; x_wconf 84' lang='grc' dir='ltr'>καλεομένας</span> <span class='ocrx_word' id='word_1_120' title='bbox 591 1334 640 1393; x_wconf 78' lang='grc' dir='ltr'>οὐκ</span> <span class='ocrx_word' id='word_1_121' title='bbox 651 1335 805 1410; x_wconf 83' lang='grc' dir='ltr'>ἐβούλοντο</span> <span class='ocrx_word' id='word_1_122' title='bbox 816 1335 894 1395; x_wconf 68' lang='grc' dir='ltr'>οἶνεο-</span> 
     </span>
     <span class='ocr_line' id='line_1_16' title="bbox 94 1421 895 1499; baseline 0.005 -20"><span class='ocrx_word' id='word_1_123' title='bbox 94 1421 206 1496; x_wconf 87' lang='grc' dir='ltr'>μένοισι</span> <span class='ocrx_word' id='word_1_124' title='bbox 225 1424 350 1492; x_wconf 86' lang='grc' dir='ltr'>πωλέειν,</span> <span class='ocrx_word' id='word_1_125' title='bbox 372 1422 555 1498; x_wconf 81' lang='grc' dir='ltr'>δειμαίνοντες</span> <span class='ocrx_word' id='word_1_126' title='bbox 575 1422 616 1499; x_wconf 79' lang='grc' dir='ltr'>μή</span> <span class='ocrx_word' id='word_1_127' title='bbox 637 1426 665 1481; x_wconf 84' lang='grc' dir='ltr'>αἱ</span> <span class='ocrx_word' id='word_1_128' title='bbox 687 1425 739 1497; x_wconf 82' lang='grc' dir='ltr'>μὲν</span> <span class='ocrx_word' id='word_1_129' title='bbox 762 1422 895 1499; x_wconf 87' lang='grc' dir='ltr'>ἐμπόριον</span> 
     </span>
     <span class='ocr_line' id='line_1_17' title="bbox 93 1509 894 1588; baseline 0.001 -21"><span class='ocrx_word' id='word_1_130' title='bbox 93 1509 225 1588; x_wconf 85' lang='grc' dir='ltr'>γένωνται</span> <span class='ocrx_word' id='word_1_131' title='bbox 235 1509 253 1585; x_wconf 77' lang='grc' dir='ltr'><em>ἡ</em></span> <span class='ocrx_word' id='word_1_132' title='bbox 264 1511 294 1568; x_wconf 83' lang='grc' dir='ltr'>δὲ</span> <span class='ocrx_word' id='word_1_133' title='bbox 305 1509 393 1568; x_wconf 77' lang='grc' dir='ltr'>αὐτῶν</span> <span class='ocrx_word' id='word_1_134' title='bbox 403 1513 489 1584; x_wconf 80' lang='grc' dir='ltr'>νῆσος</span> <span class='ocrx_word' id='word_1_135' title='bbox 498 1509 678 1588; x_wconf 78' lang='grc' dir='ltr'>οἷποκληῖσθῇ</span> <span class='ocrx_word' id='word_1_136' title='bbox 688 1509 788 1569; x_wconf 91' lang='grc' dir='ltr'>τούτου</span> <span class='ocrx_word' id='word_1_137' title='bbox 797 1510 894 1582; x_wconf 81' lang='grc' dir='ltr'>εἵνεκα,</span> 
     </span>
     <span class='ocr_line' id='line_1_18' title="bbox 93 1596 895 1681; baseline 0.006 -28"><span class='ocrx_word' id='word_1_138' title='bbox 93 1596 164 1673; x_wconf 82' lang='grc' dir='ltr'>πρός</span> <span class='ocrx_word' id='word_1_139' title='bbox 183 1602 271 1657; x_wconf 84' lang='grc' dir='ltr'>ταῦτα</span> <span class='ocrx_word' id='word_1_140' title='bbox 292 1602 318 1656; x_wconf 83' lang='grc' dir='ltr'>οἱ</span> <span class='ocrx_word' id='word_1_141' title='bbox 334 1598 469 1660; x_wconf 89' lang='grc' dir='ltr'>Φωκαιέες</span> <span class='ocrx_word' id='word_1_142' title='bbox 488 1598 657 1657; x_wconf 84' lang='grc' dir='ltr'>ἐστέλλοντο</span> <span class='ocrx_word' id='word_1_143' title='bbox 673 1603 699 1660; x_wconf 87' lang='grc' dir='ltr'>ές</span> <span class='ocrx_word' id='word_1_144' title='bbox 713 1596 832 1674; x_wconf 92' lang='grc' dir='ltr'>Κύρνον·</span> <span class='ocrx_word' id='word_1_145' title='bbox 853 1600 895 1681; x_wconf 85' lang='grc' dir='ltr'>(ἐν</span> 
     </span>
     <span class='ocr_line' id='line_1_19' title="bbox 92 1683 893 1764; baseline 0.001 -20"><span class='ocrx_word' id='word_1_146' title='bbox 92 1684 147 1763; x_wconf 71' lang='grc' dir='ltr'>γὰρ</span> <span class='ocrx_word' id='word_1_147' title='bbox 166 1689 202 1762; x_wconf 75' lang='grc' dir='ltr'>τῇ</span> <span class='ocrx_word' id='word_1_148' title='bbox 218 1684 317 1764; x_wconf 79' lang='grc' dir='ltr'>Κύρνῳ</span> <span class='ocrx_word' id='word_1_149' title='bbox 331 1687 419 1744; x_wconf 80' lang='grc' dir='ltr'>εἴκοσι</span> <span class='ocrx_word' id='word_1_150' title='bbox 438 1686 512 1744; x_wconf 83' lang='grc' dir='ltr'>ἔτεσι</span> <span class='ocrx_word' id='word_1_151' title='bbox 525 1683 660 1761; x_wconf 90' lang='grc' dir='ltr'>πρότερον</span> <span class='ocrx_word' id='word_1_152' title='bbox 672 1685 776 1744; x_wconf 91' lang='grc' dir='ltr'>τούτων</span> <span class='ocrx_word' id='word_1_153' title='bbox 790 1690 820 1744; x_wconf 89' lang='grc' dir='ltr'>ἐκ</span> <span class='ocrx_word' id='word_1_154' title='bbox 835 1687 893 1745; x_wconf 93' lang='grc' dir='ltr'>θεο-</span> 
     </span>
     <span class='ocr_line' id='line_1_20' title="bbox 92 1772 893 1850; baseline 0.004 -20"><span class='ocrx_word' id='word_1_155' title='bbox 92 1775 214 1849; x_wconf 89' lang='grc' dir='ltr'>προπίου</span> <span class='ocrx_word' id='word_1_156' title='bbox 226 1773 420 1848; x_wconf 77' lang='grc' dir='ltr'>ἀνεστήσαντο</span> <span class='ocrx_word' id='word_1_157' title='bbox 436 1773 528 1843; x_wconf 86' lang='grc' dir='ltr'>πόλιν,</span> <span class='ocrx_word' id='word_1_158' title='bbox 543 1777 579 1850; x_wconf 79' lang='grc' dir='ltr'>τῇ</span> <span class='ocrx_word' id='word_1_159' title='bbox 599 1772 703 1850; x_wconf 79' lang='grc' dir='ltr'>οὔνομα</span> <span class='ocrx_word' id='word_1_160' title='bbox 715 1773 750 1849; x_wconf 78' lang='grc' dir='ltr'>ἦν</span> <span class='ocrx_word' id='word_1_161' title='bbox 762 1773 893 1850; x_wconf 85' lang='grc' dir='ltr'>Ἀλαλίη·</span> 
     </span>
     <span class='ocr_line' id='line_1_21' title="bbox 92 1859 892 1942; baseline 0.001 -23"><span class='ocrx_word' id='word_1_162' title='bbox 92 1859 294 1942; x_wconf 80' lang='grc' dir='ltr'>Ἀργανθώνιος</span> <span class='ocrx_word' id='word_1_163' title='bbox 307 1863 336 1920; x_wconf 82' lang='grc' dir='ltr'>δὲ</span> <span class='ocrx_word' id='word_1_164' title='bbox 345 1867 498 1936; x_wconf 89' lang='grc' dir='ltr'>τηνικαῦτα</span> <span class='ocrx_word' id='word_1_165' title='bbox 510 1861 563 1936; x_wconf 82' lang='grc' dir='ltr'>ἤδη</span> <span class='ocrx_word' id='word_1_166' title='bbox 577 1861 795 1942; x_wconf 69' lang='grc' dir='ltr'>τετελευτήκεε)</span> <span class='ocrx_word' id='word_1_167' title='bbox 809 1868 892 1922; x_wconf 91' lang='grc' dir='ltr'>στελ-</span> 
     </span>
     <span class='ocr_line' id='line_1_22' title="bbox 91 1949 893 2026; baseline 0.005 -21"><span class='ocrx_word' id='word_1_168' title='bbox 91 1949 207 2026; x_wconf 90' lang='grc' dir='ltr'>λόμενοι</span> <span class='ocrx_word' id='word_1_169' title='bbox 225 1951 254 2008; x_wconf 84' lang='grc' dir='ltr'>δὲ</span> <span class='ocrx_word' id='word_1_170' title='bbox 270 1951 316 2009; x_wconf 80' lang='grc' dir='ltr'>ἐπὶ</span> <span class='ocrx_word' id='word_1_171' title='bbox 333 1951 385 2025; x_wconf 81' lang='grc' dir='ltr'>τήν</span> <span class='ocrx_word' id='word_1_172' title='bbox 402 1950 519 2024; x_wconf 87' lang='grc' dir='ltr'>Κύρνον,</span> <span class='ocrx_word' id='word_1_173' title='bbox 537 1954 633 2026; x_wconf 80' lang='grc' dir='ltr'>πρῶτα</span> <span class='ocrx_word' id='word_1_174' title='bbox 651 1949 893 2014; x_wconf 86' lang='grc' dir='ltr'>καταπλεύσαντες</span> 
     </span>
     <span class='ocr_line' id='line_1_23' title="bbox 92 2037 893 2114; baseline 0.001 -19"><span class='ocrx_word' id='word_1_175' title='bbox 92 2041 120 2097; x_wconf 86' lang='grc' dir='ltr'>ἐς</span> <span class='ocrx_word' id='word_1_176' title='bbox 144 2037 196 2113; x_wconf 80' lang='grc' dir='ltr'>τήν</span> <span class='ocrx_word' id='word_1_177' title='bbox 221 2040 348 2114; x_wconf 90' lang='grc' dir='ltr'>Φωκαίην</span> <span class='ocrx_word' id='word_1_178' title='bbox 372 2038 580 2112; x_wconf 81' lang='grc' dir='ltr'>κατεφόνευσαν</span> <span class='ocrx_word' id='word_1_179' title='bbox 601 2042 656 2096; x_wconf 82' lang='grc' dir='ltr'>τῶν</span> <span class='ocrx_word' id='word_1_180' title='bbox 683 2038 817 2114; x_wconf 87' lang='grc' dir='ltr'>Περσέων</span> <span class='ocrx_word' id='word_1_181' title='bbox 841 2039 893 2114; x_wconf 79' lang='grc' dir='ltr'>τήν</span> 
     </span>
     <span class='ocr_line' id='line_1_24' title="bbox 92 2125 893 2206; baseline 0.002 -24"><span class='ocrx_word' id='word_1_182' title='bbox 92 2125 230 2201; x_wconf 82' lang='grc' dir='ltr'>φυλακήν,</span> <span class='ocrx_word' id='word_1_183' title='bbox 246 2126 265 2202; x_wconf 75' lang='grc' dir='ltr'>ἢ</span> <span class='ocrx_word' id='word_1_184' title='bbox 282 2125 414 2202; x_wconf 86' lang='grc' dir='ltr'>ἐφρούρεε</span> <span class='ocrx_word' id='word_1_185' title='bbox 429 2125 640 2202; x_wconf 82' lang='grc' dir='ltr'>παραδεξαμένη</span> <span class='ocrx_word' id='word_1_186' title='bbox 657 2125 734 2202; x_wconf 76' lang='grc' dir='ltr'>παρᾶ</span> <span class='ocrx_word' id='word_1_187' title='bbox 749 2125 893 2206; x_wconf 78' lang='grc' dir='ltr'>Ἁρπάγου</span> 
     </span>
     <span class='ocr_line' id='line_1_25' title="bbox 90 2212 892 2293; baseline 0 -21"><span class='ocrx_word' id='word_1_188' title='bbox 90 2212 142 2288; x_wconf 78' lang='grc' dir='ltr'>τήν</span> <span class='ocrx_word' id='word_1_189' title='bbox 153 2213 248 2273; x_wconf 89' lang='grc' dir='ltr'>πόλιν·</span> <span class='ocrx_word' id='word_1_190' title='bbox 268 2215 340 2290; x_wconf 77' lang='grc' dir='ltr'>μετοὶ</span> <span class='ocrx_word' id='word_1_191' title='bbox 358 2214 395 2282; x_wconf 81' lang='grc' dir='ltr'>δὲ,</span> <span class='ocrx_word' id='word_1_192' title='bbox 411 2213 446 2276; x_wconf 83' lang='grc' dir='ltr'>ὠς</span> <span class='ocrx_word' id='word_1_193' title='bbox 458 2212 540 2272; x_wconf 87' lang='grc' dir='ltr'>τοῦτό</span> <span class='ocrx_word' id='word_1_194' title='bbox 554 2220 610 2288; x_wconf 91' lang='grc' dir='ltr'>σφι</span> <span class='ocrx_word' id='word_1_195' title='bbox 624 2214 784 2293; x_wconf 81' lang='grc' dir='ltr'>ἐξέργαστο,</span> <span class='ocrx_word' id='word_1_196' title='bbox 800 2213 892 2289; x_wconf 89' lang='grc' dir='ltr'>ἐποιή-</span> 
     </span>
     <span class='ocr_line' id='line_1_26' title="bbox 91 2300 892 2380; baseline 0.002 -21"><span class='ocrx_word' id='word_1_197' title='bbox 91 2326 179 2360; x_wconf 92' lang='grc' dir='ltr'>σαντο</span> <span class='ocrx_word' id='word_1_198' title='bbox 206 2301 323 2380; x_wconf 67' lang='grc' dir='ltr'>ἰσχυροῖς</span> <span class='ocrx_word' id='word_1_199' title='bbox 350 2300 469 2378; x_wconf 78' lang='grc' dir='ltr'>κατάρας</span> <span class='ocrx_word' id='word_1_200' title='bbox 494 2305 533 2379; x_wconf 79' lang='grc' dir='ltr'>τῷ</span> <span class='ocrx_word' id='word_1_201' title='bbox 555 2301 765 2380; x_wconf 78' lang='grc' dir='ltr'>ὑπολειπομένῳ</span> <span class='ocrx_word' id='word_1_202' title='bbox 788 2305 892 2361; x_wconf 78' lang='grc' dir='ltr'>ἑωυτῶν</span> 
     </span>
     <span class='ocr_line' id='line_1_27' title="bbox 90 2388 891 2468; baseline 0.001 -21"><span class='ocrx_word' id='word_1_203' title='bbox 90 2394 141 2448; x_wconf 82' lang='grc' dir='ltr'>τοῦ</span> <span class='ocrx_word' id='word_1_204' title='bbox 161 2390 277 2449; x_wconf 87' lang='grc' dir='ltr'>στόλου·</span> <span class='ocrx_word' id='word_1_205' title='bbox 298 2390 368 2467; x_wconf 83' lang='grc' dir='ltr'>πρός</span> <span class='ocrx_word' id='word_1_206' title='bbox 388 2390 418 2448; x_wconf 86' lang='grc' dir='ltr'>δὲ</span> <span class='ocrx_word' id='word_1_207' title='bbox 432 2388 559 2468; x_wconf 77' lang='grc' dir='ltr'>ταύτῃσι,</span> <span class='ocrx_word' id='word_1_208' title='bbox 579 2390 624 2447; x_wconf 84' lang='grc' dir='ltr'>καὶ</span> <span class='ocrx_word' id='word_1_209' title='bbox 640 2390 745 2466; x_wconf 83' lang='grc' dir='ltr'>μύδρον</span> <span class='ocrx_word' id='word_1_210' title='bbox 763 2390 891 2466; x_wconf 81' lang='grc' dir='ltr'>σιδήρεον</span> 
     </span>
     <span class='ocr_line' id='line_1_28' title="bbox 91 2477 891 2554; baseline 0.001 -19"><span class='ocrx_word' id='word_1_211' title='bbox 91 2478 304 2537; x_wconf 88' lang='grc' dir='ltr'>κατεπόντωσαν</span> <span class='ocrx_word' id='word_1_212' title='bbox 330 2479 377 2536; x_wconf 86' lang='grc' dir='ltr'>καὶ</span> <span class='ocrx_word' id='word_1_213' title='bbox 403 2477 518 2554; x_wconf 77' lang='grc' dir='ltr'>ὤμοσαν</span> <span class='ocrx_word' id='word_1_214' title='bbox 541 2477 607 2553; x_wconf 80' lang='grc' dir='ltr'>“μή</span> <span class='ocrx_word' id='word_1_215' title='bbox 629 2479 694 2553; x_wconf 83' lang='grc' dir='ltr'>πρὶν</span> <span class='ocrx_word' id='word_1_216' title='bbox 716 2483 744 2540; x_wconf 88' lang='grc' dir='ltr'>ἐς</span> <span class='ocrx_word' id='word_1_217' title='bbox 765 2479 891 2552; x_wconf 86' lang='grc' dir='ltr'>Φωκαίην</span> 
     </span>
     <span class='ocr_line' id='line_1_29' title="bbox 89 2563 889 2643; baseline -0.001 -20"><span class='ocrx_word' id='word_1_218' title='bbox 89 2564 172 2640; x_wconf 81' lang='grc' dir='ltr'>ἥξειν,</span> <span class='ocrx_word' id='word_1_219' title='bbox 193 2568 259 2642; x_wconf 85' lang='grc' dir='ltr'>πρὶν</span> <span class='ocrx_word' id='word_1_220' title='bbox 276 2564 295 2640; x_wconf 82' lang='grc' dir='ltr'>ἢ</span> <span class='ocrx_word' id='word_1_221' title='bbox 313 2565 363 2624; x_wconf 82' lang='grc' dir='ltr'>τόν</span> <span class='ocrx_word' id='word_1_222' title='bbox 380 2567 484 2642; x_wconf 84' lang='grc' dir='ltr'>μύδρον</span> <span class='ocrx_word' id='word_1_223' title='bbox 501 2568 600 2624; x_wconf 79' lang='grc' dir='ltr'>τοῦτον</span> <span class='ocrx_word' id='word_1_224' title='bbox 620 2563 786 2643; x_wconf 78' lang='grc' dir='ltr'>ἆναφῇναι·”</span> <span class='ocrx_word' id='word_1_225' title='bbox 807 2569 889 2623; x_wconf 89' lang='grc' dir='ltr'>στελ-</span> 
     </span>
     <span class='ocr_line' id='line_1_30' title="bbox 89 2652 890 2729; baseline -0.002 -17"><span class='ocrx_word' id='word_1_226' title='bbox 89 2655 213 2729; x_wconf 87' lang='grc' dir='ltr'>λομένων</span> <span class='ocrx_word' id='word_1_227' title='bbox 226 2655 256 2712; x_wconf 83' lang='grc' dir='ltr'>δέ</span> <span class='ocrx_word' id='word_1_228' title='bbox 269 2653 358 2713; x_wconf 76' lang='grc' dir='ltr'>αὐτῶν</span> <span class='ocrx_word' id='word_1_229' title='bbox 371 2654 417 2712; x_wconf 82' lang='grc' dir='ltr'>ἐπὶ</span> <span class='ocrx_word' id='word_1_230' title='bbox 428 2652 480 2728; x_wconf 82' lang='grc' dir='ltr'>τήν</span> <span class='ocrx_word' id='word_1_231' title='bbox 490 2652 607 2729; x_wconf 89' lang='grc' dir='ltr'>Κύρνον,</span> <span class='ocrx_word' id='word_1_232' title='bbox 621 2653 690 2728; x_wconf 80' lang='grc' dir='ltr'>ὑπὲρ</span> <span class='ocrx_word' id='word_1_233' title='bbox 704 2652 824 2728; x_wconf 79' lang='grc' dir='ltr'>ἡμίσεας</span> <span class='ocrx_word' id='word_1_234' title='bbox 835 2656 890 2710; x_wconf 79' lang='grc' dir='ltr'>τῶν</span> 
     </span>
     <span class='ocr_line' id='line_1_31' title="bbox 89 2740 890 2818; baseline -0.001 -18"><span class='ocrx_word' id='word_1_235' title='bbox 89 2741 182 2801; x_wconf 83' lang='grc' dir='ltr'>οἰστῶν</span> <span class='ocrx_word' id='word_1_236' title='bbox 196 2743 283 2818; x_wconf 82' lang='grc' dir='ltr'>ἔλαβε</span> <span class='ocrx_word' id='word_1_237' title='bbox 296 2742 383 2804; x_wconf 89' lang='grc' dir='ltr'>πόθος</span> <span class='ocrx_word' id='word_1_238' title='bbox 395 2768 426 2800; x_wconf 90' lang='grc' dir='ltr'>τε</span> <span class='ocrx_word' id='word_1_239' title='bbox 440 2743 486 2799; x_wconf 84' lang='grc' dir='ltr'>καὶ</span> <span class='ocrx_word' id='word_1_240' title='bbox 499 2741 589 2803; x_wconf 83' lang='grc' dir='ltr'>οἶκτος</span> <span class='ocrx_word' id='word_1_241' title='bbox 602 2745 652 2815; x_wconf 78' lang='grc' dir='ltr'>τῆς</span> <span class='ocrx_word' id='word_1_242' title='bbox 664 2740 763 2802; x_wconf 89' lang='grc' dir='ltr'>πόλιος</span> <span class='ocrx_word' id='word_1_243' title='bbox 777 2741 822 2798; x_wconf 88' lang='grc' dir='ltr'>καὶ</span> <span class='ocrx_word' id='word_1_244' title='bbox 835 2745 890 2799; x_wconf 77' lang='grc' dir='ltr'>τῶν</span> 
     </span>
     <span class='ocr_line' id='line_1_32' title="bbox 87 2827 889 2908; baseline 0 -21"><span class='ocrx_word' id='word_1_245' title='bbox 87 2829 177 2905; x_wconf 78' lang='grc' dir='ltr'>ἠθέων</span> <span class='ocrx_word' id='word_1_246' title='bbox 189 2835 239 2906; x_wconf 72' lang='grc' dir='ltr'>τῆς</span> <span class='ocrx_word' id='word_1_247' title='bbox 250 2828 350 2907; x_wconf 73' lang='grc' dir='ltr'>χώρης·</span> <span class='ocrx_word' id='word_1_248' title='bbox 369 2828 527 2907; x_wconf 79' lang='grc' dir='ltr'>ψευδόρκιοι</span> <span class='ocrx_word' id='word_1_249' title='bbox 541 2829 570 2886; x_wconf 86' lang='grc' dir='ltr'>δὲ</span> <span class='ocrx_word' id='word_1_250' title='bbox 582 2828 733 2908; x_wconf 90' lang='grc' dir='ltr'>γενόμενοι,</span> <span class='ocrx_word' id='word_1_251' title='bbox 748 2827 889 2887; x_wconf 78' lang='grc' dir='ltr'>ἀπέπλεον</span> 
     </span>
     <span class='ocr_line' id='line_1_33' title="bbox 87 2914 888 2993; baseline -0.006 -15"><span class='ocrx_word' id='word_1_252' title='bbox 87 2917 180 2978; x_wconf 79' lang='grc' dir='ltr'>ὀπίσω</span> <span class='ocrx_word' id='word_1_253' title='bbox 196 2924 223 2981; x_wconf 84' lang='grc' dir='ltr'>ἐς</span> <span class='ocrx_word' id='word_1_254' title='bbox 239 2920 291 2993; x_wconf 85' lang='grc' dir='ltr'>τήν</span> <span class='ocrx_word' id='word_1_255' title='bbox 304 2919 439 2992; x_wconf 90' lang='grc' dir='ltr'>Φωκαίην·</span> <span class='ocrx_word' id='word_1_256' title='bbox 461 2917 487 2975; x_wconf 74' lang='grc' dir='ltr'>οἳ</span> <span class='ocrx_word' id='word_1_257' title='bbox 505 2917 534 2975; x_wconf 80' lang='grc' dir='ltr'>δὲ</span> <span class='ocrx_word' id='word_1_258' title='bbox 555 2916 643 2975; x_wconf 81' lang='grc' dir='ltr'>αὐτῶν</span> <span class='ocrx_word' id='word_1_259' title='bbox 661 2915 694 2974; x_wconf 80' lang='grc' dir='ltr'>τό</span> <span class='ocrx_word' id='word_1_260' title='bbox 712 2915 805 2992; x_wconf 83' lang='grc' dir='ltr'>ὅρκιον</span> <span class='ocrx_word' id='word_1_261' title='bbox 823 2914 888 2989; x_wconf 87' lang='grc' dir='ltr'>ἐφύ-</span> 
     </span>
     <span class='ocr_line' id='line_1_34' title="bbox 88 3002 935 3082; baseline 0 -17"><span class='ocrx_word' id='word_1_262' title='bbox 88 3010 209 3076; x_wconf 90' lang='grc' dir='ltr'>λασσον,</span> <span class='ocrx_word' id='word_1_263' title='bbox 217 3005 359 3082; x_wconf 82' lang='grc' dir='ltr'>αἐρθέντες</span> <span class='ocrx_word' id='word_1_264' title='bbox 369 3010 399 3064; x_wconf 92' lang='grc' dir='ltr'>ἐκ</span> <span class='ocrx_word' id='word_1_265' title='bbox 409 3009 464 3064; x_wconf 79' lang='grc' dir='ltr'>τῶν</span> <span class='ocrx_word' id='word_1_266' title='bbox 472 3005 650 3063; x_wconf 82' lang='grc' dir='ltr'>Οἰνουσσέων</span> <span class='ocrx_word' id='word_1_267' title='bbox 661 3005 769 3062; x_wconf 81' lang='grc' dir='ltr'>ἔπλεον.</span> <span class='ocrx_word' id='word_1_268' title='bbox 790 3002 871 3061; x_wconf 88' lang='grc' dir='ltr'>Ἐπεί</span> <span class='ocrx_word' id='word_1_269' title='bbox 879 3005 935 3064; x_wconf 78' lang='grc'>166</span> 
     </span>
     <span class='ocr_line' id='line_1_35' title="bbox 87 3090 888 3170; baseline -0.004 -18"><span class='ocrx_word' id='word_1_270' title='bbox 87 3095 161 3153; x_wconf 88' lang='grc' dir='ltr'>τε·δέ</span> <span class='ocrx_word' id='word_1_271' title='bbox 175 3100 202 3157; x_wconf 85' lang='grc' dir='ltr'>ἐς</span> <span class='ocrx_word' id='word_1_272' title='bbox 214 3094 265 3170; x_wconf 82' lang='grc' dir='ltr'>τήν</span> <span class='ocrx_word' id='word_1_273' title='bbox 279 3092 389 3170; x_wconf 87' lang='grc' dir='ltr'>Κύρνον</span> <span class='ocrx_word' id='word_1_274' title='bbox 401 3091 542 3162; x_wconf 85' lang='grc' dir='ltr'>οἷπίκοντο,</span> <span class='ocrx_word' id='word_1_275' title='bbox 557 3093 647 3150; x_wconf 84' lang='grc' dir='ltr'>οἴκεον</span> <span class='ocrx_word' id='word_1_276' title='bbox 660 3095 737 3168; x_wconf 77' lang='grc' dir='ltr'>κοινῇ</span> <span class='ocrx_word' id='word_1_277' title='bbox 751 3090 888 3166; x_wconf 76' lang='grc' dir='ltr'>μετὰτῶν</span> 
     </span>
     <span class='ocr_line' id='line_1_36' title="bbox 88 3175 910 3260; baseline -0.01 -21"><span class='ocrx_word' id='word_1_278' title='bbox 88 3181 223 3260; x_wconf 88' lang='grc' dir='ltr'>πρότερον</span> <span class='ocrx_word' id='word_1_279' title='bbox 237 3181 411 3259; x_wconf 86' lang='grc' dir='ltr'>α’πικομένων</span> <span class='ocrx_word' id='word_1_280' title='bbox 428 3179 468 3242; x_wconf 84' lang='grc' dir='ltr'>ἐπ’</span> <span class='ocrx_word' id='word_1_281' title='bbox 485 3180 549 3241; x_wconf 75' lang='grc' dir='ltr'>ἔτεα</span> <span class='ocrx_word' id='word_1_282' title='bbox 564 3180 651 3241; x_wconf 86' lang='grc' dir='ltr'>πέντε</span> <span class='ocrx_word' id='word_1_283' title='bbox 670 3180 720 3237; x_wconf 70' lang='grc' dir='ltr'>καλ</span> <span class='ocrx_word' id='word_1_284' title='bbox 731 3178 787 3249; x_wconf 56' lang='grc' dir='ltr'>λεδ</span> <span class='ocrx_word' id='word_1_285' title='bbox 802 3175 910 3248; x_wconf 46' lang='lat' dir='ltr'>&#39;wass-</span> 
     </span>
     <span class='ocr_line' id='line_1_37' title="bbox 77 3262 943 3357; baseline 0.003 -30"><span class='ocrx_word' id='word_1_286' title='bbox 77 3293 176 3328; x_wconf 87' lang='grc' dir='ltr'>σαντο·</span> <span class='ocrx_word' id='word_1_287' title='bbox 197 3271 245 3331; x_wconf 80' lang='grc' dir='ltr'>καὶ</span> <span class='ocrx_word' id='word_1_288' title='bbox 260 3271 333 3355; x_wconf 80' lang='grc' dir='ltr'>ἄγον</span> <span class='ocrx_word' id='word_1_289' title='bbox 345 3271 404 3357; x_wconf 74' lang='grc' dir='ltr'>γὰρ</span> <span class='ocrx_word' id='word_1_290' title='bbox 420 3273 457 3354; x_wconf 83' lang='grc' dir='ltr'>δὴ</span> <span class='ocrx_word' id='word_1_291' title='bbox 477 3273 530 3335; x_wconf 78' lang='grc' dir='ltr'>καλ</span> <span class='ocrx_word' id='word_1_292' title='bbox 547 3273 657 3352; x_wconf 68' lang='grc' dir='ltr'>ἔφερον</span> <span class='ocrx_word' id='word_1_293' title='bbox 680 3269 753 3330; x_wconf 62' lang='grc' dir='ltr'>τους</span> <span class='ocrx_word' id='word_1_294' title='bbox 767 3262 943 3340; x_wconf 43' lang='lat' dir='ltr'>mmmm&amp;</span> 
     </span>
    </p>
   </div>
   <div class='ocr_carea' id='block_1_2' title="bbox 0 0 1024 3464">
    <p class='ocr_par' dir='ltr' id='par_1_2' title="bbox 0 0 1024 3464">
     <span class='ocr_line' id='line_1_38' title="bbox 0 0 1024 3464; baseline 0 3"><span class='ocrx_word' id='word_1_295' title='bbox 0 0 1024 3464; x_wconf 95' lang='lat' dir='ltr'> </span> 
     </span>
    </p>
   </div>
  </div>
 </body>
</html>
