2040 3464
138 113 183 161 3'26
440 115 622 164 ἨΡΟΔΟΤΟΤ
875 109 936 172 [Νι

138 195 238 254 νίσκοι·
263 194 409 270 διαβάντες
429 195 459 253 δὲ
479 194 528 254 τόν
549 195 658 265 Τάναϊν,
681 195 848 271 ῶδαιπόρεον
869 193 940 270 πρός

138 283 220 358 ήλιον
229 282 382 362 άνίσχοντα
392 287 475 358 τριῶν
485 286 536 359 μὲν
546 283 564 358 ή
566 284 670 359 μερέων
681 283 736 342 άπό
746 288 796 341 τοῦ
805 283 940 347 Τανάϊδος

140 370 212 443 ὁδόν,
227 376 310 447 τριῶν
331 371 361 429 δὲ
381 370 438 430 άπό
459 376 509 446 τῆς
525 373 626 447 λίμνης
638 377 687 447 τῆς
701 372 858 446 Μαιήτιδος
871 374 940 448 πρός

138 462 231 536 βορήν
244 459 354 536 ἄνεμον·
369 459 532 538 ἀπικόμενοι
545 461 574 520 δὲ
588 466 615 523 ἐς
627 465 726 520 τοῦτον
735 461 785 519 τόν
797 466 897 538 χῶρον,
912 467 939 520 ἐν

138 553 177 626 τῷ
189 553 236 608 νῦν
251 549 434 623 κατοίκηνται,
449 550 567 624 οἴκησαν
579 552 688 608 τοῦτον.
720 549 766 606 καὶ
779 548 871 627 διαίτη
884 548 939 608 αἶπό

138 637 238 695 τούτου
265 637 399 714 χρέωνται
419 641 455 714 τῇ
478 641 586 715 παλαιῇ
609 641 664 696 τῶν
687 637 889 713 Σαυροματέων
913 643 938 699 αὶ

138 729 277 806 γυναῖκες,
288 725 333 783 καὶ
354 725 399 783 ἐπὶ
421 722 509 800 θήρην
529 726 575 783 ἐπὶ
592 724 683 784 ἰ’ππων
697 728 870 799 ἐκφοιτῶσαι
883 724 940 802 ἅμα

136 816 212 871 τοῖσι
226 811 344 888 ἀνδράσι
358 812 403 870 καὶ
417 812 501 888 χωρὶς
513 816 567 872 τῶν
581 811 695 889 ἀνδρῶν,
710 813 757 870 καὶ
773 817 800 874 ἐς
815 812 940 890 πόλεμον

142 906 289 975 φοιτῶσαι,
299 901 344 958 καὶ
358 900 467 975 στολήν
479 900 531 975 τήν
545 899 630 975 αὐτήν
642 903 719 959 τοῖσι
729 899 849 977 ἀνδράσι
859 903 940 978 φορέ·

95 990 150 1047 117
161 1015 253 1047 ουσαι.
282 991 363 1065 Φωνῇ
376 988 405 1046 δὲ
419 991 446 1046 οἱ
460 989 638 1064 Σαυρομάται
652 989 797 1063 νομίζουσι
811 991 941 1068 Σκυθικῇ,

141 1077 348 1147 σολοικίζοντες
368 1074 438 1153 αὐτῇ
452 1076 508 1134 α’πό
529 1081 579 1135 τοῦ
593 1075 719 1154 ἀρχαίου,
734 1076 794 1134 ε’πεὶ
808 1075 841 1134 οὗ
854 1103 942 1155 χρησ-

140 1169 194 1227 τῶς
207 1165 342 1240 ἐξέμαθον
356 1163 442 1238 αότήν
459 1167 488 1222 αἱ
507 1163 666 1239 Ἀμαζόνες.
706 1163 742 1222 τά
762 1165 827 1241 περὶ
847 1165 945 1244 γάμων

141 1253 171 1311 δὲ
185 1250 237 1311 ὧδέ
250 1259 306 1327 σφι
320 1252 465 1310 διακέεται·
480 1249 512 1310 οὗ
525 1252 657 1331 γαμέεται
670 1252 807 1328 παρθένος
820 1252 944 1330 οὐδεμία,

142 1340 208 1417 πρὶν
225 1340 259 1401 ἂν
274 1344 328 1399 τῶν
344 1340 486 1415 πολεμίων
503 1338 589 1416 ἄνδρα
607 1338 765 1417 αἷποκτείνη·
787 1340 861 1399 αἶ’δέ
874 1367 946 1404 τινες

142 1428 245 1488 αὐτέων
266 1428 312 1486 καὶ
332 1431 483 1487 τελευτῶσι
503 1428 618 1508 γηραιαὶ
640 1429 706 1505 πρὶν
729 1427 888 1507 γήμασθαι,
914 1429 946 1489 οὗ

141 1516 290 1592 δυνάμεναι
302 1516 352 1575 τόν
366 1514 452 1591 νόμον
466 1519 615 1589 ἐκπλῆσαι.

46 1667 48 1672 ,
95 1606 153 1663 118
203 1603 269 1663 Ἐπὶ
285 1603 388 1662 τούτων
405 1601 442 1662 ὧν
454 1606 509 1662 τῶν
530 1603 755 1682 καταλεχθέντων
768 1604 870 1664 ἐθνέων
882 1604 948 1668 τούς

140 1693 282 1767 βασιλέας
307 1691 477 1766 ἁλισμένους
500 1689 663 1767 ἀπικόμενοι
689 1695 744 1750 τῶν
767 1692 898 1754 Σκυθέων
921 1697 948 1753 οἱ

142 1778 268 1860 άγγελοι,
283 1781 380 1858 ἔλεγον
399 1777 607 1840 ἐκδιδάσκοντες
624 1779 658 1842 ῶς
677 1779 692 1838 ό
711 1781 835 1855 Πέρσης,
852 1781 948 1858 ἐπειδή

143 1871 170 1925 οἱ
185 1867 221 1925 τά
239 1873 267 1927 ἐν
283 1871 319 1945 τῇ
336 1865 440 1944 η’πείρερ
460 1893 495 1944 πη
518 1867 596 1944 ἑτέρη
616 1866 708 1926 πάντα
728 1868 948 1943 κατέστραπται,

142 1955 268 2035 γέφυραν
289 1954 384 2024 ζεύξας
405 1956 450 2013 ἐπὶ
467 1959 505 2032 τῷ
525 1954 620 2032 αὐχένι
640 1959 690 2014 τοῦ
711 1954 874 2032 Βοσπόρου,
892 1958 949 2017 δια-

142 2045 253 2119 βέβηκε
274 2049 301 2105 ἐς
320 2042 401 2117 τήνδε
419 2042 471 2118 τήν
487 2043 612 2120 ἤπειρον·
634 2043 735 2119 διαβάς
751 2043 789 2112 δὲ,
805 2045 852 2102 καὶ
866 2072 949 2105 κατα·

143 2131 336 2208 στρεφόμενος
362 2131 490 2207 Θρήϊκας,
518 2135 639 2210 γεφυροῖ
666 2131 795 2206 ποταμόν
821 2129 949 2210 Ἴστρον,

142 2219 319 2294 βουλόμενος
337 2220 383 2276 καὶ
401 2219 467 2277 τάδε
483 2218 575 2278 πάντα
590 2218 636 2276 ὕπ’
654 2222 742 2297 ἑωυτῷ
759 2219 949 2294 ποιήσασθαι·

145 2316 162 2341 “
173 2306 251 2382 ὑμεῖς
272 2306 309 2365 ὧν
328 2306 425 2381 μηδενὶ
446 2306 540 2384 τρόπῳ
562 2311 591 2364 ἐκ
615 2310 665 2365 τοῦ
685 2307 776 2383 μέσου
799 2309 950 2385 κατήμενοι

146 2395 286 2470 περιίδητε
304 2393 392 2469 ήμέας
405 2393 617 2469 διαφθαρέντας·
638 2393 816 2454 άλλάτῶιπδ
829 2396 949 2472 νοήσαν-

144 2508 197 2550 τες,
211 2483 379 2556 ἀντιάζωμεν
389 2482 439 2540 τόν
453 2480 575 2540 ἐπιόντα.
608 2481 695 2542 οὔκων
703 2482 839 2558 ποιήσετε
849 2491 949 2554 ταῦτα;

144 2569 224 2645 ήμεῖς
247 2574 298 2646 μὲν
320 2568 486 2643 πιεζόμενοι,
509 2568 527 2645 ἢ
550 2571 715 2648 ἐκλείψομεν
739 2571 791 2647 τήν
814 2573 912 2650 χώρην
932 2574 951 2650 ἦ

144 2661 274 2733 μένοντες
292 2658 430 2737 ὁμολογίῃ
447 2657 622 2735 χρησόμεθα,
638 2660 678 2738 (τί
688 2659 744 2739 γάρ
762 2659 897 2737 πάθωμεν
910 2662 950 2740 μή

144 2747 326 2821 βουλομένων
350 2745 439 2820 όμέων
461 2747 603 2822 τιμωρέειν
612 2749 631 2825 ;)
660 2747 725 2823 όμῖν
746 2749 776 2806 δὲ
800 2748 880 2809 οῦδὲν
905 2752 951 2810 ἐπὶ

144 2833 232 2911 τούτῳ
249 2835 327 2891 ἔσται
344 2833 543 2910 ἐλαφρότερον·
564 2833 624 2909 ήκει
639 2835 693 2915 γάρ
708 2835 723 2894 ὁ
738 2837 855 2912 Πέρσης
871 2838 951 2899 οὐδέν

145 2947 172 2979 τι
192 2925 307 2996 μᾶλλον
328 2921 370 2978 ἐπ’
386 2921 474 2996 ήμέας
492 2920 509 2995 ἢ
530 2921 563 2980 ου’
585 2925 630 2980 καὶ
651 2925 696 2982 ἐπὶ
716 2924 810 2998 α’μέας·
840 2925 908 2985 οὐδέ
925 2932 951 2986 οἳ

147 3008 318 3086 καταχρήσει
344 3008 432 3083 ήμέας
460 3014 713 3090 καταστρεψαμένῳ
736 3013 826 3087 ὑμέων
849 3013 949 3093 ἀπέχε-

139 3098 219 3158 σθαι.
263 3097 339 3180 μέγα
358 3097 386 3156 δὲ
407 3096 472 3173 ὑμῖν
494 3098 586 3179 λόγων
602 3100 686 3157 τῶνδε
705 3099 859 3176 μαρτύριον
878 3105 951 3180 ἐρέο-

60 3196 70 3247 t
123 3213 196 3262 μεν·
219 3192 246 3249 εἰ
262 3189 319 3274 γάρ
336 3186 378 3250 ἐπ’
392 3186 483 3266 ήμέας
508 3186 625 3266 μοίιναυς
637 3186 841 3261 ἐστρατηλάτεε
852 3189 952 3264 &Eiq-

116 3277 189 3355 σής,
203 3281 363 3344 τίσασθαι
382 3283 440 3358 τῆς
460 3277 577 3359 πρόσθε
595 3272 777 3343 δουλοσδνηῖ
794 3271 984 3339 λδῦὣλῑὶλῢὶε
