2040 3464
117 104 165 150 ιω
428 106 611 155 Ἠυοιουου
867 103 918 168 [11.

115 181 304 244 ἀποδέδεκται.
346 184 379 244 τὸ
393 184 416 243 δ’
430 184 463 244 ἄν
481 211 524 248 τις
533 190 595 245 ,τῶν
609 185 711 261 θηρίων
726 182 831 244 τούτων
849 183 920 245 εἰπο-

116 271 215 348 κτείνη,
229 270 263 345 ἦν
275 274 328 347 μὲν
342 272 416 341 ἑκών,
433 272 552 335 θάνατος
566 272 586 347 ή
606 273 700 348 ζημίη·
721 269 756 346 ἢν
774 271 804 331 δὲ
822 271 920 344 α’έκων,

115 356 240 416 ἀποτίνει
254 358 354 434 ζημίην
367 358 419 434 τήν
438 358 473 419 (ἰν
491 363 518 418 οἶ
535 361 605 436 ἱρέες
617 359 763 428 τάξωνται.
805 357 836 421 ὁς
849 358 872 418 δ’
885 357 920 420 άν

115 444 175 519 ἶβιν
195 443 213 519 ἢ
234 445 316 522 ἰρηκα
335 446 493 525 ἀποκτείνῃ,
517 446 553 521 ήν
576 473 607 506 τε
628 446 695 505 έκών
716 445 750 522 ήν
772 472 803 506 τε
823 445 919 520 α’έκων,

67 532 244 592 66τεθνάναι
271 533 387 615 οἷνάγκη·
430 538 554 594 Πολλῶν
574 535 604 593 δὲ
624 533 723 594 ε’όντων
750 533 920 611 ὁμοτρόφων

114 622 191 679 τοῖσι
205 619 377 698 ἀνθρώποισι
388 623 496 699 θηρίων,
508 625 608 700 πολλῷ
618 620 651 680 ἂν
662 623 702 680 ἔτι
711 623 789 680 πλέω
804 622 918 702 ἐγίνετο,

115 711 139 766 εἰ
157 709 198 784 μή
220 709 419 785 κατελάμβανε
439 709 503 772 τούς
526 708 687 787 αἰελούρους
710 709 813 768 τοιάδε·
834 709 918 771 ἐπεάν

112 795 214 856 τέκωσι
235 800 264 855 αἰ
285 796 394 871 θήλεαι,
415 796 506 857 οὐκέτι
528 798 675 872 φοιτέουσι
694 796 771 874 παρά
790 797 856 861 τούς
876 800 917 876 έρ-

114 908 207 946 σενας·
229 887 256 943 οἱ
269 884 299 942 δὲ
310 883 450 961 διζήμενοι
462 886 620 966 μίσγεσθαι
630 883 732 962 αὐτῇσι
747 884 797 944 ούκ
810 886 918 964 έχουσι·

113 970 185 1046 πρὸς
214 970 251 1030 ὧν
270 976 359 1032 ταῦτα
380 975 547 1049 σοφίζονται
567 972 643 1033 τάδε·
664 971 835 1048 ἁρπάζοντες
860 972 917 1034 άπὸ

112 1062 168 1117 τῶν
189 1060 296 1135 θηλέων
317 1062 364 1120 καὶ
385 1061 581 1138 ὑπαιρεόμενοι
603 1061 640 1120 τά
663 1063 746 1120 τέκνα
768 1061 916 1121 κτείνουσι·

114 1147 267 1210 κτείναντες
279 1149 374 1224 μέντοι
389 1148 421 1208 ού
434 1151 592 1209 πατέονται·
615 1152 644 1207 αἱ
658 1149 688 1208 δὲ
701 1148 917 1225 στερισκόμεναι

112 1237 167 1293 τῶν
186 1236 288 1295 τέκνων
307 1235 403 1296 άλλων
423 1236 453 1295 δὲ
474 1237 682 1313 ἐπιθυμέουσαι,
697 1234 767 1294 οὕτω
804 1234 916 1311 ήάπικ-

113 1322 221 1382 νέονται
234 1323 311 1400 παρά
321 1324 385 1388 τούς
399 1326 521 1401 ἔρσενας·
543 1323 711 1399 φιλότεκνον
721 1323 751 1383 δὲ
764 1323 797 1383 τὸ
809 1325 915 1401 θηρίον·

111 1416 248 1486 πυρκαϊῆς
258 1413 287 1471 δὲ
297 1414 454 1493 γενομένης,
467 1413 528 1472 θεῖα
538 1412 691 1490 πρήγματα
702 1412 916 1488 καταλαμβάνει

112 1500 177 1562 τούς
198 1500 369 1576 αἰελούρους·
391 1504 418 1560 οἱ
437 1503 489 1576 μὲν
509 1499 563 1580 γάρ
585 1498 733 1578 Αἰγύπτιοι
753 1499 917 1564 διαστάντες

112 1587 242 1659 φυλακάς
259 1589 356 1666 έχουσι
371 1592 426 1648 τῶν
444 1587 603 1664 αἰελούρων,
620 1586 813 1662 ἀμελήσαντες
829 1589 915 1663 σβεν-

112 1672 190 1732 νύναι
206 1675 239 1733 τό
256 1676 411 1752 καιόμενον·
433 1679 460 1734 οἱ
479 1676 508 1733 δὲ
527 1677 675 1751 αἰέλουροι,
693 1674 849 1738 διαδύοντες
869 1677 915 1735 καὶ

110 1760 354 1837 ὑπερθρώσκοντες
372 1763 436 1826 τούς
453 1762 622 1839 ἀνθρώπους,
644 1762 816 1822 ἐσάλλονται
836 1768 864 1825 ές
881 1763 915 1824 τὸ

111 1853 177 1923 πῦρ·
198 1853 288 1910 ταῦτα
307 1850 336 1909 δὲ
352 1851 490 1930 γινόμενα,
505 1852 609 1911 πένθεα
624 1849 736 1932 μεγάλα
752 1849 817 1913 τούς
830 1855 915 1931 Αἰγυ·

110 1937 208 1998 πτίους
239 1939 461 2014 καταλαμβάνει.
504 1944 533 1997 έν
562 1938 669 1998 ὁτέοισι
695 1937 718 1997 δ’
741 1935 775 1997 άν
801 1940 916 1999 οἰκίοισι

111 2024 255 2100 αἰέλουρος
265 2025 393 2104 ἀποθάνῃ
404 2026 460 2086 οἶπὸ
473 2031 523 2086 τοῦ
537 2026 704 2102 αύτομάτου,
714 2030 741 2086 οἱ
751 2027 916 2090 ἐνοικέοντες

109 2111 210 2175 πάντες
221 2113 426 2190 ξυρέονται-τὸς
439 2114 546 2192 ὀφρύας
558 2114 671 2191 μούνας·
692 2114 757 2190 παρ’
769 2114 876 2174 ὁτέοισι
890 2115 913 2175 δ’

22 2226 26 2232 ·
64 2198 101 2258 67
111 2197 146 2258 (ἰν
165 2200 243 2271 κύων,
257 2205 314 2262 πᾶν
330 2203 363 2263 τό
383 2209 467 2281 σῶμα
484 2205 529 2262 καὶ
544 2203 597 2278 τήν
616 2202 753 2279 κεφαλήν.
794 2201 915 2285 Ἀπαγέ-

111 2313 175 2346 αται
200 2288 229 2347 δὲ
251 2293 278 2348 οἱ
300 2293 440 2368 αἰέλουροι
461 2290 648 2353 ἀποθανόντες
671 2295 698 2353 ές
721 2290 781 2366 ἰριίς
801 2292 914 2372 στέγας,

111 2375 176 2434 ἔνθα
197 2375 352 2438 θάπτονται
373 2380 580 2459 ταριχευθέντες
608 2384 637 2438 ἐν
663 2378 813 2453 Βουβάστι
834 2380 914 2441 πόλι.

110 2463 160 2526 τάς
173 2463 202 2522 δὲ
217 2465 298 2530 κύνας
313 2472 341 2528 έν
354 2472 390 2546 τῇ
402 2472 506 2528 ἑωυτῶν
521 2468 634 2527 ἕκαστοι
647 2468 717 2526 πόλι
731 2466 871 2527 θάπτουσι
885 2473 915 2528 έν

112 2553 189 2630 ἱρῇσι
214 2553 328 2632 θήκῃσι·
358 2556 394 2619 οἷς
413 2556 444 2615 δὲ
464 2556 551 2619 οὕτως
570 2560 638 2634 τῇσι
659 2556 724 2615 κυσὶ
744 2558 771 2614 οἱ
792 2558 915 2634 ἰχνευταὶ

111 2638 270 2700 θάπτονται.
314 2642 364 2708 τὸς
385 2644 415 2702 δέ
436 2643 565 2725 μυγαλᾶς
582 2643 627 2701 καὶ
642 2643 707 2706 τούς
727 2645 824 2720 ἴρηκας
844 2642 915 2703 άπά-

109 2752 195 2807 γουσι
216 2734 244 2793 ές
271 2736 395 2791 Βουτοῦν
419 2731 513 2791 πόλιν·
547 2731 598 2794 τάς
625 2731 654 2790 δὲ
676 2732 736 2807 ἶβις
759 2737 786 2795 ές
807 2731 915 2809 Ἑρμέω

110 2815 205 2876 πόλιν·
234 2818 283 2882 τοίς
310 2821 340 2879 δὲ
367 2818 484 2896 άρκτους
506 2819 606 2882 εὀύσας
628 2821 757 2890 σπανίας,
780 2821 827 2879 καὶ
848 2818 915 2884 τούς

110 2902 211 2968 λύκους
238 2905 270 2965 ού
296 2913 396 2986 πολλήΑ
422 2910 475 2986 τέῳ
499 2907 593 2970 ἐόντας
617 2907 767 2967 οἰλωπέκων
787 2908 914 2984 μέζονος,

111 2989 195 3050 αὐτοῦ
210 2992 350 3055 θάπτουσι
363 3001 398 3074 τῇ
412 2994 446 3056 οἰν
460 2994 608 3071 εὸρεθέωσι
621 2996 751 3072 κείμενοι.

57 3078 101 3134 68
149 3082 212 3138 Τῶν
230 3081 263 3140 δὲ
284 3084 470 3161 κροκοδείλων
491 3081 510 3158 ή
533 3082 621 3158 φύσις
642 3085 705 3143 ἐστὶ
725 3083 827 3159 τοιήδε·
848 3082 914 3149 τούς

80 3171 335 3241 Χῑθιφιωτάτους
345 3176 442 3252 μῆνας
455 3171 599 3252 τέσσερας
616 3171 707 3233 ἐσθίει
718 3169 805 3232 ούδέυ·
828 3170 871 3230 ὲδν
885 3171 918 3230 δέ

72 3251 253 3330 rerpa‘novy,
270 3267 425 3342 χερσαῖον
447 3264 498 3327 καὶ
521 3262 657 3345 λιμναῖόν
681 3265 753 3322 ἔστι·
775 3260 865 3318 τίκτει
884 3259 931 3330 μὶυ
