2040 3464
95 109 202 174 51—55]
385 111 611 162 MEAHOMENH.
845 111 890 158 301

93 189 165 248 κατά
182 189 295 270 γνώμας
310 188 361 252 τοὶς
377 190 520 266 ἡμετέρας,
536 188 596 248 οὔτι
612 192 715 265 μοῦνον
729 190 784 248 τῶν
797 189 896 252 Σκυθι-

94 279 149 334 κῶν
165 281 306 354 ποταμῶν,
321 276 399 335 άλλαὶ
420 278 466 335 καὶ
485 281 540 336 τῶν
556 275 652 334 ἄλλων
667 274 801 346 ἁπάντων,
818 274 896 351 πλήν

94 363 202 422 Νείλου
217 369 268 429 τοῦ
288 364 451 444 Αἰγυπτίου·
472 362 560 442 τούτῳ
578 364 640 443 γάρ,
651 362 701 421 ούκ
722 362 768 422 οἶά
785 389 816 421 τε
831 368 891 422 ἐστι

92 452 269 525 συμβαλέειν
284 450 374 509 ἄλλον
394 450 531 527 ποταμόν·
553 455 608 509 τῶν
630 451 659 509 δὲ
679 454 787 510 λοιπῶν
808 456 895 526 Bopra

93 539 195 613 σθένης
209 539 271 598 ἐστὶ
283 539 537 614 πολυαρκέστατος,
552 537 583 600 ῶς
596 538 682 614 νομάς
695 564 726 597 τε
739 539 895 596 καλλίστας

93 625 139 682 καὶ
166 624 398 690 εὐκομιδεστάτας
425 625 540 697 κτήνεσι
561 625 721 702 παρέχεται,
745 625 841 702 ἰχθύας
863 621 911 684 τε

91 711 224 787 οἷρίστους
237 713 377 790 διακριδὸν
391 715 436 770 καὶ
449 713 610 774 πλείστους·
629 713 762 771 πίνεσθαί
774 738 804 771 τε
815 713 893 786 ἥδισ-

90 800 139 862 τός
155 805 226 859 ἐστι·
247 802 303 877 ῥέει
319 827 350 859 τε
369 799 490 877 καθαρῶς
509 799 586 877 παρά
608 801 762 876 θολεροῖσι·
786 800 891 876 σπόρος

90 911 123 946 τε
139 887 207 964 παρ’
220 887 305 962 αὐτῶν
319 886 434 964 ἄριστος
451 888 564 968 γίνεται·
586 889 654 962 ποίη
667 913 706 958 τε,
720 891 756 965 τῇ
770 886 801 946 ού
815 891 893 947 σπεί-

90 999 168 1050 ρεται
188 968 313 1053 ήίχώρη,
334 974 491 1050 βαθυτάτη·
517 975 582 1037 ἅλες
600 1002 631 1033 τε
652 977 697 1032 ἐπὶ
717 980 755 1054 τῷ
771 975 894 1051 στόματι

91 1062 176 1121 αὐτοῦ
197 1063 350 1140 αὐτόματοι
370 1064 523 1143 πήγνυνται
543 1061 670 1121 ἄπλετοι·
693 1063 777 1137 κήτεά
796 1089 827 1122 τε
845 1089 891 1139 με·

90 1149 168 1229 γάλα
184 1149 334 1218 α’νάκανθα,
348 1149 384 1209 τά
400 1150 563 1212 ἀντακαίους
582 1151 724 1218 καλέουσι,
741 1152 892 1228 παρέχεται

91 1241 119 1298 ἐς
131 1239 300 1316 ταρίχευσιν,
310 1236 387 1295 ἄλλα
400 1263 431 1297 τε
444 1237 541 1295 πολλά
555 1238 701 1312 θωυμάσαι
714 1235 786 1305 ἄξια.
807 1238 892 1316 μέχρι

89 1325 142 1400 μέν
155 1352 203 1384 νυν
216 1326 321 1402 Γέρρου
333 1324 434 1403 χώρου,
449 1330 475 1386 ἐς
488 1324 537 1383 τῶν
550 1323 757 1401 τεσσεράκοντα
769 1324 892 1401 ἡμερέων

473 1411 604 1434 tlt!
684 1411 774 1434 l’!
882 1412 889 1432 λ

90 1411 179 1475 πλόος
197 1414 267 1482 ἐστὶ,
282 1413 448 1492 γινώσκεται
465 1438 534 1488 ρεων
548 1439 605 1472 ατο
618 1414 711 1489 βορεω
725 1438 836 1489 ανεμου·
857 1439 889 1473 το

90 1499 120 1558 δὲ
139 1501 293 1577 κατύπερθε
309 1499 341 1559 δι’
356 1498 393 1560 ῶν
406 1500 462 1576 ῥέει
476 1499 634 1577 ἀνθρώπων,
649 1500 736 1563 οὐδεὶς
750 1501 806 1578 ἔχει
821 1499 892 1577 φρά·

347 1591 355 1610 ἱ
383 1591 391 1610 ῑ
402 1588 410 1609 Ι

90 1612 150 1646 σαι·
178 1589 307 1663 φαίνεται
328 1589 357 1646 δε
377 1613 446 1664 ρεων
466 1586 499 1645 δι’
519 1587 622 1664 ἐρήμου
644 1592 671 1650 ἐς
691 1591 746 1646 τῶν
763 1591 891 1668 γεωργῶν

90 1676 216 1737 Σκυθέων
229 1675 281 1751 τήν
291 1674 393 1753 χώρην·
411 1673 488 1734 οὗτοι
500 1675 554 1756 γάρ
569 1679 596 1734 οἱ
610 1674 718 1738 Σκύθαι
731 1673 795 1750 παρ’
807 1674 891 1734 αύτών

90 1764 136 1820 ἐπὶ
149 1763 215 1822 δέκα
228 1763 351 1840 ήμερέων
361 1762 452 1821 πλόον
462 1763 600 1838 νέμονται.
629 1762 733 1839 μούνου
747 1763 777 1820 δὲ
789 1763 889 1822 τούτου

88 1854 139 1909 τοῦ
152 1855 280 1928 ποταμοῦ
295 1851 340 1909 καὶ
354 1852 460 1909 Νείλου
475 1849 524 1908 οὐκ
538 1851 591 1928 ἐχω
603 1850 712 1927 φράσαι
725 1850 775 1913 τοῖς
788 1850 888 1931 πηγάς·

89 1937 174 1997 δοκέω
192 1939 230 2008 δέ,
249 1938 311 1998 οὐδὲ
330 1938 417 2001 οὐδεὶς
436 1937 590 2013 Ἑλλήνων.
625 1938 716 2019 ἀγχοῦ
736 1964 767 1997 τε
788 1938 821 2013 δή
841 1941 889 1998 θαι

88 2024 202 2102 λύσσης
221 2027 237 2086 ὁ
256 2027 433 2103 Βορυσθένης
451 2028 519 2102 ῥέων
531 2027 645 2106 γίνεται,
660 2028 709 2085 καί
722 2029 748 2084 οἶ
765 2028 888 2103 συμμίσ-

88 2139 167 2193 γεται
180 2113 324 2176 ὁὝπανις
337 2119 364 2175 ἐς
376 2113 464 2172 τώυτό
477 2115 540 2176 ἕλος
551 2114 680 2177 ἐκδιδούς·
698 2114 730 2173 τό
742 2114 771 2173 δὲ
784 2114 888 2190 μεταξύ

87 2205 143 2260 τῶν
156 2207 289 2278 ποταμῶν
302 2201 405 2260 τούτων
419 2201 464 2260 ε’ὃν
479 2203 604 2276 ἔμβολον
617 2207 667 2276 τῆς
680 2201 779 2279 χώρης,
793 2201 889 2260 Ἱππό-

88 2292 143 2347 λεω
154 2288 224 2366 ἄκρη
236 2290 373 2348 καλέεται·
389 2294 418 2347 ἐν
428 2289 457 2347 δέ
467 2289 500 2347 τό
512 2288 570 2365 ἱρῶν
582 2289 732 2365 Δήμητρος
743 2289 887 2365 ἐνίδρυται·

87 2377 176 2452 πέρην
202 2377 232 2435 δέ
258 2380 307 2436 τοῦ
335 2379 394 2452 ἱροῦ
419 2377 465 2434 ἐπὶ
490 2380 528 2454 τῶ
549 2375 649 2434 Ὑπάνι
673 2376 888 2452 Βορυσθενεῗται

437 2461 659 2485 xxix!

89 2464 276 2541 κατοίκηνται.
304 2468 393 2524 ταῦτα
412 2489 464 2540 μεν
484 2489 520 2522 τα
537 2489 592 2521 οπο
609 2488 713 2522 τουτων
730 2466 784 2521 τῶν
803 2487 887 2520 ποτα·

87 2556 157 2629 μῶν.

129 2639 211 2698 Μετοῖ
238 2639 267 2698 δὲ
290 2638 404 2703 τούτους
430 2639 557 2715 πέμπτος
581 2635 708 2712 ποταμδς
735 2635 824 2699 ἄλλος
849 2639 888 2714 τῷ
896 2637 933 2695 54

87 2727 194 2803 οὔνομα
214 2727 404 2802 Παντικάπης·
425 2727 481 2803 ῥέει
502 2726 532 2784 δὲ
552 2725 597 2783 καὶ
619 2723 699 2787 οὗτος
718 2723 774 2783 α’πῶ
795 2724 888 2799 βορέω

85 2840 117 2874 τε
132 2815 178 2873 καὶ
195 2820 225 2872 ἐκ
242 2816 350 2890 λίμνης,
368 2815 413 2871 καὶ
434 2812 466 2872 τῶ
485 2813 589 2888 μεταξύ
605 2813 705 2870 τούτου
722 2837 753 2869 τε
771 2813 817 2869 καὶ
835 2814 885 2869 τοῦ

86 2903 278 2978 Βορυσθένεος
301 2903 430 2976 νέμονται
457 2904 483 2959 οἱ
503 2901 620 2981 γεωργοὶ
645 2899 759 2972 Σκύθου
787 2899 889 2958 ἐκδιδοῖ

86 2989 117 3048 δὲ
138 2995 167 3052 ἐς
187 2991 239 3064 τήν
259 2989 385 3064 Ὑλαίην·
406 2988 653 3065 παραμειψάμενος
675 2987 704 3045 δὲ
725 2986 835 3062 ταύτην,
849 2989 887 3064 τῷ

86 3078 258 3152 Βορυσθένεϊ
292 3078 493 3157 συμμίσγεται.
540 3075 641 3136 Ἕκτος
675 3075 704 3132 δὲ
737 3075 934 3150 Ὑπάκυριςῧό

84 3162 223 3238 ποταμός·
244 3162 274 3226 ῶς
295 3163 416 3240 ὁρμᾶται
433 3166 485 3240 μὲν
505 3167 536 3222 ἐκ
557 3164 670 3240 λίμνης,
684 3162 736 3221 διδ
758 3163 853 3238 μἐπωυ
867 3160 907 3214 ἷζε

77 3254 135 3308 τῶν
146 3248 274 3324 νομάδων
286 3251 422 3314 Σκυθέων
435 3252 519 3332 ῥέων,
533 3254 646 3314 ἐκδιδοῖ
662 3250 740 3312 κατὰ
746 3246 928 3324 Καρκινῖτιν
996 3256 1001 3263 “
