2040 3464
89 106 196 168 33-44]
439 107 551 154 κκυιο.
862 111 889 154 19

85 184 252 260 ΙἌδρηστον,
266 182 422 263 ἀπικομένῳ
440 184 472 243 δέ
484 188 511 244 οἱ
528 185 607 266 λέγει
621 184 696 244 τάδε·
717 183 889 262 ’(Ἀδρηστε,

88 271 142 350 ἐγώ
162 297 198 331 σε
217 274 354 350 συμφορῇ
373 272 571 351 πεπληγμένον
591 270 684 350 άχάρι,
704 271 756 346 τήν
775 297 820 331 τοι
839 271 889 330 οὐκ

87 355 217 429 ὀνειδίζω,
245 356 365 437 ἐκάθῃρα
391 360 437 416 καὶ
460 359 574 418 οἰκίοισι
596 358 800 435 ὖποδεξάμενος
827 360 889 438 ἔχω,

86 446 216 524 παρέχων
228 449 325 504 πᾶσαν
338 446 471 521 δαπάνην·
491 449 539 505 νῦν
552 445 589 506 ὧν
602 445 738 527 (ὀφείλεις
750 446 814 527 γάρ,
826 451 891 521 ἐμεῦ

86 531 312 608 προποιήσαντος
329 532 442 611 χρηστά
455 538 482 596 ἐς
497 535 540 602 σὲ,
554 534 710 611 χρηστοῖσί
725 560 761 610 με
776 533 891 610 α’μείβε-

87 620 167 700 σθαι)
178 619 293 696 φύλακα
305 620 403 682 παιδός
416 645 451 678 σε
463 624 513 679 τοῦ
527 624 594 696 ἐμοῦ
606 621 709 699 χρηίζω
721 621 853 700 γενέσθαι
864 626 891 684 ἐς

16 746 21 753 -
86 706 176 789 ἄγρην
196 708 375 786 ὁρμεομένου·
396 708 438 785 μή
457 734 529 770 τινες
549 708 607 767 κατ’
628 707 694 768 ὁδόν
714 712 823 770 κλῶπες
843 733 890 767 κα·

87 800 201 878 κοῦργοι
219 798 264 855 ἐπὶ
282 794 402 871 δηλήσει
419 795 545 870 φανέωσι
562 795 637 871 ὑμῖν·
657 794 728 873 πρὸς
746 796 775 854 δὲ
792 795 888 874 τούτῳ,

87 886 133 943 καὶ
146 886 183 944 σέ
191 910 235 943 τοι
247 883 336 963 χρεάν
346 889 408 943 ἐστι
418 883 486 943 ἰέναι
497 884 562 943 ἔνθα
570 883 801 960 άπολαμπρύνεαι
812 887 890 942 τοῖσι

86 973 204 1052 ἔργοισι·
225 970 363 1047 πατρώϊόν
375 997 406 1030 τε
420 971 475 1053 γάρ
488 996 532 1030 τοι
546 972 607 1030 ἐστὶ
620 972 666 1029 καὶ
679 973 796 1048 προσέτι
809 971 888 1047 ῥώμη

84 1057 230 1139 ὑπάρχει.”
268 1058 432 1135 Ἀμείβεται
455 1058 470 1117 ὁ
491 1057 659 1135 Ἄδρηστος·
688 1058 731 1117 “ὦ
753 1062 887 1135 βασιλεῦ,
897 1061 934 1117 42

86 1145 180 1210 ἄλλως
192 1149 244 1224 μὲν
257 1147 343 1228 ἔγωγε
359 1173 393 1206 αν
406 1145 455 1205 οὐκ
468 1144 516 1221 ἤϊα
531 1151 559 1208 ἐς
575 1145 677 1206 ἄεθλον
689 1145 804 1206 τοιόνδε·
826 1144 888 1206 οὔτε

84 1233 141 1315 γάρ
154 1237 290 1312 συμφορῇ
305 1234 398 1313 τοιῇδε
416 1234 585 1312 κεχρημένον
602 1234 675 1296 οἰκός
694 1239 755 1294 ἔστι
773 1240 800 1297 ἐς
818 1234 887 1310 ὁμή-

84 1326 167 1385 λικας
180 1322 209 1381 εὗ
222 1322 403 1399 πρήσσοντας
417 1323 493 1390 ἰέναι,
507 1320 571 1381 οὔτε
583 1321 615 1380 τά
629 1321 789 1396 βούλεσθαι
801 1320 887 1398 πάρα·

85 1413 221 1488 πολλαχῇ
233 1435 265 1470 τε
280 1408 314 1469 ἂν
327 1408 411 1488 ἶσχον
428 1408 572 1486 ἐμεωυτόν.
612 1412 660 1467 νῦν
677 1408 714 1477 δὲ,
729 1409 790 1467 ἐπεί
804 1434 835 1468 τε
849 1407 887 1468 σθ

85 1497 215 1560 σπείδεις
238 1497 283 1556 καὶ
305 1496 348 1556 δεῖ
368 1522 413 1555 τοι
436 1496 609 1575 χαρίζεσθαι,
632 1493 750 1574 (ὀφείλω
773 1495 828 1576 γάρ
852 1520 889 1555 σε

85 1583 260 1661 ἀμείβεσθαι
276 1585 449 1663 χρηστοῖσι,)
463 1585 566 1643 ποιέειν
587 1584 643 1658 εἰμὶ
663 1586 772 1659 ἑτοῖμος
790 1588 887 1644 ταῦτα·

85 1670 173 1730 παῖδά
191 1698 223 1732 τε
243 1671 296 1732 σόν
315 1671 364 1731 τὸν
380 1670 550 1730 διακελεύεαι
571 1668 741 1746 φυλάσσειν,
757 1670 888 1748 οἷπήμονα

84 1763 136 1819 τοῦ
139 1760 339 1836 φυλάσσοντος
348 1757 597 1836 εἴνεκενπροσδάκα
604 1784 648 1817 τοι
656 1758 886 1834 άπονοστήσειν.”

134 1847 293 1907 Τοιούτοισι
303 1852 362 1905 ἐπεί
375 1872 405 1904 τε
416 1844 494 1908 οὗτος
508 1846 646 1923 ἀμείψατο
658 1850 791 1922 Κροῖσον,
801 1844 887 1923 ἤϊσαν
896 1851 934 1906 43

85 1935 158 2012 μετά
166 1939 254 1994 ταῦτα
268 1935 444 2012 ἐξηρτυμένοι
457 1935 563 2014 λογάσι
575 1960 606 1993 τε
616 1935 739 2013 νεηνίῃσι
752 1937 798 1993 καὶ
812 1937 886 1994 κυσί.

86 2023 249 2099 ἀπικόμενοι
268 2024 298 2081 δὲ
316 2028 343 2085 ἐς
360 2021 409 2081 τᾶν
427 2020 582 2098 Οὔλυμπον
596 2021 629 2081 τά
646 2021 709 2097 ὅρος
728 2021 838 2097 ἐζήτεον
852 2021 886 2082 τά

87 2111 191 2189 θηρίον,
219 2109 343 2188 εὖρόντες
369 2110 399 2169 δὲ
425 2111 471 2168 καὶ
497 2109 676 2186 περιστάντες
702 2109 769 2170 αὐτὰ
796 2111 887 2189 κύκλῳ

87 2198 275 2275 ἐσηκόντιζον·
296 2199 361 2258 ἔνθα
377 2197 411 2273 δή
426 2197 442 2257 ὁ
457 2198 551 2267 ξεῖνος,
567 2194 647 2260 οὗτος
662 2195 696 2272 δή
711 2197 727 2256 ὁ
742 2198 888 2275 καθαρθεὶς

86 2286 139 2347 τᾶν
158 2285 247 2363 φόνον
266 2285 435 2363 καλεόμενος
453 2285 483 2343 δὲ
496 2284 662 2361 Ἄδρηστος,
677 2285 823 2356 ἀκοντίζων
838 2285 889 2346 τάν

88 2379 150 2444 σῦν,
172 2377 223 2434 τοῦ
243 2375 295 2450 μὲν
317 2372 469 2450 ἁμαρτάνει
488 2371 620 2453 τυγχάνει
640 2374 670 2432 δὲ
690 2377 740 2432 τοῦ
762 2374 889 2450 Κροίσου

88 2460 196 2525 παιδός.
237 2461 253 2521 ὁ
271 2463 323 2538 μὲν
339 2459 372 2536 δή
390 2460 510 2537 βληθεὶς
525 2464 561 2538 τῇ
578 2465 665 2538 αἰχμῇ
683 2461 822 2537 ἐξέπλησε
839 2465 889 2521 τοῦ

89 2547 196 2626 ὀνείρου
208 2548 261 2624 τήν
275 2547 382 2624 φήμην·
399 2548 458 2607 ἔθεε
472 2547 503 2607 δέ
514 2573 556 2610 τις
569 2547 710 2629 οἷγγελέων
723 2552 761 2627 τῷ
774 2550 890 2628 Κροίσῳ

89 2635 122 2696 τό
135 2635 260 2719 γεγονός·
281 2634 448 2712 ἀπικόμενος
461 2635 490 2694 δὲ
504 2640 532 2698 ἐς
544 2633 594 2698 τάς
610 2634 718 2711 Σάρδις,
731 2634 783 2711 τήν
794 2663 825 2694 τε
839 2636 891 2712 μά-

90 2750 144 2802 χην
163 2725 209 2783 καὶ
226 2723 276 2784 τᾶν
293 2727 343 2782 τοῦ
361 2722 459 2786 παιδθς
478 2722 567 2800 μόρον
588 2721 712 2801 ἐσήμῃνέ
729 2727 766 2783 οἶ.
806 2723 840 2782 ‘0
862 2723 937 2782 δέ44

91 2815 217 2890 Κροῖσος
239 2815 277 2890 τῷ
301 2809 409 2890 θανάτῳ
435 2815 486 2871 τοῦ
508 2810 607 2874 παιδὸς
628 2811 890 2892 συντεταραγμένος,

90 2898 205 2977 μᾶλλόν
216 2925 244 2959 τι
260 2899 462 2979 ἐδεινολογέετο
475 2897 519 2958 ὅτι
534 2924 583 2975 μιν
595 2897 737 2958 οἷπέκτεινε
749 2897 799 2958 τὸν
812 2897 894 2961 αὗτὸς

92 2985 182 3064 φόνου
195 2986 322 3064 ἐκάθηρε·
338 2987 542 3063 περιημεκτέων
554 2986 584 3045 δὲ
597 2989 633 3064 τῇ
644 2990 779 3064 συμφορῇ
793 2986 893 3055 δεινῶς,

93 3076 190 3135 ἐκάλεε
211 3076 264 3151 μὲν
286 3073 343 3132 Δία
363 3072 537 3150 Καθάρσιον,
557 3071 765 3150 μαρτυρόμενος
782 3073 820 3132 τά
838 3072 897 3132 fin&

93 3163 245 3233 τοῦ.ξείνου
260 3159 405 3227 πεπονθώς
419 3162 472 3242 εἴη·
495 3161 598 3224 ἐκάλεε
611 3159 812 3223 δὶῈπίστιέςν
826 3185 863 3218 τε
874 3158 927 3215 mix

193 3249 213 3271 ι..
300 3250 308 3273 ι
375 3252 383 3272 ι
407 3253 416 3276 ς
495 3258 510 3274 a
597 3253 606 3272 s
677 3249 684 3273 ι
811 3244 818 3266 ⁹
911 3238 927 3260 Χ

89 3247 250 3326 Ἑταιρηιον,
273 3277 325 3315 τον
345 3279 437 3318 αυτον
458 3282 565 3318 τουτον
593 3252 748 3331 ονομαζων
772 3248 854 3309 va·
878 3243 949 3315 W
