2040 3464
143 104 175 152 ιι
449 106 631 154 ἭΡοΔοιόυ
906 104 939 170 [1

141 178 333 266 Ἀγβατάνων,
360 186 406 245 καὶ
429 185 499 262 πρός
525 191 576 245 τοῦ
598 185 702 246 πόντου
724 188 774 244 τοῦ
800 182 942 254 Εὐξείνου.

141 272 228 351 ταύτῃ
251 275 303 348 μὲν
325 273 380 354 γὰρ
403 273 422 349 ἦ
446 273 558 349 Μηδικὴ
582 271 659 350 χώρη
682 272 752 350 πρός
778 272 943 348 Σασπείρων

140 357 234 435 ὀρεινή
255 365 317 420 ἐστι
334 361 430 437 κοίρτα·
454 360 512 441 [καὶ
528 360 625 436 ὑψηλή
645 386 676 418 τε
696 361 742 419 καὶ
762 361 839 437 ’ίδησι
858 384 943 436 συνη·

97 461 102 467 “
141 446 238 523 ρεφής·
259 447 277 522 ἡ
292 448 321 506 δὲ
334 447 410 523 ἄλλη
424 447 536 523 Μηδικὴ
553 447 630 524 χώρη
645 448 706 506 ἐστὶ
722 451 803 506 πᾶσα
818 445 942 528 ἄπεδος]

143 535 202 593 ἐπεὶ
220 534 256 594 ὧν
272 535 288 594 ὁ
301 535 442 611 βουκόλος
457 537 568 613 σπουδῇ
585 539 681 613 πολλῇ
696 534 862 610 καλεόμενος
880 533 938 592 οἷπί·

142 648 214 693 κετο,
230 625 308 703 ἔλεγε
321 622 337 681 ό
348 621 494 703 Ἅρπαγος
506 623 581 681 τόδε·
596 622 725 681 (ίκελεόει
738 649 772 681 σε
784 621 941 702 Ἀστυάγης

139 711 173 770 τό
191 710 302 769 παιδίον
317 714 400 769 τοῦτο
420 710 549 785 λαβόντα
568 710 655 769 θεῖναι
674 715 701 773 ἐς
718 710 751 769 τό
771 709 942 786 ἐρημότατον

141 802 196 856 τῶν
210 797 318 872 οὐρέων,
333 797 401 860 ὅκως
418 795 453 856 ἂν
465 796 587 875 τάχιστα
601 797 775 874 διαφθαρείη.
818 797 863 854 καὶ
875 796 942 856 τόδε

140 911 185 944 τοι
198 886 327 944 ἐκέλευσε
341 888 434 955 εἰπεῖν,
448 883 532 960 ἦνμὴ
544 884 705 963 ἀποκτείνῃς
718 884 785 944 αὐτό
799 882 877 943 αἶλλοί
888 910 941 964 τεῳ

140 973 233 1051 τρόπῳ
253 970 432 1051 περιποιήσῃ,
448 971 554 1051 ὀλέθρῳ
572 976 611 1050 τῷ
631 974 752 1051 κακίστῳ
773 998 808 1031 σε
827 972 941 1050 διαχρή-

142 1062 254 1120 σεσθαι·
284 1064 387 1136 ἐπορᾶν
413 1061 442 1118 δὲ
469 1062 624 1136 ἐκκείμενον
650 1060 831 1139 διατέπαγμαι
857 1060 940 1140 ἐγό.”

96 1150 150 1208 lll
161 1151 255 1207 Ταῦτα
272 1146 393 1210 α’κούσας
409 1147 425 1207 ό
441 1147 581 1223 βουκόλος
597 1149 643 1206 καὶ
662 1145 813 1223 οἷναλαβῶν
827 1147 861 1208 τό
877 1174 939 1207 παι-

141 1236 200 1295 δίον
212 1235 255 1310 ἤῖε
268 1235 320 1310 τήν
333 1235 418 1311 αὐτὴν
431 1235 522 1295 ὀπίσω
536 1236 608 1304 ὁδόν,
620 1236 665 1294 καὶ
679 1235 836 1294 α’πικνέεται
849 1240 876 1298 ὃς
888 1236 940 1312 τήν

141 1325 265 1382 ἔπαυλιν.
306 1327 344 1403 τῷ
362 1323 385 1382 δ’
399 1322 453 1400 ἄρα
470 1323 515 1382 καὶ
532 1323 604 1401 αὐτῷ
621 1322 639 1398 ἦ
655 1323 733 1403 γυνὴ,
748 1323 842 1392 ἐπίτεξ
854 1327 940 1383 ἐοῦσα

141 1416 237 1471 πᾶσαν
255 1411 369 1488 η’μέρην,
383 1411 449 1470 τότε
468 1438 519 1474 κως
541 1410 611 1470 κατὰ
629 1411 746 1487 δαίμονα
762 1412 848 1470 τίκτει
866 1415 939 1490 οἴχο-

139 1501 224 1576 μένου
238 1504 288 1558 τοῦ
306 1498 449 1574 βουκόλου
469 1504 496 1561 ἐς
513 1498 606 1558 πόλιν·
628 1498 702 1574 ἦσαν
720 1499 750 1557 δὲ
768 1504 797 1557 ἐν
813 1501 939 1575 φροντίδι

140 1587 296 1664 ἀμφότεροι
309 1586 442 1661 ἀλλήλων
455 1587 527 1664 πέρι,
539 1585 554 1645 ό
567 1590 618 1662 μὲν
627 1591 677 1645 τοῦ
690 1585 773 1646 τόκου
785 1591 834 1662 τῆς
846 1613 940 1666 γυναι·

140 1675 187 1737 κός
203 1674 351 1751 ἀρρωδέων,
366 1673 384 1748 ἡ
402 1675 431 1733 δὲ
447 1672 517 1754 γυνη
536 1673 579 1733 ὅτι
595 1672 643 1733 οὐκ
660 1673 749 1735 ἐωθως
765 1673 780 1733 ό
794 1672 939 1756 ’Ἅρπαγος

140 1763 352 1838 μεταπέμψαιτο
373 1760 458 1836 αὐτῆς
473 1762 521 1821 τόν
538 1759 633 1838 ἄνδρα.
669 1762 730 1820 ἐπεί
743 1787 774 1820 τε
794 1761 824 1820 δὲ
838 1760 940 1822 ‹inova-

140 1850 250 1925 σπη’σας
264 1850 375 1924 ἐπέστη,
387 1849 432 1907 οἶα
446 1849 477 1917 ἐξ
489 1849 611 1908 ἀέλπτου
626 1849 723 1908 ἰδοῦσα
736 1848 754 1924 ἦ
767 1848 836 1930 γυνη
851 1850 939 1927 εἴρετο

140 1936 270 2013 προτέρη,
288 1935 304 1995 ὅ
324 1963 352 1996 τι
371 1963 419 2013 μιν
440 1937 510 1995 οὕτω
529 1936 677 2014 προθύμως
692 1935 836 2017 Ἅρπαγος
855 1963 939 2014 μετα-

136 2027 298 2101 πέμψαιτο;
319 2023 335 2084 ό
354 2025 383 2083 δὲ
403 2024 471 2084 εἶπε·
493 2023 537 2083 “ὦ
556 2024 646 2105 γύναι,
666 2024 737 2084 εἶδόν
756 2050 787 2084 τε
807 2029 835 2087 ἐς
853 2024 939 2087 πόλιν

139 2113 228 2172 ἐλθών
246 2114 292 2172 καὶ
310 2111 419 2188 ἥκουσα
436 2112 468 2172 τό
486 2110 557 2189 μήτε
577 2112 642 2171 ἰδεῖν
660 2111 766 2188 ὄφελον
783 2112 855 2188 μήτε
875 2117 939 2174 κοτέ

137 2201 270 2282 γενέσθαι
284 2206 311 2263 ἔς
324 2200 461 2262 δεσπότας
470 2200 534 2262 τούς
547 2200 704 2277 ἡμετέρους.
736 2200 811 2262 οἶκος
822 2203 874 2276 μὲν
883 2206 938 2265 πᾶς

137 2287 281 2369 Ἀρπόγου
297 2290 429 2366 κλαυθμῷ
446 2289 596 2365 κατείχετο,
612 2286 664 2368 ἐγώ
682 2287 711 2346 δὲ
728 2289 875 2368 ἐκπλαγεὶς
889 2288 939 2364 ἤϊα

139 2378 203 2436 ἔσω·
224 2377 259 2439 ὦς
279 2378 308 2435 δὲ
328 2376 450 2454 τοίχιστα
471 2377 602 2451 ἐσῆλθον,
620 2375 688 2453 ὁρέω
704 2377 814 2435 παιδίον
829 2379 938 2453 προκεί-

137 2491 229 2542 μενον,
241 2464 381 2541 α’σπαῖρόν
390 2490 421 2523 τε
435 2466 480 2523 καὶ
491 2463 719 2544 κραυγανόμενον,
730 2467 939 2540 κεκοσμημένον

83 2581 84 2584 ’
137 2557 233 2632 χρυσῷ
245 2579 276 2612 τε
292 2553 338 2611 καὶ
355 2554 454 2627 ἐσθῆτι
469 2553 594 2631 ποικίλῃ.
623 2550 769 2633 Ἅρπαγος
785 2551 815 2610 δέ
831 2551 867 2616 οἷς
883 2553 939 2614 εἶδέ

137 2668 181 2718 με,
204 2642 311 2699 ἐκέλευε
334 2639 386 2715 τήν
408 2642 545 2717 ταχίστην
567 2639 749 2715 ἀναλαβόντα
771 2638 804 2699 τό
826 2640 938 2702 παιδίον

138 2729 266 2806 οἴχεσθαι
280 2729 409 2805 φέροντα,
424 2729 469 2785 καὶ
483 2729 570 2786 θεῖναι
584 2728 648 2786 ἔνθα
662 2727 881 2803 θηριωδέστατον
894 2730 937 2806 εἴη

137 2822 192 2876 τῶν
210 2815 317 2893 οίρέων,
335 2816 391 2891 φὰς
410 2815 569 2895 Ἀστυάγεα
588 2814 657 2874 εἶναι
674 2814 723 2873 τόν
740 2819 829 2874 ταῦτα
846 2817 937 2876 ἐπιθέ-

136 2904 221 2981 μενόν
232 2931 288 2980 μοι,
302 2903 398 2962 πολλοὶ
416 2902 573 2978 ἀπειλήσας
590 2906 614 2960 εἰ
628 2902 669 2978 μή
682 2909 760 2978 σφεα
775 2902 936 2979 ποιήσαιμι·

138 2993 184 3050 καὶ
197 2990 250 3071 ἐγώ
265 2991 417 3066 ἀναλαβών
428 2992 535 3066 ἔφερον,
547 2990 646 3049 δοκέων
658 2995 713 3050 τῶν
724 3016 799 3053 τινος
811 2992 937 3053 οἰκετέων

133 3080 215 3136 εἶναι·
235 3077 269 3137 οὔ
284 3077 340 3158 γὰρ
358 3077 392 3137 ἅν
405 3103 469 3137 κοτε
486 3077 618 3145 κατέδοξα
635 3078 711 3138 ἔνθεν
724 3105 759 3159 γε
773 3077 818 3155 ἦν.
852 3079 936 3156 ἐθοίμ-

110 3165 194 3231 βεον
211 3164 245 3222 δέ
261 3165 353 3241 ὀρέων
368 3171 471 3246 χρυσῷ
488 3193 519 3226 τε
541 3165 587 3225 καὶ
608 3165 705 3243 εἵμασι
723 3167 934 3242 κεκοσμημένον,

102 3246 181 3312 ’Ψὸἳ
199 3250 239 3319 ὃέ,
256 3255 310 3312 καί
326 3256 485 3334 κλαυθμόν
502 3260 685 3316 κατεστεῶτα
702 3255 831 3330 ἐμηδανέα
846 3253 889 3311 'ev‘
899 3259 947 3322 λιι·
