2040 3464
126 118 175 167 ατο
421 117 605 166 ἩΡοΔουου
857 113 923 178 [Πι

126 196 172 256 καὶ
190 194 376 271 Πολυκράτεα
394 195 445 255 τάν
460 193 585 265 Αἰάκεος,
602 194 633 257 δς
653 195 722 272 ἔσχε
743 193 840 270 Σάμον
859 199 927 252 ἐπα·

125 282 238 344 ναστάς·
266 282 312 340 καὶ
334 282 370 340 τά
393 285 445 358 μὲν
468 285 565 357 πρῶτα
588 286 670 358 τριχῆ
694 280 851 355 δασάμενος
873 282 926 356 τήν

125 367 209 428 πάλιν
221 372 298 429 τοῖσι
311 368 477 443 ἀδελφεοῖσι
490 369 684 447 Πανταγνώτῳ
698 369 744 426 καὶ
761 369 927 431 Συλοσῶντι

126 457 223 532 ἔνειμε·
247 456 318 532 μετά
339 456 376 524 δὲ,
390 456 440 515 τάν
459 459 512 532 μὲν
532 455 622 514 αὐτῶν
642 455 806 518 ἀποκτείνας
824 454 875 514 τάν
895 457 926 516 δέ

124 544 255 618 νεῶτερον
268 545 439 606 Συλοσῶντα
457 544 593 613 ἐξελάσας
611 545 678 621 ἔσχε
695 547 792 602 πᾶσαν
804 543 857 618 τήν
871 544 926 608 Σά-

125 657 186 701 μον,
198 632 286 710 ἴσχων
297 632 334 700 δὲ,
346 632 464 706 ξεινηίήν
477 631 585 707 Ἀμάσι
598 635 636 708 τῷ
647 630 789 710 Αἰγύπτου
802 632 926 706 βασιλέϊ

126 719 306 793 συνεθήκατο,
328 720 444 794 πέμπων
464 744 495 778 τε
516 718 590 792 δῶρα
611 719 657 776 καὶ
680 717 826 793 δεκόμενος
846 717 924 778 ἄλλα

125 806 189 883 παρ’
204 807 316 865 ἐκείνου.
351 811 379 864 ἐν
392 805 483 885 χρόνῳ
502 806 532 864 δέ
548 805 634 886 ὀλίγῳ
648 804 746 864 αὐτίκα
761 810 812 864 τοῦ
829 811 926 865 Πολυ-

126 893 239 970 κράτεος
254 893 290 951 τά
303 893 455 972 πρήγματα
471 892 578 966 αὔξετο,
594 893 640 950 καὶ
657 891 693 968 ἦν
705 893 859 968 βεβωμένα
870 892 926 954 άνά

124 1007 156 1040 τε
175 981 226 1056 τήν
246 980 351 1056 Ἰωνίην
372 981 418 1038 καὶ
438 980 490 1055 τήν
511 979 602 1055 άλλην
622 979 757 1038 Ἑλλάδα·
782 980 850 1040 ὅκου
868 983 924 1061 γάρ

126 1067 230 1128 ἰθύσειε
257 1068 460 1144 στρατεύεσθαι
483 1067 578 1127 πάντα·
601 1069 629 1126 οἶ
655 1067 755 1145 ἐχώρεε
782 1068 924 1147 εὐτυχέως·

91 1151 95 1157 ’
124 1156 222 1231 ἔκτητο
249 1156 278 1214 δέ
304 1156 535 1232 πεντηκοντέρους
560 1181 591 1214 τε
619 1155 716 1213 ἐκατδν
744 1156 789 1213 καὶ
814 1158 925 1233 χιλίους

124 1245 248 1314 τοξότας.
278 1246 359 1320 ἔφερε
373 1245 401 1302 δέ
415 1245 461 1302 καὶ
474 1243 526 1323 ἦγε
539 1242 652 1311 πάντας,
664 1243 806 1318 διακρίνων
816 1243 924 1302 οὐδένα·

124 1336 162 1410 τῷ
179 1333 234 1411 γάρ
254 1334 330 1410 φίλῳ
346 1334 399 1407 ἔφη
415 1332 576 1409 χαριεῖσθαι
593 1334 706 1406 μᾶλλον
722 1329 871 1394 άπαδιδούς
888 1332 925 1391 τά

125 1420 213 1495 ἔλαβε
234 1418 251 1495 ἢ
273 1420 362 1498 α’ρχήν
382 1421 452 1495 μηδὲ
473 1417 581 1493 λαβῶν.
617 1418 723 1496 συχνάς
743 1419 795 1493 μὲν
815 1418 849 1494 δή
869 1423 925 1479 τῶν

127 1507 219 1581 νήσων
233 1507 342 1584 αἱρήκεε
358 1506 454 1565 πολλοὶ
470 1506 500 1564 δὲ
518 1507 564 1563 καὶ
581 1509 631 1581 τῆς
649 1504 764 1579 ἠπείρου
782 1503 880 1575 άστεα,
895 1511 925 1566 ἐν

125 1594 154 1653 δὲ
172 1595 206 1670 δή
223 1597 268 1653 καὶ
285 1597 429 1670 Λεσβίους
446 1597 622 1671 πανστρατιῇ
638 1593 811 1667 βοηθέοντας
830 1599 924 1670 Μιλη-

126 1684 217 1742 σίοισι
230 1685 368 1761 ναυμαχίη
383 1683 524 1759 κρατήσας
541 1682 607 1740 εἶλε·
629 1680 656 1739 οἳ
671 1681 723 1755 τήν
736 1680 846 1757 τάφρον
858 1684 924 1759 περὶ

80 1770 157 1830 θθλτδ
170 1775 262 1850 τεῖχος
274 1771 307 1829 τδ
323 1776 352 1829 ἐν
362 1771 447 1848 Σάμῳ
460 1774 556 1829 πᾶσαν
570 1769 708 1844 δεδεμένοι
722 1767 837 1844 ῶρυξαν.
865 1770 924 1829 Καί

126 1883 178 1919 κως
195 1858 245 1917 τδν
260 1856 386 1933 Ἄμασιν
406 1857 550 1935 εὐτυχέων·
556 1857 684 1938 μεγάλως
702 1855 718 1915 ὁ
738 1857 924 1934 Πολυκράτης

125 1944 175 2003 οὐκ
189 1943 331 2014 ἐλάνθανε,
346 1944 424 2003 α’λλά
440 1948 466 2003 οἱ
481 1944 555 2004 τοῦτ’
568 1944 603 2019 ἦν
617 1945 755 2020 ἐπιμελές·
775 1948 876 2023 πολλῷ
894 1947 924 2005 δὲ

125 2033 164 2090 ἐτι
177 2031 295 2094 πλεῦνός
305 2035 332 2090 οῖ
343 2032 468 2110 εὐτυχίης
477 2033 630 2112 γινομένης,
641 2032 752 2112 γράψας
763 2037 790 2095 ἐς
801 2034 924 2108 βιβλίον

123 2119 189 2177 τάδε
202 2119 347 2178 ἐπέστειλε
360 2124 387 2182 ἐς
401 2119 506 2195 Σάμον·
523 2119 669 2195 “”Αμασις
683 2121 860 2196 Πολυκράτει
872 2120 924 2181 ὦδε

124 2207 211 2287 λέγει·
231 2206 283 2282 ήδύ
298 2209 350 2282 μὲν
362 2207 551 2267 πυνθάνεσθαι
568 2207 654 2285 ἄνδρα
668 2208 755 2282 φίλον
769 2208 815 2266 καὶ
834 2209 924 2277 ξεῖνον

126 2293 155 2352 εὖ
168 2293 342 2370 πρήσσοντα,
358 2295 419 2371 ἐμοὶ
438 2295 467 2353 δέ
483 2299 512 2354 αἱ
528 2295 579 2354 σαὶ
595 2296 718 2375 μεγάλαι
736 2294 859 2374 εὐτυχίαι
873 2296 924 2357 οὐκ

125 2382 278 2458 α’ρέσκουσι
296 2383 329 2442 τδ
351 2384 426 2442 θεῖον
446 2384 620 2461 ἐπισταμένῳ
638 2383 673 2445 ῶς
694 2383 754 2442 ἐστι
774 2384 923 2461 φθονερόν·

125 2473 173 2530 καί
183 2497 235 2534 κως
248 2471 479 2547 βούλομαι-καὶ
493 2470 574 2532 αὐτάς
588 2472 633 2529 καὶ
646 2475 701 2529 τῶν
714 2469 747 2529 ἂν
758 2470 925 2548 κήδωμαι-

124 2559 157 2619 τά
170 2561 223 2635 μέν
235 2586 263 2618 τι
277 2559 412 2637 εὐτυχέειν
425 2563 480 2618 τῶν
493 2558 663 2639 πρηγμάτων
675 2558 708 2617 τά
723 2558 752 2616 δὲ
765 2562 924 2635 προσπταί-

126 2673 172 2717 ειν,
187 2647 310 2717 ἐναλλάξ
322 2647 467 2723 πρήσσων·
485 2647 531 2705 καὶ
545 2646 615 2705 οὕτω
629 2646 769 2721 διαφέρειν
778 2647 827 2706 τδν
837 2652 924 2708 αἰῶνα

125 2733 143 2810 ἢ
164 2735 300 2814 εὐτυχέειν
320 2736 355 2793 τοὶ
379 2735 479 2795 πάντα·
508 2733 605 2793 οὐδένα
627 2734 682 2813 γάρ
704 2760 741 2793 κω
762 2734 839 2815 λόγῳ
860 2736 921 2798 οἶδα

125 2821 255 2892 άκούσας,
270 2823 348 2885 ὅστις
362 2828 389 2886 ἐς
404 2825 486 2886 τέλος
504 2821 536 2881 οὐ
556 2826 644 2884 κακῶς
660 2821 824 2897 ἐτελεύτησε
837 2824 924 2900 πρόρ·

124 2913 199 2987 ριζος
220 2910 354 2989 εὐτυχέων
373 2912 409 2970 τά
428 2911 528 2970 πάντα.
564 2909 601 2968 σύ
623 2909 660 2968 ῶν
680 2914 728 2968 νῦν
749 2911 811 2986 ἐμοὶ
829 2907 924 2972 πειθά·

124 3024 206 3074 μενος
222 3000 343 3074 ποίησον
356 2999 426 3076 πρὸς
438 2999 488 3061 τάς
504 2997 629 3076 εὐτυχίας
644 2997 746 3056 τοιάδε·
768 3000 924 3074 φροντίσας

117 3085 156 3144 τά
175 3084 211 3147 άν
231 3085 313 3166 εὕρῃς
335 3086 379 3146 ἐάν
399 3113 444 3146 τοι
463 3087 599 3145 πλείστου
621 3083 698 3154 ἄξιον
718 3085 764 3142 καὶ
784 3085 826 3144 ἐπ’
843 3083 865 3165 ᾧ
885 3088 924 3147 σύ

103 3171 283 3258 α’πολομένῳ
310 3177 447 3255 μάλιστα
473 3176 527 3254 τήν
553 3173 649 3255 ψυχὴν
679 3172 824 3251 δλγήσεις,
844 3178 927 3232 τοῖνεα

89 3257 246 3340 ἆπάβαλε
266 3265 348 3329 οὕτω
368 3267 445 3334 ὅκως
466 3265 573 3348 μηκέτι
590 3261 654 3340 ἥξει
675 3265 705 3322 ἐς
723 3258 892 3328 ιλιθυῶπςυς
911 3258 947 3330 ἣν
