2040 3464
91 107 188 172 τηου]
423 107 555 155 emm.
841 108 889 154 ιιι

90 211 147 262 μοι,
175 187 221 243 καὶ
248 186 367 262 Σμέρδιν
393 187 441 245 τάν
469 183 566 262 Κύρου
591 185 691 261 μηκέτι
717 184 783 261 ύμῖν
809 183 890 246 ἐόντα

90 274 249 350 λογίζεσθε·
271 277 298 332 οἱ
317 273 346 331 δέ
366 273 431 347 ύμῖν
452 270 549 352 Μάγοι
570 272 718 349 κρατέουσι
738 275 792 332 τῶν
804 273 891 348 βασι·

90 361 184 434 ληίων,
206 359 255 419 τόν
275 386 307 419 τε
334 360 431 418 ἔλιπον
453 360 603 436 ἐπίτροπον
622 363 677 418 τῶν
698 359 789 419 οἰκίων
809 360 855 418 καὶ
874 359 891 421 ὁ

90 448 194 507 ἐκείνου
221 446 361 523 ἀδελφεός
381 447 508 524 Σμέρδις.
549 445 600 507 τάν
619 448 671 522 μέν
692 473 739 506 νυν
761 446 890 523 μάλιστα

89 539 170 613 χρῆν,
195 540 261 612 ἐμεῦ
287 534 394 613 αἶσχρά
419 533 489 610 πρδς
508 538 563 593 τῶν
583 533 691 614 Μάγων
710 533 891 605 πεπονθότος,

88 623 232 699 τιμωρέειν
248 623 318 699 ἐμοὶ,
333 620 414 685 οὗτος
432 625 483 697 μὲν
497 620 600 699 ἀνοσίῳ
618 625 695 699 μόρῳ
713 621 891 697 τετελεύτηκε

89 709 144 769 ῦπδ
152 715 206 770 τῶν
217 714 319 770 ἑωυτοῦ
330 708 517 786 οίκηῖοτάτων·
531 708 634 768 τούτου
643 708 672 766 δὲ
682 709 780 784 μηκέτι
791 709 895 780 ἐόντος,

89 797 202 875 δεύτερα
223 802 278 858 τῶν
299 802 414 866 λοιπῶν,
436 795 510 873 ύμῖν,
532 795 553 854 ὦ
576 797 696 872 Πέρσαι,
717 796 825 876 γίνεταί
843 823 892 874 μοι

89 883 309 965 ἀναγκαιότατον
333 886 515 945 ἐντέλλεσθαι
541 884 577 944 τά
598 884 671 943 θέλω
691 910 741 960 μοι
760 885 892 965 γενέσθαι

88 977 224 1033 τελευτῶν
250 973 299 1034 τόν
319 975 395 1050 βίον·
430 973 476 1032 καὶ
502 971 535 1048 δή
556 971 621 1048 ῦμῐν
640 971 706 1030 τάδε
727 972 889 1048 ἐπισκήπτω

90 1060 169 1124 θεούς
192 1061 256 1124 τοῦς
275 1061 446 1138 βασιληίους
470 1061 630 1129 ἐπικαλέων,
652 1060 698 1117 καὶ
718 1064 807 1120 πᾶσιν
827 1061 893 1137 ύμῖν

89 1150 136 1206 καὶ
166 1149 295 1224 μάλιστα
323 1148 537 1227 Ἀχαιμενιδέων
567 1151 643 1207 τοῖσι
674 1152 819 1225 παρεοῦσι,
851 1149 891 1226 μή

89 1237 220 1312 περιϊδεῖν
232 1237 284 1312 τήν
302 1236 452 1317 ἡγεμονίην
466 1234 542 1298 αῦτις
557 1241 584 1298 ἐς
602 1234 717 1309 Μήδους
731 1237 891 1312 περιελθοῦ-

89 1349 154 1382 σαν·
175 1324 250 1393 ἀλλ’,
266 1325 320 1384 εἴτε
333 1323 406 1402 δόλῳ
420 1325 517 1401 έχουσι
531 1321 617 1396 αὐτήν
635 1322 804 1398 κτησάμενοι
819 1323 892 1404 δόλῳ

88 1409 273 1489 ἀπαιρεθῆναι
285 1412 340 1472 ῦπδ
359 1412 457 1488 ύμέων·
480 1411 534 1470 ε’ίτε
556 1411 601 1468 καὶ
620 1410 716 1470 σθένεί
731 1437 784 1490 τεῳ
797 1438 891 1490 κατερ-

87 1500 252 1578 γασάμενοι,
270 1502 364 1561 σθένεϊ
385 1499 455 1558 καταὶ
475 1498 508 1558 τό
531 1499 663 1576 καρτερόν
676 1498 891 1560 ἀνασώσασθαι.

88 1588 135 1645 καὶ
148 1591 235 1647 ταῦτα
251 1591 302 1664 μὲν
319 1592 430 1647 ποιεῦσι
445 1586 511 1664 ῦμῖν
531 1590 570 1668 γῆ
590 1612 621 1645 τε
642 1586 748 1665 καρπόν
769 1588 890 1665 ἐκφέροι,

88 1675 134 1732 καὶ
154 1677 281 1755 γυναῖκές
301 1703 332 1736 τε
354 1677 400 1734 καὶ
420 1675 536 1751 ποίμνια
555 1675 682 1743 τίκτοιεν,
698 1679 777 1733 ἐοῦσι
795 1680 822 1739 ἐς
841 1675 891 1736 τάν

87 1761 197 1822 ἅπαντα
213 1765 315 1842 χρόνον
334 1763 516 1839 ἐλευθέροισι·
537 1762 577 1840 μή
597 1761 843 1838 ἀνασωσαμένοισι
860 1764 891 1823 δὲ

86 1849 139 1924 τήν
156 1849 247 1929 ἀρχήν
267 1850 330 1928 μηδ’
346 1849 544 1928 ἐπιχειρήσασι
565 1849 716 1920 ἀνασώζειν
731 1849 767 1909 τά
782 1852 890 1910 ἐναντία

85 1937 213 1996 τούτοισι
233 1937 351 2015 ἀρέομαι
371 1937 436 2013 ὑμῖν
456 1938 597 2017 γενέσθαι·
620 1937 666 1996 καὶ
687 1938 756 2015 πρός
772 1939 811 1998 ἔτι
827 1939 889 1998 τού-

85 2051 170 2095 ποισι,
190 2025 224 2086 τά
245 2025 327 2088 τέλος
348 2023 482 2101 Περσέων
503 2025 611 2105 ἑκάστῳ
632 2025 810 2105 ἐπιγενέσθαι
830 2027 890 2086 οἷον

86 2115 149 2188 ἐμοὶ
163 2112 332 2195 ἐπιγέγονε·”
374 2112 435 2189 ἅμα,
449 2139 480 2173 τε
498 2114 576 2176 εἶπας
594 2118 683 2172 ταῦτα
696 2114 712 2173 ό
727 2114 890 2191 Καμβύσης

85 2200 222 2260 ἀπέκλαιε
242 2205 338 2261 πᾶσαν
358 2201 410 2276 τήν
430 2204 531 2260 ἐωυτοῦ
551 2202 661 2278 πρῆξιν·
685 2201 797 2278 Πέρσαι
813 2201 836 2260 δ’
855 2203 936 2266 (ῦς66

86 2291 137 2347 τὸν
162 2289 290 2365 βασιλέα
318 2288 390 2347 εἶδον
418 2287 643 2358 ἀνακλαύσαντα,
671 2289 771 2352 πάντες
796 2289 832 2349 τά
858 2316 889 2350 τε

87 2377 207 2451 ἐσθῆτος
233 2376 352 2454 ἐχόμενα
383 2375 459 2454 εἶχον
493 2379 581 2435 ταῦτα
612 2377 815 2451 κατηρείκοντο,
842 2378 888 2435 καὶ

87 2467 194 2544 οἰμωγῇ
221 2464 336 2543 ἀφθόνῳ
363 2464 534 2541 διεχρέωντο.
575 2463 647 2540 μετά
674 2463 704 2521 δέ
729 2468 825 2534 ταῦτα,
854 2464 890 2526 (ῦς

87 2552 262 2626 ἐσφακέλισέ
288 2578 319 2611 τε
345 2551 378 2610 τό
406 2551 507 2611 ὀστέον
535 2551 581 2609 καὶ
608 2551 624 2610 ό
651 2550 740 2626 μηρός
766 2550 888 2629 τάχιστα

86 2639 188 2716 ἐσάπη,
216 2639 346 2716 ἀπήνεικε
368 2639 530 2715 Καμβύσεα
556 2639 606 2697 τάν
628 2639 732 2715 Κύρου,
752 2638 889 2714 βασιλεύ-

85 2752 177 2787 σαντα
199 2730 251 2804 μὲν
274 2728 308 2786 τά
330 2725 422 2786 πάντα
447 2727 516 2785 ἐπτά
541 2727 601 2784 ἐτεα
623 2726 668 2783 καὶ
687 2730 777 2802 μῆνας
797 2725 887 2797 πέντε,

85 2814 190 2873 άπαιδα
214 2815 301 2874 δὲ
269 2843 301 2875 το
329 2815 462 2892 παράπαν
483 2814 563 2873 ἐόντα
584 2816 696 2889 ἔρσενος
718 2839 764 2872 και
754 2812 888 2888 θηλεος

83 2902 178 3009 γόνου.
222 2903 398 2980 Περσέωνδέ
386 2907 487 2961 ετοῖσι
503 2906 641 2978 παρεοῦσι
657 2901 775 2976 ἀπιστίη
788 2899 884 2976 πολλή

83 2990 246 3097 ὑπεκέχυτο,
267 2991 330 3053 τοῦς
352 2990 502 3068 Μάγους
488 3015 561 3066 εχειν
577 2990 614 3048 τά
631 2990 793 3068 πρήγματα·
820 2986 886 3046 ἀλλ’

83 3077 240 3152 ἠπιστέατο
261 3083 307 3137 ἐπι
296 3078 451 3160 διαβολῇ
479 3080 565 3135 εἰπεῖν
588 3076 806 3152 Καμβύσεα
771 3103 807 3137 τα
827 3075 888 3133 εἶπε

83 3168 149 3243 περὶ
162 3191 212 3225 του
200 3165 361 3243 Σμέρδιος
379 3165 535 3238 θανάτου,
526 3191 573 3227 ινα
592 3192 622 3225 οι
642 3163 840 3239 ἐκπολεμωδη
849 3178 911 3214 ’Μ

77 3278 112 3313 το
108 3253 280 3378 Ῑήερσικόν·
301 3281 381 3319 ουτοι
394 3256 452 3336 μέν
468 3284 522 3320 νυν
542 3253 714 3334 ἠπιστέατο
726 3246 864 3326 Σμέρδιν
880 3255 938 3295 του
