2040 3464
96 116 123 165 vi
438 114 599 162 LECTORI.
642 155 646 163 .

97 250 297 305 obsolescerent
309 247 442 316 siquando
454 263 504 315 pro
516 245 778 314 rerumpublicarum
788 248 942 300 mutationi,

95 341 148 395 bus
160 342 321 396 commercia
333 340 473 393 hominum
485 339 537 392 alio
554 338 783 403 transferrentur3
801 339 944 406 panegyris

97 437 177 502 enim,
198 435 240 489 uti
260 434 361 504 optime
382 437 476 486 monet
497 432 605 499 Strabo,
626 449 725 499 magna
746 449 780 484 ex
801 435 880 500 parte
899 449 944 484 res

97 511 258 583 mercatoria
270 533 337 583 erat.
373 529 482 581 Lectori
496 527 582 595 igitur
594 528 677 580 semel
689 526 739 579 hac
752 526 787 578 de
796 510 829 578 're
841 526 944 587 monito

97 639 151 675 nen
163 622 307 676 obscurum
323 622 384 687 erit,
397 620 544 688 plurimum
562 637 594 672 ex
614 617 784 687 supellectile
797 634 878 685 quam
891 617 943 669 his

97 717 182 771 terias
193 717 395 785 conscripturus
408 714 459 767 sibi
473 714 609 780 congessit
625 713 733 778 Noster,
746 710 840 764 deberi
857 727 943 763 saeer-

98 809 194 862 dotum
211 808 352 871 sodalitiis
371 807 471 875 quihus
489 805 568 858 officii
587 810 647 858 erat
665 805 768 872 templa
784 805 812 856 in
829 821 944 873 quorum

97 901 195 955 vicinia
218 905 366 955 conventus
392 900 439 953 isti
463 900 588 952 solennes
612 898 821 952 celebrabantur
848 913 944 966 procu-

97 1009 166 1046 rare.
197 992 267 1046 Inde
279 992 390 1061 planum
403 993 435 1044 fit
447 992 626 1056 narrationes,
637 993 773 1059 quotquot
782 1007 798 1042 1
807 990 855 1043 1111
868 990 943 1042 11111

97 1087 283 1150 manaverunt,
303 1100 354 1137 nec
377 1083 603 1148 locupletissimos
625 1082 726 1135 habere
748 1086 873 1136 auctores
894 1099 944 1134 noc

97 1181 190 1230 tamen
206 1176 314 1229 omnino
330 1175 498 1244 spernendas
514 1191 582 1227 esse.
599 1174 701 1242 quippe
716 1191 786 1242 quae
802 1174 943 1240 111111111-

98 1268 192 1322 niones
213 1269 307 1337 quales
327 1285 357 1321 se
381 1271 447 1322 tunc
469 1267 602 1335 temporis
628 1266 781 1332 habuerint,
801 1266 859 1318 sino
882 1267 944 1318 fuco

98 1361 263 1414 rettulerint.
299 1360 342 1414 De
358 1377 413 1428 qua
428 1378 466 1426 re,
480 1360 581 1428 quippe
594 1376 664 1427 quae
680 1359 707 1411 in
724 1359 892 1426 praefatione
908 1359 944 1411 ad

97 1453 229 1521 majorem
239 1454 387 1508 editionem
400 1453 540 1506 enucleata
553 1453 594 1513 111,
603 1453 717 1505 ulterius
729 1470 799 1506 nunc
809 1454 944 1507 disserere
957 1506 960 1512 ,

98 1548 314 1614 supersedemus,
326 1547 449 1600 breviter
464 1550 572 1599 tantum
588 1545 735 1599 indicaturi
751 1546 856 1614 aliquas
872 1564 886 1599 e
901 1564 943 1599 rc-

98 1639 224 1706 gionibus
247 1656 297 1708 per
315 1656 390 1707 quas,
413 1655 474 1691 cum
499 1638 601 1691 Noster
624 1637 752 1692 historias
777 1643 942 1706 contexeret,

98 1735 268 1784 mercaturae
281 1731 390 1784 fiebant.

152 1825 185 1877 ln
201 1825 252 1878 hae
264 1825 423 1892 quaestione
439 1825 590 1894 principem
606 1825 694 1879 lecum
705 1829 783 1880 tenet
799 1827 879 1879 Nilus
895 1827 944 1878 flu-

98 1934 171 1985 men,
179 1917 207 1970 in
219 1917 296 1986 cujus
309 1918 385 1972 ostiis
398 1919 457 1986 jam
470 1918 534 1972 inde
547 1936 564 1972 a
577 1920 763 1974 Psammitichi
773 1920 953 1988 temporibus

98 2008 231 2076 plurimae
240 2009 365 2062 civitates
376 2011 496 2064 Graecae
504 2011 606 2063 insulas
616 2015 818 2079 occupaverant.
845 2011 944 2064 Postea

99 2100 218 2153 universi
241 2101 270 2153 in
289 2101 449 2156 Naucratim
469 2103 563 2170 eoacti,
584 2104 734 2171 emporium
758 2103 796 2155 ibi
814 2104 944 2155 constitu·

99 2195 188 2259 erunt,
203 2193 277 2258 unde
294 2193 346 2246 toti
365 2197 491 2262 Aegypto
507 2194 627 2246 inferiori
646 2210 751 2247 merces
767 2197 878 2247 exterae
897 2195 944 2247 irn-

98 2285 287 2353 portabantur,
304 2304 407 2339 necnon
426 2304 513 2355 usque
532 2287 567 2340 ad
586 2287 700 2354 Thebas,
719 2305 770 2354 ope
789 2288 944 2341 Etesiorurn

98 2383 249 2446 ventorum,
262 2398 312 2448 per
323 2381 505 2448 quadraginta
522 2382 580 2434 fere
593 2381 653 2435 dies
669 2383 813 2450 quotannis
829 2384 945 2437 adverso

98 2469 210 2524 flumine
219 2471 395 2526 vehebantur.
413 2473 487 2525 Hine
496 2473 532 2526 ad
542 2474 620 2541 Myos
631 2474 774 2538 Hermum,
781 2477 827 2543 qui
837 2476 865 2529 in
874 2479 945 2530 Ara-

98 2562 159 2617 bico
172 2563 232 2617 sinu
247 2566 316 2618 situs
334 2570 383 2630 est,
395 2583 446 2634 per
459 2566 569 2619 deserta
586 2566 706 2619 locorum
719 2568 830 2621 camelis
846 2569 945 2625 ibatur.

99 2656 944 2731 1111111111111111111111111111111Α11111111111,111(1111(111

99 2746 265 2816 Taprobane,
278 2749 306 2802 iu
323 2750 465 2803 Graeciam
484 2750 649 2818 pervenerit,
661 2750 711 2803 hac
728 2751 772 2804 via
789 2755 945 2820 pervenisse

98 2840 228 2894 credibile
234 2844 283 2894 est.
297 2841 384 2894 Atvel
389 2840 577 2894 remotissimis
584 2841 753 2908 temporibus
761 2842 834 2896 inter
839 2844 945 2899 Thebas

99 2934 281 3002 Aegyptiacos
290 2938 319 2987 et
331 2950 407 2986 mare
415 2933 646 2986 mediterraneum
656 2937 818 2989 commercia
827 2939 945 3006 viguisse

97 3026 232 3095 ridentur,
243 3043 305 3080 eum
324 3026 435 3080 divitiae
450 3025 532 3093 hujus
547 3026 624 3078 urbis
639 3027 681 3079 vel
696 3027 731 3080 ab
745 3029 866 3083 Homero
879 3032 945 3084 eele-

83 3114 209 3169 brentur.
247 3119 307 3171 Sed
331 3112 399 3173 tune
421 3119 553 3188 temporis
577 3122 747 3172 mercaturae
769 3138 820 3189 per
843 3126 944 3176 terram

62 3194 181 3253 fiebant.
221 3207 318 3264 Statio
331 3212 476 3280 primaria
491 3214 556 3266 erat
571 3209 653 3264 Oasis
667 3209 774 3278 hlagna
785 3211 833 3275 tEl
847 3212 956 3279 Wohh,

18 3328 26 3357 l
