2040 3464
106 111 244 173 ιιι-τοι]
392 110 619 158 Μυκυουυυυ.
857 113 904 159 355

104 191 246 271 ε’πιχιύριοι
259 192 338 250 εἶναι·
370 192 416 249 ε’πὶ
429 190 529 249 τούτου
541 196 591 250 τοῦ
611 194 705 267 οὔρεος
723 196 749 250 οἶ
766 192 904 268 ἅνθρωποι

104 279 181 339 οῦτοι
194 279 331 356 ἐπώνυμοι
346 280 482 359 ἐγένοντο·
505 279 652 338 καλέονται
665 279 719 360 γοὶρ
735 279 768 353 δὴ
782 279 903 338 Ἀτλαν·

102 393 156 430 τες·
178 370 308 449 λέγονται
327 368 356 426 δὲ
373 366 436 426 οὔτε
453 368 578 445 ἔμψυχον
592 367 670 427 οὐδὲν
683 369 828 427 σιτέεσθαι
841 365 910 427 οῦτεΙ

104 454 216 514 ἐνύπνια
230 456 307 533 ὁρᾶν.

144 545 238 623 Μέχρι
251 548 303 621 μὲν
316 544 350 620 δή
363 547 418 603 τιῦν
429 542 589 603 Ἀτλάντων
600 540 712 612 τούτων,
726 544 779 622 ἔχω
792 543 827 602 τά
841 542 884 603 ού-
895 547 951 603 185

103 631 210 708 νάματα
224 636 279 690 τῶν
287 638 316 692 ἓν
328 636 364 710 τῇ
378 631 470 710 ὀφρύῃ
484 632 687 707 κατοικημένων
698 631 857 700 καταλέξαι·
870 631 903 692 τό

103 718 126 777 δ’
142 719 198 779 ὀπό
218 720 330 790 τούτων,
349 720 448 779 οὐκέτι·
470 719 557 795 διήκει
577 717 600 778 δ’
617 718 654 778 ὧν
671 719 690 794 ἦ
710 718 802 795 ὀφρύη
820 720 905 796 μέχρι

102 807 279 885 Ἡρακληΐων
299 810 434 884 στηλέων,
454 808 499 866 καὶ
514 808 547 866 τό
567 808 617 877 ἔξω
637 809 763 867 τουτέων·
792 808 853 866 ἔστι
875 807 905 866 δὲ

102 895 171 959 ἁλός
190 924 221 956 τε
240 898 384 973 μέταλλον
401 902 429 955 ἐν
446 895 515 974 αὐτῇ
535 895 580 954 διαὶ
600 895 666 954 δέκα
684 895 807 972 ἡμερέων
826 894 901 964 ὀδοῦ,

102 985 148 1042 καὶ
164 983 305 1062 ἅνθρωποι
326 988 469 1046 οἰκέοντες·
490 983 526 1042 τά
543 983 572 1042 δὲ
593 985 666 1042 οἰκία
683 982 811 1043 τούτοισι
829 987 903 1042 πᾶσι

102 1077 132 1130 ἐκ
145 1077 199 1131 τῶν
212 1073 314 1132 ὀλίνων
326 1072 450 1151 χόνδρων
461 1072 664 1146 οἰκοδομέαται·
680 1075 768 1130 ταῦτα
780 1070 835 1151 γάρ
849 1070 903 1147 ἤδη

56 1164 60 1169 ’
100 1164 150 1234 τῆς
163 1160 273 1236 Λιβύης
286 1159 417 1238 ἅνομβρά
431 1165 501 1219 ἔστι·
519 1158 551 1218 ού
560 1160 614 1240 γάρ
626 1158 659 1218 ἂν
667 1158 800 1234 ἠδυνέατο
809 1160 903 1236 μένειν

101 1253 128 1307 οἱ
145 1253 236 1327 τοῖχοι
256 1249 345 1312 ε’όντες
361 1247 461 1318 ἅλινοι,
479 1252 502 1306 εἰ
521 1245 561 1306 ὗε.
596 1247 656 1307 ὀδὲ
672 1247 725 1310 ἃλς
741 1247 839 1308 αὐτόθι
855 1249 901 1307 καὶ

101 1336 199 1400 λευκός
216 1337 262 1395 καὶ
278 1336 437 1414 πορφύρεος
449 1336 482 1396 τό
498 1336 570 1398 εἶδος
585 1335 747 1412 ὀρύσσεται.
780 1335 850 1412 ὑπὲρ
871 1337 901 1395 δὲ

99 1429 149 1500 τῆς
162 1425 269 1502 ὀφρύης
281 1424 434 1501 ταύτης,τό
447 1423 518 1501 πρός
532 1423 612 1484 νότον
622 1425 668 1483 καὶ
680 1421 838 1504 μεσόγαιαν
850 1429 901 1500 τῆς

99 1513 217 1588 Λιβύης,
227 1519 328 1590 ἔρημος
342 1514 387 1572 καὶ
401 1512 515 1589 ἄνυδρος
529 1513 574 1571 καὶ
588 1511 691 1588 ἄθηρος
698 1513 744 1571 καὶ
757 1511 900 1588 ἄνομβρος

101 1601 146 1658 καὶ
166 1600 267 1670 ἅξυλός
287 1607 348 1661 ε’στι
366 1600 385 1677 ἦ
405 1601 492 1679 χώρη·
514 1594 563 1659 καὶ·
582 1600 695 1676 ἰκμάδος
712 1601 773 1660 ε’στὶ
787 1605 816 1660 ἐν
829 1599 899 1679 αὐτῇ

99 1688 187 1747 οὐδέν.

140 1776 220 1835 Οὕτω
239 1780 291 1852 μὲν
306 1777 390 1855 μέχρι
408 1781 458 1851 τῆς
475 1777 637 1854 Τριτωνίδος
652 1777 754 1852 λίμνης
770 1775 817 1835 ἀπ’
830 1780 879 1835 Αἰ·
889 1777 947 1835 186

98 1863 205 1944 γύπτου
219 1865 335 1941 νομάδες
350 1865 405 1923 εἰσὶ
419 1865 573 1947 κρεοφάγοι
586 1891 616 1924 τε
631 1866 677 1923 καὶ
689 1865 901 1946 γαλακτοπόται

98 1953 212 2028 Λίβυες·
235 1954 280 2011 καὶ
299 1953 406 2028 θηλέων
425 1978 456 2012 τε
472 1956 551 2028 βοῶν
570 1953 601 2011 οῦ
619 1979 646 2012 τι
662 1953 815 2034 γευόμενοι,
830 1952 901 2012 διότι

98 2066 150 2116 περ
169 2041 232 2098 οὐδὲ
248 2040 405 2120 Αἰγύπτιοι·
427 2042 472 2099 καὶ
485 2039 516 2104 ῦς
530 2067 562 2099 ου
575 2044 735 2118 τρέφοντες·
755 2043 833 2116 βοῶν
847 2042 899 2117 μέν

98 2153 146 2188 νυν
167 2128 274 2203 θηλέων
296 2128 352 2187 οὐδ’
376 2132 404 2188 αἱ
431 2130 595 2205 Κυρηναίων
619 2133 746 2209 γυναῖκες
766 2128 901 2188 δικαιεῦσι

97 2217 261 2287 πατέεσθαι,
281 2215 325 2275 διαὶ
346 2216 398 2292 τὴν
414 2221 443 2276 έν
463 2217 595 2297 Αἰγύπτῳ
608 2217 689 2285 Ἶσιν,
703 2216 781 2275 ὀλλοὶ
795 2217 840 2274 καὶ
854 2242 900 2292 νη-

98 2305 192 2366 στείας
211 2304 281 2383 αὐτῇ
302 2305 348 2363 καὶ
364 2304 447 2381 ὀρτός
463 2307 649 2364 ἐπιτελέουσι·
670 2307 699 2363 αἱ
717 2304 747 2363 δὲ
759 2309 814 2364 τῶν
827 2311 900 2382 Βαρ-

98 2393 181 2451 καίων
198 2397 325 2472 γυναῖκες
346 2393 408 2452 οὐδὲ
424 2393 479 2451 ῦῦν
492 2393 562 2469 πρός
576 2397 645 2471 τῇσι
658 2392 748 2467 βουσὶ
761 2389 898 2471 γεύονται·

96 2485 185 2539 ταῦτα
202 2483 254 2556 μὲν
270 2480 305 2556 δη
327 2480 396 2540 οὕτω
410 2483 476 2559 ἔχει.
511 2480 550 2540 Τό
565 2481 594 2538 δὲ
607 2480 679 2557 πρός
692 2481 812 2557 ἑσπέρης
829 2485 880 2556 τῆς
890 2480 944 2540 187

96 2569 260 2644 Τριτωνίδος
277 2571 378 2648 λίμνης
399 2569 490 2629 ούκέτι
506 2568 623 2646 νομάδες
640 2570 695 2627 εἶσὶ
708 2571 822 2644 Λίβυες,
837 2568 901 2628 οῦδὲ

96 2655 210 2731 νόμοισι
225 2661 302 2716 τοῖσι
323 2657 434 2717 αὐτοῖσι
452 2656 612 2736 χρεώμενοι,
627 2657 659 2716 οῦ
678 2655 775 2716 ὲκατό
787 2657 823 2716 τά
836 2683 899 2715 παι·

96 2745 141 2803 δία
159 2749 300 2808 ποιεῦντες
319 2745 378 2805 οἶόν
391 2772 419 2805 τι
433 2747 478 2803 καὶ
493 2748 519 2804 οἱ
532 2745 649 2821 νομάδες
667 2745 772 2805 ἐώθασι
785 2746 898 2805 ποιέειν·

96 2836 123 2891 οἱ
139 2833 195 2912 γοὶρ
214 2833 248 2907 δὴ
264 2838 318 2894 τῶν
339 2833 454 2910 Λιβύων
469 2834 593 2911 νομάδες,
608 2838 646 2910 (εἰ
660 2836 712 2910 μὲν
724 2833 833 2903 πάντες,
848 2833 899 2892 ούκ

96 2921 150 2998 ἔχω
170 2921 302 2997 ἀτρεκέως
319 2926 403 2980 τοῦτο
417 2921 512 3002 εἶπαι,)
526 2925 638 2981 ποιεῦσι
652 2922 681 2981 δὲ
695 2920 784 2981 αὐτῶν
797 2923 899 3000 συχνοὶ

96 3007 197 3068 τοιάδε·
217 3014 273 3069 τῶν
286 3009 401 3069 παιδίων
413 3013 468 3069 τῶν
482 3010 634 3087 σφετέρων,
648 3008 731 3070 ε’πεόν
750 3011 897 3086 τετραέτεα

96 3097 217 3177 γένηται,
233 3097 321 3174 οἴσπῃ
341 3097 493 3173 προβάτων
506 3097 618 3156 καίουσι
630 3097 681 3160 τοὶς
694 3102 724 3157 ἒν
736 3101 804 3175 τῇσι
819 3124 898 3172 κορυ-

95 3187 169 3260 φῇσι
194 3185 317 3260 φλέβας·
342 3185 522 3265 μετεξέτεροι
542 3185 574 3246 δὲ
595 3185 700 3256 αῦτῶν,
714 3185 771 3246 τας
788 3189 820 3240 ἐυ
839 3185 927 3238 ποῖαι
999 3246 1002 3251 Ι

166 3269 176 3291 l
328 3277 341 3292 Α
801 3266 814 3286 x
877 3261 883 3281 Ι

83 3277 267 3343 κροταφοισι·
289 3274 376 3334 τουδε
390 3277 496 3349 εἵνεκα,
510 3275 549 3342 ὣς
564 3275 607 3356 μή
623 3281 726 3352 σφεας
739 3276 838 3332 ἐςτον
848 3279 954 3319 ww
