2040 3464
102 112 129 160 vi
445 109 605 156 LECTORI.
648 150 652 157 .

103 246 304 300 obsolescerent
316 241 448 312 siquando
460 258 510 309 pre
522 240 785 309 rerumpublicarum
794 242 949 294 mutationi.

103 337 154 390 bus
166 337 327 390 commercia
340 336 479 389 hominum
491 333 543 386 alie
560 333 790 397 transferrentur;
807 334 951 400 panegyris

104 432 183 498 enim,
204 430 246 483 nti
267 430 368 498 optime
389 432 482 481 mouet
503 427 611 494 Strabo,
632 443 732 494 magna
752 442 786 478 ex
807 429 886 494 parte
906 443 951 489 res

104 506 265 578 mercatoria
277 528 343 578 erat.
379 523 488 576 Lectori
502 522 588 590 igitur
600 522 683 574 semel
696 521 746 574 hac
758 520 793 573 de
802 504 836 573 ¹re
847 520 951 584 monito

104 633 157 670 non
169 617 313 670 obscurum
330 617 390 684 erit,
403 615 550 684 plurimum
568 632 601 667 ex
621 612 790 681 supellectile
803 628 885 680 quam
897 612 951 664 his,

104 712 188 766 terias
200 712 402 780 conscripturus
415 708 466 761 sibi
479 708 616 776 congessit
631 707 740 772 Noster,
753 705 847 759 deberi
863 721 950 758 sacer-

104 803 200 857 dotum
218 802 359 866 sodalitiis
378 802 477 870 quibus
496 801 575 853 efficii
594 804 654 853 erat
671 800 775 867 templa
790 799 818 851 in
835 815 951 868 quorum

104 896 201 950 vicinia
225 900 373 949 conventus
399 895 445 947 isti
470 895 594 947 solennes
619 892 827 946 celebrabantur
855 908 951 961 procu«

104 1004 173 1040 rare.
204 986 274 1040 Inde
286 987 397 1056 planum
410 987 442 1039 fit
454 987 632 1051 narrationes,
644 988 779 1053 quotquot
789 1002 804 1038 e
814 985 863 1038 tali
874 984 950 1038 fonte

104 1082 290 1145 manaverunt,
310 1095 361 1131 nec
384 1078 610 1144 locupletissimos
632 1076 733 1130 habero
754 1082 879 1131 auctores
901 1094 951 1130 nec

104 1176 197 1224 tamen
213 1171 321 1224 omnino
337 1169 505 1239 spernendas
521 1186 588 1222 esse.
605 1169 707 1237 quippe
723 1186 792 1238 quae
809 1169 880 1237 volgi
895 1170 951 1236 opi-

104 1263 199 1317 niones
220 1264 314 1333 quales
334 1280 364 1316 se
388 1267 454 1316 tunc
477 1263 609 1331 temporis
635 1263 787 1329 habuerint,
808 1262 866 1315 sine
889 1262 951 1315 fuco

104 1356 271 1410 rettulerint.
306 1356 348 1410 De
365 1373 420 1425 qua
435 1373 473 1422 re,
486 1356 588 1424 quippo
601 1373 670 1423 quac
688 1355 714 1407 in
731 1356 899 1422 praefatione
915 1355 951 1407 ad

104 1449 236 1517 majorem
246 1450 393 1504 editionem
406 1451 547 1503 enucleata
560 1450 601 1510 sit,
610 1450 724 1501 ulterius
736 1467 806 1502 nunc
815 1450 951 1503 disserere
964 1501 968 1508 ,

105 1543 320 1612 supersedemus,
333 1543 455 1596 breviter
471 1547 578 1596 tantum
594 1542 742 1595 indicaturi
758 1542 863 1610 aliquas
878 1559 894 1595 e
908 1559 951 1595 ro-

105 1633 231 1700 gionibus
255 1653 304 1703 per
322 1652 397 1704 quas,
419 1652 481 1688 cum
505 1635 608 1688 Noster
631 1633 759 1687 historias
784 1639 950 1701 contexeret,

105 1730 274 1779 mercaturae
288 1726 396 1780 fiebant.

159 1820 192 1871 ln
207 1819 259 1873 hae
271 1820 429 1887 quaestione
445 1820 597 1889 principem
613 1819 701 1874 lecum
712 1822 790 1874 tenet
806 1820 886 1873 Nilus
902 1821 951 1872 llu-

106 1928 177 1979 men,
186 1911 214 1964 in
226 1913 303 1981 eujus
316 1913 392 1966 ostiis
405 1914 464 1981 jam
476 1914 541 1966 inde
554 1931 571 1966 a
584 1914 770 1967 Psammitiohi
781 1913 960 1982 temporibus

106 2002 238 2070 plurimae
247 2003 372 2057 civitates
383 2005 503 2059 Graecae
512 2005 613 2057 insulas
623 2008 825 2072 occupaverant.
852 2005 951 2059 Postea

106 2094 225 2148 universi
248 2095 277 2148 in
296 2096 456 2150 Naucratim
477 2097 570 2162 coacti,
591 2096 740 2163 emporium
765 2096 802 2149 ibi
821 2098 951 2150 constitu-

106 2189 195 2253 erunt,
210 2187 284 2241 unde
301 2188 353 2240 toti
372 2191 498 2256 Aegypto
515 2187 635 2240 inferiori
653 2204 758 2240 merces
774 2192 885 2241 exterae
904 2190 952 2241 im-

105 2279 295 2347 portabantur,
311 2298 414 2334 necnon
433 2298 520 2349 usque
539 2280 574 2334 ad
593 2280 707 2349 Thebas,
726 2299 777 2349 ope
797 2282 951 2336 Etesiorum

106 2376 256 2440 ventorum,
269 2392 319 2442 per
330 2375 513 2443 quadraginta
529 2376 587 2428 fere
601 2375 660 2429 dies
676 2378 820 2445 quotannis
837 2379 952 2432 adverse

106 2461 216 2517 flumine
226 2464 402 2519 vehebantur.
421 2467 494 2520 Hinc
503 2467 539 2520 ad
549 2468 627 2535 Myos
638 2468 781 2533 Hermum,
788 2470 835 2539 qui
844 2471 873 2523 in
882 2474 952 2525 Ara-

105 2556 166 2611 bico
179 2557 239 2611 sinu
255 2559 324 2612 situs
341 2564 391 2626 est,
402 2578 453 2629 per
466 2561 577 2614 deserta
594 2561 714 2614 locorum
727 2563 837 2616 camelis
853 2563 952 2620 ibatur.

106 2649 400 2720 Quicquidaromatum
408 2671 442 2707 ex
451 2653 588 2721 India,vel
598 2655 824 2723 Atramitide,vel
832 2657 952 2726 denique

106 2740 273 2811 Taprobane,
285 2743 313 2796 in
331 2744 472 2798 Graeciam
491 2745 657 2814 pervenerit,
668 2746 719 2799 hac
735 2747 780 2800 via
796 2751 953 2816 pervenisse

104 2835 236 2888 credibile
241 2838 291 2889 est.
304 2837 344 2888 At
349 2835 392 2889 vel
397 2836 585 2889 remotissimis
592 2836 761 2904 temporibus
768 2837 841 2891 inter
847 2839 953 2894 Thebas

106 2929 289 2998 Aegyptiacae
297 2933 327 2982 et
339 2945 414 2982 marc
423 2929 653 2982 mediterraneum
663 2932 826 2985 commercia
835 2934 953 3001 viguisse

105 3021 240 3090 videntur,
251 3039 313 3076 cum
331 3022 442 3076 divitiae
458 3021 539 3089 hujus
554 3021 632 3074 urbis
646 3022 689 3074 vel
704 3023 738 3075 ab
752 3024 874 3079 Homero
886 3027 953 3080 cele-

100 3113 223 3167 brentur.
260 3115 317 3168 Sed
340 3109 407 3168 tuno'
429 3113 560 3183 temporis
584 3117 754 3168 mercaturae
777 3133 828 3184 per
850 3121 952 3172 terram

76 3195 192 3250 debant.
230 3203 326 3259 Statio
338 3207 480 3274 primaria
496 3209 560 3261 erat
576 3203 657 3259 Oasis
673 3204 778 3274 Magna
790 3206 839 3272 (El
854 3207 962 3275 Webia
