2040 3464
100 109 209 174 51-55]
417 113 580 163 υνυυιπσ.
853 112 900 160 ιιι

98 188 235 266 μαντήϊον
248 190 418 270 “χρᾶσθαι·”
439 191 497 251 άπὸ
511 193 562 268 μὲν
575 190 609 267 δή
623 189 724 252 τούτου
735 192 786 250 τοῦ
798 187 901 268 χρόνου

99 278 181 337 ἔθυον
193 281 270 338 τοῖσι
289 277 428 355 οὐνόμασι
442 283 497 339 τῶν
514 280 583 339 θεῶν
599 278 760 357 χρεόμενοι·
781 276 857 353 παρά
870 276 900 337 δὲ

99 369 261 445 Πελασγῶν
269 365 409 441 Ἕλληνες
423 366 580 436 ἐξεδέξαντο
593 365 720 442 ὕστερον.
755 363 856 425 Ἔνθεν
870 364 900 423 δὲ
908 367 944 424 53

99 453 208 532 ἐγένετο
222 454 339 516 ἕκαστος
351 458 406 514 τῶν
420 455 497 523 θεῶν,
513 455 537 512 εἰ
547 481 578 514 τε
595 453 617 513 δ’
632 455 684 511 αἰεὶ
699 452 774 528 ἦσαν
791 452 898 521 πάντες,

98 539 191 598 ὁκοῖοί
207 542 240 600 τέ
258 566 331 605 τινες
349 541 386 601 τυί
406 542 487 612 εἴδεα,
516 540 566 600 οὐκ
585 540 742 616 ἠπιστέατο
761 542 846 619 μέχρι
866 537 898 599 οὗ

97 625 194 702 τροίην
212 654 245 688 τε
265 629 311 687 καὶ
330 630 404 708 χθὲς,
421 628 456 692 ὦς
477 632 563 689 εἰπεῖν
582 628 669 709 λόγῳ·
688 627 823 687 Ἡσίοδον
842 626 898 708 γιίρ

98 714 282 794 καὶὈμηρον
295 716 407 793 ἡλικίην
423 717 633 794 τετρακοσίοισι
654 716 728 775 ἔτεσι
745 717 829 775 δοκέω
844 742 898 792 μευ

97 805 307 882 πρεσβυτέρους
319 806 459 885 γενέσθαι,
474 805 520 863 καί
533 803 565 863 οὔ
578 805 691 863 πλέοσι·
709 801 786 863 οὗτοι
798 805 830 863 δέ
842 807 898 864 εἰσι

98 892 126 949 οἰ
145 891 313 966 ποιήσαντες
333 893 477 974 θεογονίην
492 891 628 968 Ἕλλησι,
647 892 693 950 καὶ
707 895 784 952 τοῖσι
806 893 897 952 θεοῖσι

97 976 148 1042 τάς
167 981 320 1056 ἐπωνυμίας
335 980 436 1049 δόντες,
453 981 499 1039 καὶ
514 978 596 1056 τιμάς
610 1005 641 1039 τε
662 979 707 1037 καὶ
726 980 825 1057 τέχνας
844 980 896 1038 διε-

96 1064 195 1129 λόντες
207 1069 253 1126 καί
267 1067 339 1126 εἴδεα
353 1067 442 1127 αὐτῶν
455 1067 639 1147 σημήναντες.
678 1072 705 1126 οἱ
718 1067 747 1126 δὲ
760 1067 896 1143 πρότερον

98 1155 211 1228 ποιηταὶ
237 1154 384 1235 λεγόμενοι
411 1155 514 1215 τούτων
539 1159 594 1216 τῶν
620 1154 726 1231 ἀνδρῶν
753 1155 892 1234 γενέσθαι,

99 1238 223 1318 ὕστερον,
239 1244 303 1318 ε’μοί
320 1269 353 1324 γε
373 1243 485 1314 δοκέειν,
500 1244 626 1324 ἐγένοντο
646 1242 758 1302 τούτων.
792 1243 837 1300 καὶ
857 1243 893 1301 τά

36 1344 40 1354 '
97 1330 149 1403 μὲν
174 1335 272 1407 πρῶτα
297 1334 326 1390 αἱ
354 1332 511 1394 Δωδωνίδες
539 1330 626 1407 ἰρήίαι
651 1331 777 1410 λέγουσι,
804 1330 840 1388 τοὶ
866 1331 896 1389 δὲ

96 1414 210 1494 ὕστερα,
224 1419 259 1478 τά
280 1423 307 1483 ε’ς
322 1418 458 1480 Ἡσίοδόν
469 1444 502 1479 τε
515 1419 561 1477 καὶ
575 1418 705 1495 Ὅμηρον
719 1419 826 1496 ἔχοντα,
841 1418 895 1498 ε’γοί

97 1505 181 1585 λέγω.
466 1522 467 1525 ’

145 1596 330 1672 Χρηστηρίων
343 1595 372 1656 δὲ
384 1597 457 1672 πέρι,
475 1598 525 1655 τοί
542 1620 574 1654 τε
594 1599 622 1654 έν
636 1593 764 1668 Ἕλλησι
783 1592 829 1652 καὶ
843 1597 942 1655 vom

98 1684 126 1740 ἓν
146 1681 250 1762 Λιβύῃ,
264 1683 343 1743 τόνδε
359 1683 508 1764 Αἰγύπτιοι
527 1682 615 1763 λόγον
635 1682 762 1761 λέγουσι·
783 1682 894 1757 ἔφασαν

97 1771 124 1827 οἰ
138 1771 206 1844 ἶρέες
221 1775 271 1831 τοῦ
287 1773 428 1846 Θηβαιέος
441 1771 508 1835 Διός
529 1770 599 1830 “3150
612 1773 743 1851 γυναῖκας
761 1770 849 1846 ἶρηίας
863 1775 893 1828 ἐκ

96 1857 214 1930 Θηβέων
224 1859 374 1937 ἐξαχθῆναι
385 1858 440 1918 ίπδ
453 1859 595 1919 Φοινίκων·
612 1859 657 1916 καὶ
670 1857 722 1932 την
730 1859 781 1933 μὲν
791 1857 893 1917 αὐτέων

96 1945 235 2005 πυθέσθαι
248 1951 276 2008 ές
293 1945 405 2022 Λιβύην
422 1947 586 2024 πρηθεῖσαν,
605 1945 657 2021 τὴν
670 1945 699 2003 δὲ
713 1950 740 2006 ές
753 1945 893 2008 τοδςἝλ·

95 2035 191 2106 ληνας·
206 2033 307 2098 ταύτας
321 2035 351 2093 δὲ
362 2034 412 2097 τοίς
425 2039 555 2114 γυναῖκας
569 2034 696 2096 εἶναιτοῖς
710 2033 893 2110 ἱδρυσαμένας

94 2120 131 2180 τά
155 2122 278 2197 μαντήία
299 2120 409 2200 πράτας
430 2127 458 2181 ἐν
477 2126 554 2181 τοῖσι
581 2122 750 2199 εἰρημένοισι
775 2119 893 2181 ἔθνεσι·”

95 2209 236 2285 εἰρομένου
249 2210 281 2268 δέ
292 2236 353 2286 μευ,
367 2209 465 2269 ὁκόθεν
479 2209 548 2270 οὕτω
564 2209 696 2286 α’τρεκέως
714 2208 893 2286 ἐπιστάμενοι

94 2298 229 2376 λέγουσι;
250 2298 362 2373 ἔφασαν
384 2296 455 2374 πρός
479 2302 575 2366 ταῦτα,
603 2296 740 2373 ’(ζήτησιν
765 2297 892 2377 μεγάλην

93 2383 150 2443 άπὸ
177 2386 273 2460 σφέων
295 2385 428 2466 γενέσθαι
450 2389 505 2444 τῶν
527 2389 663 2466 γυναικῶν
684 2386 811 2444 τουτέων·
846 2385 892 2442 καὶ

92 2470 215 2548 α’νευρείν
234 2474 287 2549 μέν
306 2479 398 2549 σφεας
418 2472 450 2531 οὗ
471 2473 581 2532 δυνατοὶ
600 2472 739 2553 γενέσθαι,
753 2471 893 2531 πυθέσθαι

93 2560 123 2618 δὲ
142 2559 260 2637 ὕστερον
285 2564 373 2620 ταῦτα
398 2561 463 2636 περὶ
483 2559 585 2620 αὐτέων
604 2559 692 2635 τόπερ
713 2558 748 2634 δη
769 2558 891 2638 ἔλεγον.”

92 2650 185 2707 Ταῦτα
197 2650 250 2726 μέν
262 2675 311 2709 νυν
322 2652 377 2708 τῶν
391 2653 419 2708 έν
430 2648 547 2726 Θήβησι
562 2648 639 2724 ἱρέων
652 2646 762 2721 ἤκουον·
782 2645 848 2705 τάδε
861 2646 891 2705 δὲ
900 2648 938 2706 55

92 2736 260 2797 Δωδωναίων
273 2738 347 2813 φασὶ
360 2740 390 2795 αἱ
403 2737 578 2813 προμάντιες·
599 2734 668 2793 “δύο
683 2732 831 2796 πελειάδας
842 2759 891 2810 με·

91 2825 190 2888 λαίνας
216 2831 247 2884 ε’κ
273 2826 391 2901 Θηβέων
416 2829 471 2884 τῶν
491 2823 662 2903 Αἰγυπτιέων
689 2821 891 2897 ἀναπταμένας,

90 2912 142 2989 τήν
154 2916 206 2989 μὲν
219 2912 322 2973 αὐτέων
340 2918 368 2976 ἐς
380 2911 500 2987 Λιβύην,
514 2911 566 2986 τὴν
582 2911 611 2969 δὲ
626 2910 703 2986 παραὶ
716 2909 808 2986 σφέας
827 2908 889 2968 άπι·

91 3001 201 3061 κέσθαι·
215 3002 343 3078 ἱζομένην
353 3000 384 3059 δέ
395 3024 444 3076 μιν
458 3000 503 3058 ε’πὶ
517 2997 610 3078 φηγόν
624 2997 797 3067 αὐδάξασθαι
810 3000 889 3076 φωνῇ

89 3087 259 3168 ἀνθρωπηίῃ,
273 3087 309 3152 οἰς
321 3087 410 3167 χρεων
423 3087 465 3163 εἴη
477 3086 612 3163 μαντήϊον
622 3085 720 3146 αιίτόθι
734 3084 805 3148 Διός
814 3086 892 3166 γενέ-

89 3178 168 3236 σθαι·
187 3177 234 3234 καί
246 3175 346 3240 αὐτοῦς
357 3175 521 3254 ὑπολαβεῖν
535 3176 613 3238 θεῖον
629 3175 704 3237 εἶναι
720 3173 757 3236 τδ
770 3173 919 3251 imm&

75 3262 336 3336 λόμενοναιίτοῖσι,
352 3269 404 3328 καί
415 3274 517 3346 σφεας
532 3272 565 3329 ἔκ
588 3266 699 3331 τοίιταυ
717 3266 859 3340 ποιῆσαν
882 3250 942 3326 ἢ*
993 3324 996 3329 .
