2040 3464
85 111 225 176 126-129]
378 115 603 165 ΜΕΛΠΟΜΕΝΗ.
839 121 884 168 331

85 194 174 252 σεσθε
193 193 266 262 τότε,
284 195 338 253 εἴτε
356 194 422 271 ύμῖν
441 195 632 274 μαχησόμεθα
647 196 711 272 περὶ
724 201 779 273 τῶν
790 198 889 274 τάφων

85 281 140 339 εἴτε
157 282 202 339 καὶ
222 281 253 340 οὐ
272 283 471 360 μαχησόμεθα·
493 282 629 361 πρότερον
648 285 685 353 δέ,
699 283 733 360 ἢν
746 285 786 362 μὴ
800 285 888 363 ἡμέας

84 369 171 448 λόγος
192 374 265 448 αἱρῇ,
289 369 320 429 ού
344 372 521 449 συμμίξομέν
543 397 597 432 τοι.
632 372 707 448 ἀμφὶ
734 375 786 449 μὲν
808 375 887 454 μάχη

83 461 211 517 τοσαῦτα
232 458 361 535 εἰρήσθω·
390 459 529 522 δεσπότας
550 460 579 519 δὲ
600 460 682 537 ἐμούς
702 461 756 541 ἐγώ
777 462 833 520 Δία
855 489 886 522 τε

85 548 186 622 νομίζω
203 546 253 606 τόν
271 546 338 622 ε’μόν
350 547 498 628 πρόγονον,
514 550 560 607 καὶ
575 548 682 624 Ἱστίην
694 549 746 625 τὴν
761 550 888 614 Σκυθέων

84 634 245 708 βασιλειαν,
268 635 386 711 μούνους
410 635 488 694 εἶναι.
523 637 571 695 σοὶ
592 637 621 695 δὲ
642 635 704 696 ἀντὶ
724 639 776 712 μὲν
796 637 888 715 δούρων

83 726 136 801 γῆς
158 749 189 781 τε
212 726 257 781 καὶ
279 722 378 786 ὕδατος
402 724 476 799 δῶρα
496 723 598 801 πέμψω
624 729 739 783 τοιαῦτα
767 725 811 784 oid
838 753 887 786 σοι

84 810 185 887 πρέπει
209 812 310 870 ἐλθεῖν·
338 810 398 870 οἶντὶ
419 812 448 870 δὲ
470 817 521 871 τοῦ
542 811 585 871 ὅτι
613 812 752 887 δεσπότης
778 815 887 889 ἔφησας

86 898 155 957 εἶναι
170 899 244 974 ἐμός,
261 899 367 959 κλαίειν
386 898 485 980 λέγω.”
524 898 619 980 [τοῦτό
639 904 700 958 ἐστι
714 899 733 975 ἡ
747 899 803 960 ἀπό
818 904 887 964 Σκυ-

86 985 154 1045 θέων
174 986 280 1068 ῥὴσις.]
320 987 336 1046 ὁ
360 989 411 1064 μὲν
435 986 469 1062 δὴ
492 988 579 1063 κὴρυξ
605 987 718 1065 οἰχώκεε
745 987 887 1069 ἀγγελέων

84 1077 173 1133 ταῦτα
187 1076 305 1153 Δαρείῳ.

127 1166 164 1220 Οἱ
179 1163 209 1220 δὲ
223 1164 350 1227 Σκυθέων
365 1164 502 1239 βασιλέες
515 1162 685 1226 ἀκούσαντες
701 1167 752 1238 τῆς
768 1163 865 1223 δουλο-
877 1166 933 1223 128

86 1257 172 1325 σύνης
191 1250 224 1310 τό
245 1250 358 1328 οὔνομα,
373 1251 459 1331 ὀργῆς
480 1251 678 1327 ἐπλήσθησαν.
719 1251 771 1326 τὴν
785 1255 837 1327 μὲν
850 1252 884 1327 δὴ

85 1338 156 1414 μετὰ
185 1341 387 1416 Σαυροματέων
417 1344 519 1416 μοῖραν
549 1340 706 1418 ταχθεῖσαν
735 1343 786 1415 τῆς
816 1339 887 1420 ἦρχε

86 1426 236 1490 Σκώπασις
260 1428 413 1503 πέμπουσι,
435 1425 516 1486 Ἴωσι
544 1427 702 1491 κελεύοντες
729 1433 755 1490 ἐς
782 1427 885 1508 λόγους

86 1513 245 1583 ἀπικέσθαι,
252 1515 379 1574 τούτοισι
393 1514 420 1573 οἳ
428 1515 478 1574 τόν
486 1515 601 1591 Ἴστρον
612 1516 773 1595 ἐζευγμένον
784 1515 885 1591 ἐφρού-

84 1628 159 1677 ρεον·
183 1601 273 1662 αὐτῶν
287 1603 317 1661 δὲ
329 1607 407 1662 τοῖσι
423 1602 672 1679 ὑπολειπομένοισι
686 1604 761 1672 ἔδοξε
774 1608 885 1663 πλανᾶν

85 1693 137 1768 μὲν
159 1693 258 1766 μηκέτι
282 1691 406 1768 Πέρσας,
430 1695 497 1750 σῖτα
519 1691 548 1750 δὲ
571 1691 704 1750 ἑκάστοτε
728 1690 886 1768 ἀναιρεομέ-

86 1804 161 1837 νοισι
175 1780 357 1838 ἐπιτίθεσθαι·
379 1783 520 1855 νωμῶντες
538 1777 575 1839 ὦν
592 1783 659 1838 σῖτα
677 1778 887 1855 ἀναιρεομένους

84 1867 151 1930 τούς
164 1868 284 1943 Δαρείου
305 1867 413 1926 ἐποίευν
428 1867 464 1926 τοὶ
482 1868 706 1942 βεβουλευμένα,
747 1866 766 1942 ἡ
784 1870 836 1943 μὲν
852 1867 885 1942 δὴ

87 1955 171 2017 ἷππος
188 1955 241 2030 τὴν
260 1954 346 2014 ἵππον
364 1956 417 2013 αἰεὶ
435 1955 572 2031 τρέπεσκε
593 1955 611 2030 ἡ
632 1959 686 2015 τῶν
700 1955 837 2027 Σκυθέων·
859 1959 886 2014 οἱ

86 2043 117 2102 δὲ
136 2047 192 2102 τῶν
212 2043 347 2119 Περσέων
370 2042 485 2102 ἱππόται
510 2043 660 2123 φεύγοντες
683 2045 835 2102 ἐσέπιπτον
858 2049 885 2106 ἐς

84 2130 136 2190 τόν
154 2129 248 2201 πεζόν·
269 2129 331 2190 ὅδὲ
347 2130 429 2201 πεζός
449 2128 483 2189 ἂν
504 2130 658 2207 ἐπεκούρεε·
681 2135 707 2190 οἱ
728 2131 757 2189 δέ
779 2130 894 2194 Σκύθαι

86 2218 271 2295 ἐσαράξαντες
288 2217 339 2293 τὴν
359 2219 445 2278 ἵππον
462 2217 649 2295 ὑπέστρεφον,
666 2218 715 2278 τόν
731 2219 815 2288 πεζόν
834 2225 885 2294 φο-

86 2306 227 2383 βεόμενοι.
269 2309 412 2365 ἐποιεῦντο
433 2306 463 2365 δὲ
482 2306 528 2364 καὶ
547 2305 597 2367 τὰς
617 2304 716 2368 νύκτας
735 2311 884 2382 παραπλη·

86 2395 151 2456 σίας
163 2393 333 2471 προσβολὰς
346 2397 372 2452 οἱ
388 2393 503 2458 Σκύθαι.
544 2394 583 2452 T&
598 2393 627 2450 δὲ
642 2396 718 2452 τοῖσι
732 2394 868 2471 Πέρσῃσί
876 2397 932 2454 129

85 2508 116 2541 τε
128 2481 163 2557 ἦν
181 2482 333 2560 σύμμαχον
346 2483 392 2540 καὶ
411 2485 488 2541 τοῖσι
509 2480 636 2559 Σκύθῃσι
656 2480 783 2549 ἀντίξοον
801 2487 884 2541 ἐπιτι-

85 2571 229 2646 θεμένοισι
248 2574 286 2649 τῷ
303 2571 423 2647 Δαρείου
442 2569 630 2647 στρατοπέδῳ,
652 2569 731 2644 θῶμα
749 2571 886 2649 μέγιστον

85 2660 161 2736 ἐρέω·
178 2662 233 2718 τῶν
245 2684 276 2717 τε
290 2657 359 2718 όνων
372 2657 390 2733 ἡ
405 2658 483 2733 φωνὴ
497 2658 543 2715 καὶ
555 2661 611 2717 τῶν
624 2657 745 2733 ἡμιόνων
758 2657 791 2717 τό
803 2657 884 2720 εἶδος.

85 2746 149 2806 οὔτε
160 2746 215 2827 γᾶρ
230 2744 294 2806 ὄνον
308 2744 371 2806 οὔτε
385 2745 502 2822 ἡμίονον
514 2772 551 2825 γη
566 2743 585 2819 ἡ
605 2744 727 2819 Σκυθικὴ
743 2746 830 2820 φέρει,
849 2745 885 2809 οἷς

85 2834 132 2892 καὶ
145 2833 280 2911 πρότερόν
292 2860 342 2911 μοι
356 2833 516 2908 δεδήλωται·
538 2832 600 2891 οὐδὲ
614 2835 675 2890 ἐστι
690 2837 718 2890 ἐν
736 2837 772 2909 τῇ
787 2834 884 2894 Σκυθι-

85 2925 121 3000 κῇ
134 2921 214 2999 πόση
226 2921 304 3000 χώρη
317 2922 350 2981 τὰ
369 2921 502 2997 παράπαν
522 2919 584 2979 οὔτε
600 2918 671 2989 ὄνος,
687 2919 749 2979 οὔτε
762 2920 884 2996 ἡμίονος,

85 3009 131 3069 διὰ
153 3009 190 3070 τό
217 3008 317 3087 ψύχεα.
358 3009 519 3085 ὑβρίζοντες
541 3007 577 3067 ὧν
598 3012 624 3066 οἱ
645 3006 703 3067 ὄνοι
724 3008 885 3084 ἐτόρασσον

83 3097 137 3174 τὴν
150 3099 235 3158 ἵππον
248 3103 302 3157 τῶν
316 3098 452 3161 Σκυθέων·
473 3096 613 3158 πολλάκις
627 3097 663 3165 δὲ,
680 3097 886 3157 ἐπελαυνόντων

85 3187 132 3244 ἐπὶ
146 3186 211 3248 τούς
231 3188 356 3263 Πέρσας,
370 3185 476 3264 μεταξύ
499 3185 570 3250 ὅκως
591 3185 745 3244 ἀκούσειαν
770 3184 912 3275 &Um-nux.

77 3277 134 3332 τῶν
153 3272 223 3334 ὄνων
244 3279 296 3355 τῆς
318 3280 430 3355 φωνῆς,
453 3273 663 3356 ἐταράσσοντό
683 3296 720 3332 τε
739 3263 937 3335 λιποσῖἳίλπ
