2040 3464
90 103 197 167 37-.43]
376 106 604 158 ιικκυουυυυ.
839 108 889 154 295

89 179 203 257 Ἰνδικῆς
227 184 344 244 οἰκέεται
366 183 462 258 Ἀσίη·
484 185 518 245 τὰ
539 186 569 245 δὲ
589 184 648 245 dard
663 184 765 261 ταύτης
784 188 886 262 ἔρημος

88 269 186 344 ἧδητὸ
202 271 270 347 πρὸς
282 273 334 347 τήν
346 271 396 347 ήῶ,
411 271 467 332 οὐδ’
481 268 538 352 ἀει
551 271 638 334 οὐδεὶς
658 271 768 348 φράσαι
781 271 841 330 οἷον
854 269 888 345 δή

88 358 117 415 τί
128 362 198 416 ε’στι·
219 359 333 434 τοιαύτη
347 361 398 436 μὲν
412 360 457 418 καὶ
472 360 598 435 τοσαύτη
611 359 630 433 ἦ
643 358 728 434 Ἀσίη
743 359 813 417 ε’στί.
848 357 886 416 Ἡ
897 359 931 418 41

88 444 118 502 δὲ
137 444 233 521 Λιβύη
251 451 283 505 ἐν
302 452 338 525 τῇ
358 441 430 525 άκτῇ
449 451 485 525 τῇ
506 447 584 526 ἑτέρη
603 447 673 506 ἐστί·
695 445 752 505 άπὸ
769 444 824 525 γάρ
838 449 885 503 Az-

87 532 194 611 γύπτου
214 534 309 611 Λιβύη
330 533 384 611 ήδη
409 535 554 595 ἐκδέκεται.
599 533 669 593 κατά
692 536 744 610 μέν
767 559 815 591 νυν
837 533 886 592 Λῖ-

87 621 221 698 γυπτονή
236 621 306 698 άκτή
321 622 391 697 αὕτη
404 622 501 698 στεινή
516 628 587 682 ἔστι·
603 621 659 682 ἀπὸ
673 622 727 701 γάρ
737 621 824 695 τῆσδε
836 625 887 696 τῆς

88 707 238 784 θαλάσσης
252 714 279 773 ές
291 709 343 785 τήν
355 708 493 787 Ἐρυθρὴν
514 709 666 769 θάλασσαν
679 709 745 768 δέκα
757 708 887 785 μυριάδες

87 796 143 854 εἰσὶ
157 794 295 877 ὀργυιέων·
318 795 399 857 αὗται
417 798 439 856 δ’
454 797 487 858 ἂν
501 798 554 857 εἶεν
566 800 656 877 χίλιοι
669 797 789 856 στάδιοι·
809 795 842 854 τδ
857 797 887 854 δὲ

87 880 144 942 άπδ
170 889 220 943 τοῦ
244 890 355 945 στεινοῦ
381 885 481 946 τούτου
507 884 595 962 κάρτα
620 885 731 945 πλατέα
756 882 885 965 τυγχάνει

87 974 174 1030 εὐῦσα
190 972 210 1048 ἡ
228 972 298 1048 αἷκτή
316 972 377 1049 ήτις
396 972 492 1049 Λιβύη
511 974 651 1049 κέκληται.

128 1060 269 1138 Θωυμάζω
288 1060 325 1119 ὧν
340 1065 395 1121 τῶν
408 1061 606 1138 διουρισάντων
619 1062 665 1120 καὶ
679 1060 824 1122 διελίντων
837 1067 885 1119 Λι-
895 1062 932 1120 4ss

86 1145 160 1222 βύην
173 1174 203 1207 τε
217 1150 263 1208 καὶ
275 1149 377 1224 Ἀσίην
391 1151 437 1208 καὶ
450 1150 595 1227 Εὐρώπην·
618 1149 649 1208 οὐ
662 1149 717 1229 γάρ
731 1148 837 1225 σμικρά
849 1149 886 1207 ταὶ

88 1234 256 1312 διαφέροντα
274 1237 377 1297 αὐτέων
396 1239 467 1298 ε’στί·
487 1237 570 1313 μήκεϊ
582 1240 634 1313 μὲν
647 1236 702 1317 γάρ
715 1236 779 1312 παρ’
793 1235 885 1312 α’μφο·

34 1334 38 1346 ’
86 1323 167 1400 τέρας
183 1325 302 1401 παρήκει
317 1325 336 1401 ηι
352 1325 482 1403 Εὐρώπη,
496 1324 588 1402 εὔρεος
604 1325 634 1383 δὲ
651 1324 723 1399 πέρι,
738 1323 800 1382 οὐδὲ
814 1351 884 1399 συμ-

86 1413 203 1486 βαλέειν
223 1413 287 1489 άξίη
308 1413 440 1490 φαίνεταί
456 1439 506 1491 μοι
529 1413 607 1472 εἶναι.
641 1412 737 1488 Λιβύη
756 1415 808 1488 μὲν
828 1412 883 1491 γάρ

87 1497 171 1573 δηλοῖ
190 1500 292 1576 ἑωυτήν
312 1505 398 1561 εὀὓσα
418 1501 589 1579 περίρρυτος,
610 1501 687 1575 πλήν
710 1499 779 1558 ὅσον
801 1497 886 1573 αὐτῆς

86 1588 157 1662 πρὸς
170 1589 222 1664 τήν
234 1587 335 1665 Ἀσίην
349 1590 457 1667 οὐρίζει,
472 1589 554 1648 Νεκώ
566 1593 616 1649 τοῦ
630 1589 787 1668 Αἰγυπτίων
799 1589 886 1662 βασι·

87 1676 153 1738 λέος
168 1676 279 1753 πρώτου
296 1681 351 1738 τῶν
364 1678 445 1754 η’μεῖς
463 1678 541 1754 ἴδμεν
555 1677 761 1745 καταδέξαντος·
783 1673 813 1737 ὃς
826 1676 888 1734 ε’πεί

87 1787 117 1820 τε
130 1763 181 1838 τήν
191 1763 312 1843 διώρυχα
322 1765 465 1825 ἐπαύσατο
479 1764 608 1842 ὀρύσσων
614 1763 666 1840 τήν
677 1769 707 1822 ἐκ
716 1767 767 1837 τοῦ
775 1762 884 1822 Νείλου

87 1849 235 1929 διέχουσαν
251 1859 278 1916 ές
293 1852 344 1914 τάν
362 1852 499 1930 Ἀράβιον
519 1853 634 1924 κόλπον,
654 1852 802 1929 άπέπεμψε
821 1852 884 1910 Φοί-

87 1964 164 2003 νικας
183 1939 284 2018 ἄνδρας
299 1942 435 2011 πλοίοισι,
451 1941 640 2017 ἐντειλάμενος
658 1946 685 2003 ές
697 1939 730 1999 τδ
745 1940 837 2000 ὀπίσω
850 1937 884 1998 δι’

86 2024 263 2103 Ἡρακληίων
283 2029 411 2105 στηλέων
427 2029 580 2088 διεκπλέειν
594 2028 642 2090 ἕως
658 2033 685 2090 ἐς
700 2026 752 2103 τήν
765 2027 886 2104 βορηίην

88 2114 247 2185 θάλασσαν,
267 2118 312 2175 καὶ
330 2116 400 2176 οὕτω
416 2122 444 2180 ές
460 2117 603 2196 Αἴγυπτον
618 2114 807 2176 άπικνέεσθαι.
839 2114 883 2191 ὁρ-

86 2202 219 2277 μηθέντες
236 2203 273 2263 ὧν
289 2207 316 2263 οἱ
333 2206 457 2268 Φοίνικες
471 2210 501 2263 ἐκ
513 2209 564 2280 τῆς
577 2203 713 2281 Ἐρυθρῆς
726 2201 884 2278 θαλάσσης,

86 2291 187 2349 ἔπλεον
198 2290 250 2365 τήν
263 2292 356 2368 νοτίην
370 2292 531 2352 θάλασσαν·
553 2290 621 2354 ὅκως
634 2292 663 2350 δὲ
673 2292 777 2371 γίνοιτο
788 2291 885 2366 φθινά-

85 2402 187 2452 πωρον,
208 2380 414 2459 προσίσχοντες
434 2379 469 2439 ἂν
489 2379 659 2455 σπείρεσκον
679 2377 731 2453 τήν
752 2382 814 2458 γῆν,
840 2378 884 2437 ἵνα

85 2465 219 2525 ἑκάστοτε
241 2471 292 2542 τῆς
314 2467 424 2544 Λιβύης
446 2467 579 2529 πλέοντες
598 2467 731 2548 γινοίατο,
753 2466 799 2524 καὶ
821 2467 884 2542 μέν·

86 2578 170 2612 εσκον
182 2553 232 2613 τδν
244 2553 360 2632 ἅμητον·
375 2555 534 2632 θερίσαντες
547 2553 570 2613 δ’
578 2551 669 2614 ἂντόν
680 2559 760 2613 σῖτον
774 2555 884 2614 ἔπλεον·

85 2639 158 2700 ὥστε
178 2640 227 2700 δύο
246 2643 327 2702 ε’τέων
343 2641 547 2713 διεξελθόντων,
560 2642 643 2721 τρίτῳ
657 2643 712 2701 ἔτεϊ
725 2640 884 2719 κάμψαντες

86 2727 257 2805 Ἡρακληίας
266 2726 383 2808 στήλας
400 2730 534 2790 άπίκοντο
548 2734 576 2793 ές
589 2731 741 2811 Αἴγυπτον·
763 2730 809 2789 καὶ
825 2731 881 2788 ἕλε·

86 2841 143 2895 γον,
161 2819 222 2894 ἐμοὶ
241 2820 294 2894 μὲν
315 2817 347 2878 οὐ
367 2818 457 2878 πιστά
477 2817 557 2896 άλλῳ
578 2818 608 2876 δὲι
628 2818 662 2894 δή
679 2845 739 2896 τεῳ,
757 2817 792 2880 ώς
808 2844 883 2894 περι-

83 2904 224 2967 πλώοντες
238 2904 290 2981 τήν
306 2907 418 2982 Λιβύην
434 2906 483 2966 τδν
496 2905 592 2981 ἠέλιον
611 2907 696 2985 ἔσχον
710 2913 737 2969 ἐς
750 2906 786 2965 τά
799 2906 882 2974 δεξιά.

84 2990 165 3050 Οὐτω
185 2996 237 3069 μὲν
253 2992 322 3070 αὕτη
341 2994 467 3074 ἐγνώσθη
479 2994 513 3054 τά
530 2998 649 3070 πρῶτον·
670 2994 741 3072 μετά
755 2995 792 3064 δὲ,
807 3000 882 3070 Καρ·
892 2996 930 3056 43

82 3080 210 3159 χηδάνιοί
228 3086 284 3141 εἶσι
298 3086 325 3142 οἱ
338 3084 476 3163 λέγοντες·
499 3083 559 3141 ε’πεὶ
572 3083 727 3159 Σατάσπης
738 3110 772 3164 γε
786 3083 802 3143 ὅ
816 3081 883 3141 Τεά-

83 3194 176 3238 σπιος,
197 3167 266 3246 ἀνὴρ
287 3169 490 3248 Ἀχαιμενίδης,
513 3170 545 3230 οὐ
567 3173 751 3249 περιέπλωσε
774 3171 924 3244 Λιβύην,
956 3213 959 3218 .

79 3255 125 3312 ἐπ’
138 3256 206 3314 αὐτά
226 3262 311 3317 τοῦτο
328 3261 483 3337 πεμφθείς·
507 3259 591 3322 ἀλλὰ
605 3261 713 3322 δείσας
727 3257 764 3316 τί)
777 3279 814 3313 τε
827 3256 943 3343 ιλῆωὶι
