2040 3464
148 106 179 151 ιο
454 111 634 156 Ἠνοιοιοτ
767 97 769 101 ’
909 107 942 169 ιι.

148 179 331 258 ἀτιμάζεσθαι
348 183 418 260 πράς
435 183 653 260 Πεισιστράτου
674 183 745 264 ἀργῇ
766 185 803 253 δὲ,
823 183 858 245 ῶς
877 183 943 261 εἶχε,

149 269 365 329 καταλλάσσετο
377 271 429 347 τήν
439 272 540 349 ἔχθρην
549 275 625 329 τοῖσι
636 270 821 348 στασιώτῃσι.
847 270 945 346 μαθῶν

148 355 179 414 δὲ
198 355 214 415 ό
235 358 441 434 Πεισίστρατος
460 357 496 417 τά
516 357 664 434 ποιεύμενα
685 357 726 416 ἐπ’
743 362 837 434 ἑωυτῷ,
854 357 944 416 ἀπαλ-

148 443 276 503 λάσσετο
292 449 322 504 ἐκ
340 450 390 520 τῆς
408 445 500 524 χώρης
516 447 549 504 τὸ
568 446 709 521 παράπαν·
730 445 895 520 ἀπικόμενος
916 445 945 503 δὲ

148 535 176 594 ἔς
187 530 329 608 Ἐρέτριαν
347 532 513 607 ἐβουλεύετο
532 531 590 609 ἅμα
606 537 682 591 τοῖσι
699 534 791 592 παισί.
832 532 945 590 Ἱππίεω

148 618 178 677 δὲ
193 617 289 700 γνάμη
302 621 474 695 νικήσαντος,
488 619 662 679 ἀνακτᾶσθαι
678 619 770 679 ὀπίσω
785 619 836 696 τήν
848 646 945 696 τυραν-

147 706 216 776 νίδα,
231 708 347 767 ε’νθαῦτα
359 706 470 788 ἤγειρον
480 707 592 770 δωτίνας
606 712 636 766 ἐκ
646 711 700 766 τῶν
708 708 821 776 πολίων,
832 707 945 770 αἵτινές

147 800 205 870 σφι
226 794 381 873 προηδέατο
404 794 454 854 κού
475 821 511 853 τι·
537 799 654 854 πολλῶν
674 796 703 853 δὲ
722 794 834 875 μεγάλα
856 821 945 870 παρα-

150 881 275 960 σχόντων
293 881 431 960 χρήματα,
445 885 568 958 Θηβαῖοι
583 882 792 958 ὑπερεβάλοντο
809 887 846 962 τῇ
867 882 946 942 δόσεὶ

146 974 202 1030 τῶν
223 969 381 1049 χρημάτων.
421 971 492 1046 μετοὶ
515 971 552 1039 δὲ,
576 969 608 1028 οὔ
629 974 728 1048 πολλῷ
751 970 827 1051 λόγῳ
851 974 944 1040 εἰπεῖν,

147 1056 247 1135 χρόνος
260 1057 339 1132 διέφυ
350 1059 396 1116 καὶ
405 1057 496 1116 πάντα
509 1065 564 1133 σφι
577 1056 707 1133 ἐξήρτυτο
719 1063 745 1120 ἐς
757 1058 809 1133 τήν
819 1056 944 1118 κάτοδον·

148 1145 194 1202 καὶ
200 1145 254 1226 γάρ
261 1144 382 1226 Ἀργεῖοι
389 1145 525 1221 μισθωτοὶ
533 1144 665 1204 ἀπίκοντο
674 1149 704 1203 ἐκ
712 1144 944 1220 Πελοποννήσου·

147 1233 192 1291 καὶ
205 1231 310 1302 Νάξιός
322 1239 377 1308 σφι
393 1231 462 1308 ἀνήρ
480 1231 630 1312 ἀπιγμένος
647 1232 799 1308 ἐθελοντής,
813 1237 850 1312 τῷ
869 1232 946 1292 οὕνο·

146 1346 187 1396 μα
199 1319 234 1396 ἦν
248 1319 398 1401 Λύγδαμις,
411 1321 567 1397 προθυμίην
579 1319 716 1394 πλείστην
728 1319 885 1398 παρείχετο,
900 1347 945 1380 κο·

100 1409 138 1466 62
146 1410 233 1483 μίσας
253 1410 299 1467 καὶ
317 1407 449 1487 χρήματα
469 1409 515 1466 καὶ
534 1407 642 1484 ἀνδρας.
682 1407 733 1476 Ἐξ
755 1407 894 1483 Ἐρετρίης
914 1409 944 1468 δὲ

147 1493 319 1572 ὁρμηθέντες,
331 1496 376 1554 διαὶ
386 1495 528 1555 ἑνδεκάτου
541 1496 614 1557 ἔτεος
624 1493 755 1554 ἀπίκοντο
767 1496 867 1553 οπίσω.
898 1497 944 1555 καὶ

146 1587 254 1659 πρῶτον
262 1588 313 1659 τῆς
324 1583 451 1659 Ἀττικῆς
464 1583 580 1661 ἴσχουσι
593 1583 763 1659 Μαραθῶνα·
779 1587 808 1641 έν
817 1582 846 1641 δὲ
856 1582 944 1662 τούτῳ

146 1675 185 1749 τῷ
208 1671 287 1749 χώρῳ
310 1678 366 1747 σφι
390 1669 710 1747 στρατοπεδευομένοισι,
735 1670 764 1728 οἶ
784 1696 815 1729 τε
838 1675 868 1729 ἔκ
893 1676 943 1730 τοῦ

146 1756 246 1820 ἀστεος
260 1761 415 1817 στασιῶται
431 1757 562 1817 ἀπίκοντο
577 1756 664 1816 ἀλλοι
681 1781 713 1815 τε
730 1762 760 1815 ε’κ
778 1762 833 1817 τῶν
850 1757 944 1834 δήμων

146 1847 317 1923 προσέρρεον
334 1846 393 1904 οἶσι
411 1845 431 1920 ή
450 1846 575 1921 τυραννὶς
594 1845 648 1922 πρδ
667 1846 822 1922 ἐλευθερίης
840 1846 876 1921 ἦν
892 1846 944 1907 ἀσ-

146 1933 329 2011 παστότερον.
370 1930 447 1992 οὗτοι
462 1935 513 2008 μὲν
529 1933 562 2008 δή
579 1934 770 2008 συνηλίζοντο
790 1933 944 2009 Ἀθηναίων

147 2021 177 2080 δὲ
194 2025 221 2080 οἱ
238 2026 267 2080 ἐκ
282 2024 332 2080 τοῦ
349 2019 457 2089 ἄστεος,
472 2020 520 2082 ἕως
535 2024 587 2096 μὲν
601 2021 807 2096 Πε·σίστρατος
821 2022 857 2080 τά
875 2023 944 2100 χρή-

146 2135 222 2186 ματα
233 2108 334 2190 ήγειρε,
347 2108 392 2166 καὶ
404 2112 532 2184 μεταῦτις
546 2108 581 2170 ῶς
594 2110 660 2186 ἔσχε
674 2109 842 2185 Μαραθῶνα,
856 2111 944 2190 λόγον

147 2196 243 2256 οὐδένα
257 2197 341 2275 εἶχον·
359 2196 421 2254 ε’πεί
429 2221 460 2254 τε
475 2195 503 2254 δὲ
517 2194 650 2256 ἐπύθοντο
664 2200 694 2254 ε’κ
707 2201 757 2254 τοῦ
771 2198 943 2271 Μαραθῶνος

146 2283 230 2345 αὐτῶν
246 2283 413 2362 πορεύεσθαι
434 2284 480 2342 ἐπὶ
498 2284 531 2343 τδ
550 2282 630 2352 ἀστυ,
648 2283 717 2343 οὕτω
736 2281 770 2358 δή
788 2285 943 2358 βοηθέουσι

147 2371 188 2432 ἔπ’
206 2371 297 2433 αὐτόν.
318 2373 364 2432 καὶ
382 2369 460 2431 οὗτοί
475 2397 506 2431 τε
522 2376 697 2449 πανστρατιῇ
710 2370 794 2446 ήϊσαν
814 2373 859 2430 ἐπὶ
878 2373 943 2437 τούς

148 2460 298 2524 κατιόντας·
315 2460 361 2519 καὶ
375 2462 401 2518 οἶ
413 2458 488 2535 ἀμφὶ
502 2458 717 2535 Πεισίστρατον,
731 2459 765 2521 ῶς
778 2458 943 2536 ὁρμηθέντες

147 2554 177 2608 ἐκ
191 2550 362 2625 Μαραθῶνος
371 2546 455 2622 ἤϊσαν
466 2548 512 2606 ἐπὶ
524 2547 556 2606 τό
570 2545 650 2616 ἀστυ,
663 2553 689 2610 ἐς
701 2546 789 2606 τῶυτδ
803 2547 943 2612 συνιόντες

146 2636 319 2696 ἀπικνέονται
344 2636 389 2694 ε’πὶ
418 2634 597 2709 Παλληνίδος
622 2633 770 2709 Ἀθηναίης
802 2634 868 2712 ἱρόν,
897 2638 944 2696 καὶ

146 2723 225 2784 ἀντία
245 2724 336 2784 ἔθεντο
355 2722 391 2781 τοὶ
411 2721 495 2782 ὅπλα·
518 2723 634 2782 ἐνθαῦτα
658 2722 717 2800 θείη
737 2726 838 2800 πομπῇ
858 2725 943 2800 χρεώ-

144 2838 227 2885 μενος
239 2811 408 2888 παρίσταται
422 2809 618 2888 Πεισιστράτῳ
631 2808 830 2885 Ἀμφίλυτοςὸ
843 2809 942 2886 Ἀκαρ-

146 2899 203 2969 νάν,
216 2897 415 2978 χρησμολόγος
434 2897 511 2974 ἀνήρ,
531 2896 561 2959 ὅς
577 2900 604 2954 οἱ
621 2897 746 2973 πρασιῶν
763 2900 820 2975 χρᾷ
837 2903 865 2957 ἐν
883 2899 943 2967 ἑξα-

145 2988 236 3065 μέτρῳ
248 2984 326 3064 τόνῳ,
339 2985 404 3043 τάδε
416 2985 515 3064 λέγων·

188 3092 315 3152 Ἐββιπται
332 3087 354 3138 δ’
370 3089 479 3151 δβόλος,
497 3089 526 3136 τὸ
543 3089 570 3136 δὲ
586 3089 678 3136 δίκτυον
696 3087 885 3138 ἐκπεπέτασται·

176 3162 257 3208 θύννοι
274 3162 299 3208 δ’
315 3163 446 3221 οἰμήσουσι
464 3162 593 3222 σεληναίης
611 3162 650 3209 διὰ
660 3162 750 3209 νυκτὸς.

52 3234 101 3288 53
112 3235 145 3293 ‘0
161 3244 226 3307 μὲν
241 3243 287 3319 δή
304 3249 334 3307 οἱ
354 3248 499 3323 ένθεάζων
517 3255 580 3333 χρή.
596 3249 674 3312 τάδε·
696 3248 913 3324 Πεισίστρατος
927 3246 965 3304 δῖ
