2040 3464
178 93 226 143 ιιι
473 96 656 148 Ἧκοιοτοο
911 98 972 164 [ιν.

179 171 325 247 Σκυθικήν,
338 173 455 236 καταδύς
473 180 499 236 ἐς
511 173 564 249 τήν
577 175 748 251 καλεομένην
761 173 889 250 Ὑλαίην·
906 176 937 256 (ἡ
951 177 974 236 δ’

178 261 238 319 ἔστι
254 261 306 334 μὲν
322 261 397 336 παρά
412 261 461 319 τὸν
481 260 648 338 Ἀχιλλήῖον
662 262 786 337 Δρόμον,
799 263 932 342 τυγχάνει
944 266 972 324 δὲ

177 349 257 405 πάσα
271 350 356 405 ἐοῦσα
369 347 499 424 δενδρέων
512 349 649 407 παντοίων
662 349 757 425 πλέη)
778 353 806 410 ἐς
821 350 926 424 ταύτην
939 353 972 426 δῆ

177 433 294 497 καταδύς
307 433 323 492 ό
335 433 514 512 Ἀνάχαρσις,
523 433 576 510 τήν
588 434 673 511 ὁρτὴν
686 440 783 494 πᾶσαν
796 437 925 496 ἐπετέλεε
938 443 973 518 τῇ

176 523 236 599 θεῷ,
251 521 393 597 τύμπανόν
407 547 438 581 τε
459 524 528 600 έχων
544 523 591 581 καὶ
608 521 794 598 ἐκδησάμενος
811 521 972 603 άγάλματα·

176 610 222 667 καὶ
234 612 288 668 τῶν
300 635 341 670 τις
355 610 480 672 Σκυθέων
494 611 703 686 καταφρασθεὶς
716 609 800 668 αὐτόν
812 614 901 669 ταῦτα
913 639 973 672 ποι·

176 699 256 756 εῦντα
276 696 397 775 ἐσήμηνε
410 703 448 774 τῷ
460 697 579 772 βασιλέϊ
600 697 719 776 Σαυλίω·
742 696 758 754 ὁ
779 697 872 755 δὲκαὶ
892 699 973 765 αὐτός

176 783 349 860 ἀπικόμενος,
363 783 398 846 ιϊς
412 784 465 842 εἶδε
477 783 527 844 τόν
543 783 715 862 Ἀνάχαρσιν
730 788 862 843 ποιεῦντα
877 790 971 861 ταῦτα,

175 871 309 940 τοξεύσας
329 870 412 930 αὐτόν
431 870 581 930 ἀπέκτεινε·
607 873 653 930 καὶ
672 875 729 941 νῦν,
750 870 786 946 ἦν
805 897 848 934 τις
869 873 972 949 εἴρηται

175 959 239 1034 περὶ
258 957 452 1036 Ἀναχάρσιος,
473 957 506 1017 οὔ
526 959 604 1033 φασί
620 984 668 1033 μιν
689 957 795 1020 Σκύθαι
816 959 971 1037 γινώσκειν·

175 1044 220 1103 διά
236 1048 317 1104 τοῦτο
336 1045 379 1103 ὅτι
398 1045 551 1120 ἐξεδήμησέ
562 1072 593 1105 τε
607 1050 634 1108 ἐς
646 1045 698 1120 την
710 1044 846 1115 Ἑλλάδα,
861 1047 907 1104 καὶ
921 1049 972 1117 ξει·

177 1135 279 1191 νικαῖσι
293 1133 368 1191 ἔθεσι
381 1132 558 1210 διεχρήσατο.
587 1132 622 1195 οϊς
635 1132 658 1191 δ’
669 1132 722 1213 ἐγιϊ
736 1131 847 1206 ἤκουσα
856 1135 971 1210 Τίμνεω,

174 1223 225 1279 τοῦ
237 1219 426 1296 Ἀριαπείθεος
440 1219 597 1296 ἐπιτρόπου,
609 1220 678 1279 εἶναι
691 1219 776 1279 αὐτόν
789 1219 971 1297 Ἰδανθύρσου

175 1312 225 1366 τοῦ
239 1308 364 1371 Σκυθέων
376 1308 515 1382 βασιλέος
529 1309 649 1384 πάτρων,
662 1309 748 1366 παῖδα
763 1308 792 1366 δὲ
806 1307 876 1367 εἶναι
889 1311 971 1370 Γνού-

174 1421 233 1471 ρου,
242 1399 292 1454 τοῦ
305 1394 467 1462 Λύκου,τοῦ
482 1396 718 1475 Σπαργαπείθεος·
734 1399 757 1452 εϊ
771 1393 808 1453 ὧν
821 1395 925 1472 ταύτης
938 1397 971 1473 ἦν

174 1486 224 1557 τῆς
247 1486 333 1557 οἶκιης
354 1481 370 1541 ό
394 1480 572 1561 Ἀνάχαρσις,
590 1483 658 1541 ἵστω
679 1481 734 1541 ὖπό
757 1485 808 1541 τοῦ
831 1482 972 1558 α’δελφεοῖϊ

173 1568 328 1629 οἷποθανών·
338 1567 516 1645 Ἰδάνθυρσος
525 1568 580 1650 γοϊρ
589 1569 623 1644 ἦν
631 1573 695 1631 παῖς
704 1569 836 1632 Σαυλίου·
852 1571 972 1636 ΣαύλιοςΙ

130 1658 203 1718 ίϊδὲ
222 1657 257 1732 ἦν
276 1660 293 1715 ὁ
313 1656 476 1719 ἀποκτείνας
494 1657 675 1734 Ἀνάχαρσιν.
717 1657 819 1715 Καίτοι
839 1658 903 1717 τινοϊ
919 1658 971 1736 ἤδη

172 1743 280 1819 ἤκουσα
292 1744 379 1823 λόγον
393 1743 482 1803 ἄλλον
491 1743 546 1803 ὕπὸ
560 1745 797 1819 Πελοποννησίων
808 1746 970 1824 λεγόμενον,

173 1833 208 1894 οἷς
222 1832 277 1891 ὑπὸ
293 1835 341 1890 τοῦ
358 1833 483 1895 Σκυθέων
500 1832 639 1907 βασιλέος
652 1830 824 1909 Ἀνάχαρσις
842 1831 970 1910 αἷποπεμ·

176 1920 256 1994 φθεὶς
269 1927 319 1994 της
328 1919 467 1982 Ἑλλάδος
480 1919 606 1995 μαθητής
618 1919 734 2000 γένοιτο·
750 1917 843 1978 ὀπίσω
856 1945 889 1979 τε
902 1921 970 1981 άπα-

173 2007 314 2082 νοστήσας
334 2008 405 2082 φαίη
425 2008 496 2083 πρός
517 2006 566 2067 τόν
590 2005 803 2083 ἀποπέμψαντα,
824 2007 969 2084 Ἕλληνας

172 2095 276 2157 πάντας
286 2093 428 2173 ἀσχόλους
439 2094 508 2154 εἶναι
518 2099 545 2158 ἐς
557 2097 653 2153 πᾶσαν
666 2094 780 2169 σοφίην,
791 2093 869 2169 πλὴν
881 2101 970 2155 Λακε-

172 2182 325 2258 δαιμονίων·
358 2181 483 2241 τούτοισι
509 2182 539 2240 δὲ
565 2181 635 2240 εἶναι
659 2179 789 2257 μούνοισι
815 2182 970 2259 σωφρόνως

172 2269 268 2328 δοῦναί
285 2296 315 2329 τε
336 2270 382 2328 καὶ
402 2269 535 2338 δέξασθαι
555 2268 651 2349 λόγον.
692 2266 759 2326 ἀλλ’
779 2265 862 2332 οὗτος
880 2273 933 2345 μὲν
953 2270 969 2330 ά

171 2356 256 2437 λόγος
276 2356 370 2419 άλλως
389 2357 542 2416 πέπαισται
561 2355 608 2414 ὑπ’
629 2354 718 2415 αὐτῶν
736 2354 893 2430 Ἑλλήνων·
915 2357 968 2417 ὁδ’

171 2444 208 2503 ὧν
226 2444 304 2521 ἀνὴρ,
318 2444 412 2520 ὥσπερ
428 2442 564 2520 πρότερον
581 2441 680 2518 εἰρέθη,
697 2442 845 2518 διεφθάρη.
888 2442 969 2509 οὗτος

170 2532 222 2607 μέν
234 2557 282 2591 νυν
296 2531 365 2591 οὕτω
378 2531 412 2606 δή
424 2557 452 2590 τι
465 2529 565 2608 ἔπρηξε
578 2529 623 2588 διαὶ
636 2527 738 2599 ξεινικά
753 2554 785 2590 τε
800 2529 906 2606 νόμαια
924 2533 968 2591 καὶ

170 2619 336 2694 Ἑλληνικας
349 2618 469 2695 ὁμιλίας.

127 2709 163 2767 ϊ8
210 2711 355 2766 Πολλοισι
366 2708 395 2765 δὲ
408 2706 494 2782 κάρτα
505 2706 579 2765 ἔτεσι
590 2703 716 2781 ὕστερον,
725 2703 836 2780 Σκύλης
846 2703 862 2764 ό
873 2704 967 2785 Ἀρια·

172 2795 281 2856 πείθεος
300 2795 383 2854 ἔπαθε
401 2793 588 2870 παραπλήσια
604 2791 701 2871 τούτῳ·
722 2791 897 2868 Ἀριαπείθεϊ
913 2795 967 2874 γαϊρ

170 2887 208 2959 τῷ
235 2881 361 2945 Σκυθέων
386 2881 507 2957 βασιλέϊ
531 2882 635 2960 γίνεται
660 2878 719 2956 μετ’
743 2879 840 2939 ἄλλων
862 2884 968 2941 παίδων

172 2969 288 3046 Σκύλης·
304 2976 337 3044 ἐξ
346 2969 500 3044 Ἰστριηνῆς
514 2968 544 3027 δὲ
556 2969 684 3047 γυναικός
697 2964 777 3030 οὗτος
789 2968 908 3046 γίνεται,
924 2971 967 3029 καὶ

168 3056 295 3132 οὐδαμῶς
314 3057 454 3139 ἐγχωρίης·
474 3055 524 3115 τόν
543 3056 561 3130 ἡ
579 3055 671 3131 μήτηρ
690 3054 759 3131 αὕτη
776 3059 921 3136 γλῶσσάν
938 3082 968 3118 τι

161 3143 292 3208 Ἐλλάδα
321 3149 368 3207 καὶ
394 3143 548 3229 γράμματα
574 3143 684 3210 ἐδίδαξε·
714 3143 784 3218 μετὰ
811 3144 850 3212 δέ,
877 3146 968 3227 χρόνῳ

156 3231 170 3254 0

80 3242 91 3271 “
149 3258 287 3312 υστερον,
302 3237 494 3318 Ἀριαπείθης
511 3236 560 3312 μὶν
570 3229 968 3310 τελευτδςδϊληϊπλῖκαηχαι
