2040 3464
117 115 148 167 76
423 117 605 164 ’,ΗΡΟΔΟΤΟΤ
881 111 916 176 [Ι.

118 194 311 256 κατασκόπους
328 200 383 254 τῶν
398 221 429 254 τε
447 195 543 270 Κύρου
559 193 729 274 πρηγμάτων
746 192 792 250 καὶ
803 190 916 267 Ἰωνίης·

118 279 281 356 ἀπικόμενοι
299 283 328 340 δὲ
345 280 421 340 οὗτοι
438 288 464 344 ἐς
482 282 619 351 Φώκαιαν,
634 283 757 355 ἔπεμπον
771 284 799 342 ἐς
817 279 917 355 Σάρδις

118 368 214 443 σφέων
235 368 324 428 αὐτῶν
343 370 392 428 τόν
413 369 607 445 δοκιμώτατον,
624 373 662 445 τῷ
683 365 787 442 οὕνομα
806 365 841 441 ἦν
859 374 917 426 Λα-

119 457 219 531 κρίνης,
234 456 387 532 άπερέοντα
400 457 483 535 Κύρῳ
497 456 721 532 Λακεδαιμονίων
734 458 825 531 ῥῆσιν,
840 459 918 535 ’(γῆς

117 547 168 617 τῆς
180 543 318 605 Ἑλλάδος
331 545 468 620 μηδεμίαν
480 544 566 602 πόλιν
579 543 767 618 σιναμωρέειν,
783 541 818 604 ὦς
829 541 918 602 αὐτῶν

74 630 171 691 153ού
191 631 426 708 περιοψομένων.”
460 637 554 690 Ταῦτα
575 631 698 692 εἰπόντος
720 635 770 689 τοῦ
792 629 916 706 κήρυκος,

119 719 231 798 λέγεται
249 725 344 796 Κῦρον
361 720 520 795 ἐπείρεσθαι
532 719 597 782 τούς
609 717 762 795 παρεόντας
775 721 802 776 οἱ
813 717 918 794 Ἑλλή-

119 832 171 866 νων
185 817 201 841 “
209 807 280 868 τίνες
294 808 382 869 ἐόντες
401 806 541 884 ἅνθρωποι
554 803 767 882 Λακεδαιμόνιοι
777 806 823 863 καὶ
837 804 918 866 κόσοι
935 861 937 866 .

118 895 236 969 πλῆθος,
244 899 331 955 ταῦτα
345 900 432 973 ἑωυτῷ
445 894 695 976 προαγορεύουσιξ”
712 892 919 970 πυνθανόμενον

119 981 150 1040 δέ
161 1009 209 1058 μιν
223 987 308 1042 εἰπεῖν
320 983 390 1060 πρός
402 983 452 1042 τόν
466 983 571 1059 κήρυκα
583 983 632 1041 τόν
646 981 832 1058 Σπαρτιήτην·
847 983 918 1042 “ούκ

120 1069 213 1128 ἔδεισά
224 1096 261 1127 κω
272 1069 372 1146 ἄνδρας
384 1070 533 1140 τοιούτους,
542 1075 618 1129 τοῖσι
629 1071 691 1128 ἐστὶ
700 1074 791 1148 χῶρος
804 1075 833 1129 ἐν
842 1071 917 1148 μέσῃ

117 1161 153 1235 τῇ
166 1156 248 1216 πόλει
262 1157 487 1238 ἀποδεδεγμένος,
502 1163 529 1220 ἐς
545 1158 593 1217 τόν
607 1156 812 1238 συλλεγόμενοι
829 1158 918 1235 άλλή-

911 1245 918 1262 .

119 1247 187 1307 λους
200 1244 331 1321 όμοῦντες
347 1247 516 1314 ἐξαπατῶσι·
537 1250 621 1316 τοῖσι,
636 1245 671 1321 ἢν
685 1245 738 1326 ἐγώ
751 1246 870 1326 ύγιαίνω,
885 1273 918 1305 ου

119 1332 155 1391 τά
169 1332 266 1393 Ἰώνων
284 1334 376 1393 πάθεα
397 1336 476 1393 ἔσται
497 1335 631 1411 ἔλλεσχα,
650 1333 727 1392 άλλά
746 1333 782 1393 τά
802 1333 918 1409 οἰκήϊα.”

118 1425 206 1480 ταῦτα
227 1427 254 1483 ἐς
273 1421 338 1484 τούς
357 1422 463 1484 πάντας
477 1421 621 1497 Ἕλληνας
638 1421 774 1499 ἀπέρριψε
794 1422 810 1481 ὁ
826 1427 918 1499 Κῦρος

118 1507 155 1566 τά
176 1510 250 1578 ἔπεα,
268 1508 311 1568 ὅτι
332 1509 435 1589 ἀγοράς
453 1509 622 1586 κτησάμενοι
641 1509 697 1587 ώνῇ
710 1535 740 1568 τε
754 1511 800 1568 καὶ
815 1510 919 1587 πρήσει

118 1596 262 1672 χρέωνται·
277 1595 356 1656 αύποὶ
366 1598 420 1678 γάρ
436 1602 462 1656 οἱ
476 1599 588 1675 Πέρσαι
597 1597 718 1678 ἀγορῇσι
729 1597 806 1657 ούδὲν
815 1598 919 1659 ἐώθασι

118 1686 253 1760 χρῆσθαι,
275 1684 339 1743 ούδέ
359 1687 416 1761 σφί
434 1691 495 1744 ἐστι
513 1685 545 1744 τό
562 1685 696 1761 παράπαν
716 1685 814 1766 άγορή.
847 1687 919 1762 μετά

119 1776 208 1830 ταῦτα
221 1773 370 1850 ἐπιτρέψας
383 1773 433 1836 τοὶς
446 1777 497 1850 μὲν
506 1772 608 1849 Σάρδις
620 1774 745 1852 Ταβάλῳ
758 1773 836 1850 α’νδρὶ
847 1774 918 1851 Πέρ

120 1883 168 1936 σῃ,
177 1860 226 1919 τόν
239 1860 269 1919 δὲ
281 1860 388 1939 χρυσόν
401 1861 488 1921 τόντε
503 1864 629 1939 Κροίσου
644 1863 689 1920 καὶ
702 1861 752 1921 τόν
762 1867 816 1921 τῶν
824 1862 919 1922 ἄλλων

120 1946 218 2006 Λυδῶν
228 1948 345 2028 Πακτύῃ
358 1948 436 2026 οἷνδρὶ
449 1950 529 2027 Λυδῷ
543 1952 671 2026 κομίζειν,
681 1949 824 2025 ἀπήλαυνε
837 1949 919 2014 αύπός

122 2038 150 2096 ἐς
162 2033 334 2115 Ἀγβάτανα,
344 2037 470 2112 Κροῖσόν
477 2063 508 2096 τε
518 2037 576 2114 ἅμα
587 2036 723 2117 άγόμενος
733 2038 779 2095 καὶ
787 2037 851 2100 τούς
858 2037 919 2098 Ἰω-

121 2147 170 2184 νας
181 2129 209 2182 ἐν
218 2124 305 2183 ούδενὶ
313 2125 389 2205 λόγῳ
397 2126 585 2201 ποιησάμενος
593 2124 644 2201 τήν
651 2124 763 2201 πρώτην
772 2125 849 2185 εἶναι·
863 2125 881 2200 ἦ
888 2153 919 2186 τε

120 2210 176 2289 γάρ
190 2212 331 2288 Βαβυλών
345 2217 371 2271 οἱ
383 2212 417 2287 ἦν
432 2213 568 2288 ἐμπόδιος,
584 2214 630 2271 καὶ
639 2213 671 2272 vd
683 2211 820 2290 Βάκτριον
834 2214 918 2283 ἔθνος,

123 2300 168 2356 καὶ
178 2299 266 2362 Σάκαι
273 2325 304 2359 τε
315 2301 360 2358 καὶ
369 2300 525 2380 Αἰγύπτιοι·
536 2300 577 2358 ἐπ’
586 2299 633 2366 οὓς
644 2301 751 2379 έπείχεε
762 2306 919 2378 στρατηλα-

121 2386 192 2446 τέειν
205 2386 294 2456 αύτός,
310 2389 355 2445 ἐπὶ
370 2389 398 2446 δὲ
407 2387 503 2463 Ἴωνας
516 2387 606 2447 ἄλλον
618 2389 738 2465 πέμπειν
751 2390 918 2469 στρατηγόν.

77 2471 134 2531 154
183 2475 231 2538 Ὡς
251 2475 280 2533 δὲ
300 2474 433 2550 άπήλασε
450 2475 465 2535 ό
483 2481 576 2553 Κῦρος
595 2481 625 2534 ἐκ
640 2481 695 2535 τῶν
712 2476 842 2552 Σαρδίων,
857 2477 921 2540 τούς

123 2563 230 2625 Λυδούς
250 2562 394 2638 άπέστησε
411 2563 428 2622 ό
448 2563 579 2638 Πακτύης
597 2562 653 2622 άπό
670 2589 702 2622 τε
719 2563 856 2640 Ταβάλου
874 2565 921 2622 καὶ

124 2653 229 2730 Κύρου·
252 2652 377 2727 καταβάς
395 2652 425 2710 δὲ
442 2654 487 2710 ἐπὶ
507 2651 666 2722 θάλασσαν,
684 2649 733 2710 ἅτε
750 2651 800 2711 τόν
813 2652 922 2730 χρυσόν

124 2744 192 2819 ἔχων
205 2739 296 2799 πάντα
312 2739 361 2799 τόν
375 2745 405 2798 ἐκ
422 2744 477 2799 τῷν
493 2740 623 2816 Σαρδίων,
639 2738 798 2813 ἐπικούρους
816 2766 847 2799 τε
864 2745 921 2816 ε’μι·

124 2830 228 2888 σθοῦτο
250 2829 295 2885 καὶ
315 2827 379 2889 τούς
400 2828 620 2889 ἐπιθαλασσίους
647 2826 807 2903 ἀνθρώπους
830 2829 921 2888 ἔπειθε

126 2916 179 2975 σύν
193 2920 280 2994 ἑωυτῷ
297 2916 508 2991 στρατεύεσθαι·
531 2914 636 2977 ἐλάσας
653 2916 682 2973 δὲ
699 2916 744 2973 ἐπὶ
757 2915 807 2977 τοὶς
821 2915 922 2992 Σάρδις

125 3004 285 3080 ἐπολιόρκεε
304 3003 441 3079 Τάβαλον
461 3002 635 3083 ἀπεργμένον
656 3009 684 3062 ἐν
703 3009 739 3081 τῇ
759 3003 920 3080 ἀκροπόλει.

76 3096 135 3150 155
140 3092 307 3167 Πυθόμενος
326 3092 355 3150 δὲ
371 3090 429 3149 κατ’
447 3089 512 3149 ὁδόν
529 3095 616 3150 ταῦτα
633 3091 648 3150 ὁ
664 3097 766 3169 Κῦρος,
781 3091 840 3150 εἶπε
853 3091 922 3168 πρός

102 3182 242 3249 Κροῖσον
265 3179 346 3240 τάδε·
379 3190 398 3215 “
407 3185 528 3259 Κροῖσε,
550 3179 580 3241 τί
606 3180 688 3240 ἔσται
708 3179 743 3239 τδ
767 3179 851 3240 τέλος
870 3185 923 3237 τῶν

7 3324 11 3347 f
83 3262 254 3337 ytvoflc'vwr
272 3270 389 3332 τούτων
418 3273 505 3344 ἐμοί,
536 3269 572 3333 ού
596 3267 762 3330 παύσονται
787 3264 884 3328 Λυδιλ,
909 3264 947 3323 (ns
