2040 3464
183 115 230 160 306
489 115 673 162 ἨΡΟΔΟΤΟΤ
916 112 977 175 [IV.

177 187 368 266 μαντεύονται·
383 191 429 249 καὶ
441 191 560 271 λέγουσι
573 188 650 249 οὗτοι
664 189 699 253 οἷς
711 188 746 249 τό
758 189 861 250 ἐπίπαν
873 190 977 267 μάλισ·

179 302 216 334 τα
231 275 304 344 τάδε,
319 276 354 339 οἱς
369 276 418 339 τοὶς
434 278 591 352 βασιληίας
610 277 700 339 ἱστίας
718 275 866 352 ἐπιόρκηκε
885 277 916 340 ὃς
933 280 977 337 καὶ

180 362 217 431 ὃς,
232 363 361 442 λέγοντες
381 368 436 422 τῶν
455 364 548 424 ἀστῶν
568 363 618 423 τόν
638 361 672 423 ἂν
692 363 726 438 δή
744 363 862 444 λέγωσι·
882 365 932 428 τάς
949 366 977 425 δὲ

178 450 333 525 βασιληίας
352 451 443 513 ἱστίας
461 451 545 528 νόμος
566 451 692 528 Σκύθῃσι
711 448 746 510 τοὶ
767 450 898 526 μάλιστά
917 457 978 512 ἐστι

178 536 293 611 ὀμνύναι
315 537 387 608 τότε,
409 538 493 598 ἐπεοὶν
518 538 568 598 τάν
591 539 728 618 μέγιστον
751 537 836 614 ὅρκον
859 539 978 600 ἐθέλωσι

179 621 303 699 ὀμνύναι·
325 625 423 684 αὐτίκα
439 627 468 684 δὲ
484 625 705 702 διαλελαμμένος
721 623 820 704 ἄγεται
835 623 917 689 οὗτος
929 627 978 687 τόν

179 709 213 770 ἂν
231 713 264 787 δή
280 717 358 789 φῶσι
377 718 551 790 ἐπιορκῆσαι·
573 713 727 792 ἀπιγμένον
742 712 772 770 δὲ
786 713 938 794 ἐλέγχουσι
951 717 978 774 οἱ

177 799 295 873 μάντιες,
311 800 346 863 αἱς
364 801 533 877 ἐπιορκήσας
551 801 679 875 φαίνεται
698 805 728 858 ἐν
743 804 780 876 τῆ
795 805 916 880 μαντικῇ
928 802 977 865 τάς

177 887 334 962 βασιληίας
353 889 451 957 ἱστίας,
466 889 512 946 καὶ
528 887 573 946 διά
586 891 674 946 ταῦτα
687 886 784 968 ἀλγέει
797 887 814 946 ὀ
827 889 977 963 βασιλεύς·

177 973 193 1031 ὁ
215 973 244 1031 δὲ
265 974 398 1051 ἀρνέεται,
420 974 452 1034 ού
477 974 601 1051 φάμενος
624 978 799 1051 ἐπιορκῆσαι,
824 977 871 1034 καὶ
894 976 977 1036 δεινα-

178 1063 315 1140 λογέεται·
337 1062 503 1139 ἀρνεομένου
524 1063 553 1121 δὲ
572 1060 680 1131 τούτου,
698 1061 714 1121 ὁ
734 1063 876 1138 βασιλεύς
895 1089 977 1139 μετα·

177 1150 315 1224 πέμπεται
333 1149 463 1230 [ἀλλους]
481 1150 647 1225 διπλησίους
661 1147 787 1225 μάντιας·
808 1151 856 1209 καὶ
872 1147 907 1225 ῆν
926 1153 977 1226 μέν

176 1261 226 1311 μιν
242 1238 288 1295 καὶ
304 1235 387 1305 οὗτοι,
403 1238 567 1313 ἐσορέωντες
583 1242 611 1298 ἐς
627 1236 679 1311 τῆν
697 1235 841 1311 μαντικήν,
860 1239 976 1314 καταδή·

177 1349 252 1383 σωσι
273 1329 447 1400 ἐπιορκῆσαι,
467 1329 517 1383 τοῦ
539 1325 568 1382 δὲ
590 1325 666 1386 ἰθέως
685 1322 737 1398 τῆν
758 1324 889 1399 κεφαλήν
909 1325 974 1386 ἀπο-

177 1411 314 1486 τάμνουσι
335 1412 380 1468 καὶ
399 1411 435 1470 τά
455 1411 586 1488 χρήματα
606 1410 690 1470 αότοῦ
708 1410 934 1490 διαλαγχάνουσι
950 1417 976 1473 οἱ

177 1503 282 1573 πρῶτοι
300 1503 356 1558 τῶν
375 1499 505 1574 μαντίων·
528 1496 563 1573 ῆν
582 1498 612 1556 δὲ
632 1501 659 1556 οἱ
680 1497 846 1561 ἐπελθόντες
864 1499 976 1574 μάντιες

176 1585 350 1655 ἀπολύσωσι,
365 1585 450 1645 ἄλλοι
465 1585 579 1662 πάρεισι
594 1586 713 1662 μάντιες,
727 1584 774 1643 καὶ
786 1586 867 1660 μάλα
880 1586 974 1647 ἄλλοι·

175 1669 209 1743 ῆν
224 1671 260 1731 ὧν
274 1677 300 1731 οἱ
313 1678 429 1735 πλεῦνες
441 1672 490 1732 τόν
503 1671 648 1749 ἀνθρωπον
661 1671 838 1742 ἀπολύσωσι,
849 1673 975 1735 δέδοκται

175 1764 250 1817 τοῖσι
271 1761 408 1836 πρώτοισι.
429 1765 484 1820 τῶν
506 1761 627 1834 μαντίων
647 1758 759 1818 αύτοῖσι
782 1759 975 1822 ἀπόλλυσθαι.

131 1847 165 1903 69
176 1845 337 1907 Ἀπολλῦσι
351 1848 421 1922 δῆτα
435 1847 533 1910 αύτούς
545 1847 638 1924 τρόπῳ
651 1847 756 1924 τοιῷδε·
771 1847 856 1906 ἐπεάν
866 1847 976 1924 ἅμαξαν

175 1934 322 2013 φρυγάνων
342 1934 485 2010 πλήσωσι,
504 1935 550 1992 καὶ
569 1933 741 2004 ὑποζεύξωσι
760 1934 841 2008 βοῦς,
863 1939 976 2012 ἐμποδί-

175 2046 274 2083 σαντες
289 2022 354 2085 τοιὶς
371 2022 494 2098 μάντιας,
510 2023 555 2080 καὶ
567 2022 652 2100 χέρας
665 2020 756 2080 ὀπίσω
770 2021 916 2095 δήσαντες,
930 2027 976 2085 καὶ

174 2108 378 2213 στομώσαντες,
389 2114 565 2189 κατειργνῦσι
575 2115 602 2172 ἐς
614 2110 690 2184 μέσα
703 2108 739 2167 τοὶ
752 2109 894 2189 φρύγανα·
908 2112 975 2173 ὑπα-

174 2195 331 2270 πρήσαντες
347 2196 428 2254 δὲ’
394 2197 472 2266 αιτά,
487 2196 595 2256 ἀπιεῖσι
613 2194 796 2272 φοβήσαντες
813 2222 881 2260 τους
892 2201 975 2274 βοῦς·

173 2284 279 2342 πολλοὶ
294 2286 346 2359 μὲν
358 2283 392 2358 δῆ
411 2284 663 2363 συγκατακαίονται
674 2286 751 2341 τοῖσι
766 2283 886 2359 μάντισι
897 2288 974 2362 βόες,

174 2372 278 2429 πολλοὶ
292 2372 321 2429 δὲ
334 2372 560 2448 περικεκαυμένοι
573 2370 799 2450 ἀποφεύγουσι,’
786 2370 872 2432 επεάν
885 2374 975 2436 αύτῶν

174 2457 189 2516 ὀ
203 2458 288 2535 ῥυμός
301 2461 471 2536 κατακαυθῇ.
510 2459 693 2517 κατακαίουσι
703 2458 733 2516 δὲ
743 2457 836 2536 τρόπῳ
850 2465 890 2538 τῷ
904 2466 975 2539 εἷρη·

172 2548 245 2623 μένῳ
258 2546 304 2604 καὶ
318 2544 351 2604 δι’
365 2544 456 2607 ἄλλος
466 2547 554 2608 αἰτίας
563 2543 628 2607 τούς
636 2543 761 2620 μάντιας,
770 2545 975 2622 ψευδομάντιας

173 2633 327 2696 καλέοντες.
367 2631 432 2694 τούς
450 2631 472 2689 δ’
491 2631 525 2691 ἂν
539 2631 687 2707 ἀποκτείνῃ
705 2629 854 2707 βασιλεύς,
869 2634 974 2697 τούτων

172 2717 235 2778 ούδέ
259 2719 324 2782 τούς
347 2719 448 2780 παῖδας
470 2719 570 2778 λείπει·
595 2717 672 2776 ἀλλά
695 2717 788 2777 πάντα
810 2717 847 2778 τά
872 2721 975 2798 ἔρσενα

173 2808 277 2876 κτείνει,
290 2807 326 2866 τά
339 2807 368 2865 δὲ
383 2807 471 2882 θήλεα
484 2805 533 2865 ούκ
547 2805 657 2865 ἀδικέει.

125 2896 163 2953 70
206 2893 310 2969 Ορκια
331 2894 361 2953 δὲ
381 2897 522 2953 ποιεῦνται
543 2892 648 2956 Σκύθαι
672 2890 731 2961 ὧδε,
752 2891 825 2969 πρός
848 2896 918 2961 τοιὶς
942 2897 974 2959 ἂν

172 2981 325 3042 ποιέωνται·
348 2987 376 3044 ἐς
395 2981 495 3040 κύλικα
514 2979 642 3060 μεγάλην
662 2981 810 3057 κεραμίνην
831 2982 910 3044 οἶνον
931 2993 972 3068 ε’γ·

163 3069 289 3165 χέαντες,
299 3069 372 3178 αἱμα
379 3069 575 3149 συμμίσγουσι
584 3066 682 3127 τῶν
647 3093 684 3126 τα
693 3067 773 3144 ὅρκια
777 3073 972 3152 ταμνομένων,

157 3155 332 3234 τύψαντες’
315 3159 419 3221 οπέατι
432 3156 451 3236 ἢ
465 3153 644 3233 ἐπιταμύντες
658 3155 779 3231 μαχαίρῃ
789 3158 915 3234 σμικρὸν
924 3186 973 3221 τον

80 3240 84 3255 ⁵
146 3251 305 3323 σώματος·
337 3251 387 3311 καὶ
414 3250 517 3311 ἔπειτα.
537 3241 772 3320 ἀποβαψαντες
764 3263 794 3299 κς
812 3241 864 3312 ’δν
887 3245 987 3304 κύλικα
