2040 3464
99 108 241 174 121—124]
446 112 558 184 ΚΛΕῙΩτ
868 114 901 161 63

97 194 275 266 τελευτῆσαι·
291 190 418 267 ἱστόρεόν
429 217 461 250 τε
478 190 545 269 ὅτεῳ
561 190 654 269 τρόπῳ
670 191 864 270 περιγένοιτος
884 189 902 250 ό

98 277 130 336 δέ
150 283 207 353 σφι
228 279 316 359 ἔλεγε,
338 278 394 354 φάς
413 277 469 356 πρό
490 283 540 337 τοῦ
560 282 612 354 μὲν
633 277 681 337 οῦκ
703 279 803 337 εἰδέναι
824 277 901 338 άλλά

97 363 288 442 ἡμαρτηκέναι
300 370 445 436 πλεῖστον,
460 365 518 424 κατ’
532 365 597 425 ὁδόν
610 366 639 425 δὲ
651 367 792 426 πυθέσθαι
804 371 901 426 πᾶσαν

96 452 149 527 τὴν
162 456 263 512 ἑωυτοῦ
275 452 377 528 πάθην·
395 454 566 513 ἐπίστασθαι
577 453 696 534 μὲνγὰρ
710 452 746 515 ὦς
757 453 902 529 βουκόλου

96 545 148 600 τοῦ
159 539 331 621 Ἀστυάγεος
348 541 390 617 εἴη
405 545 479 611 παῖς,
493 540 549 600 οἷπδ
565 541 594 599 δὲ
606 547 656 617 τῆς
670 542 760 600 κεῖθεν
773 541 838 600 ὁδοῦ
851 541 901 601 τόν

96 627 189 688 πάντα
207 628 295 709 λόγον
314 633 369 688 τῶν
388 634 508 706 πομπῶν
530 629 680 688 πυθέσθαι·
706 633 848 704 τραφῆναι
871 629 900 689 δῖ

96 717 178 795 ἔλεγε
189 715 244 775 ῦπδ
256 720 307 792 τῆς
318 721 368 775 τοῦ
380 716 524 792 βουκόλου
539 716 677 798 γυναικός·
691 714 737 792 ἤῖέ
750 742 782 776 τε
797 716 902 792 ταύτην

93 804 194 862 ἀἰνέων
209 803 254 862 διά
269 802 381 866 παντός·
402 803 437 879 ἦν
453 805 486 863 τέ
498 807 525 863 οῖ
538 809 567 863 ἐν
579 808 617 882 τῳ
630 804 707 884 λόγῳ
723 802 759 863 τά
773 802 866 864 πάντα
881 804 901 880 ἡ

97 890 190 950 Κυνώ.
232 894 260 950 οἱ
272 891 302 949 δὲ
310 891 404 953 τοκέες
415 891 632 968 παραλαβόντες
644 891 677 951 τό
691 890 796 967 οῦνομα
808 897 900 963 τοῦτο,

98 978 143 1036 ἵνα
160 979 302 1055 θειοτέρως
320 979 401 1058 δοκέῃ
417 984 494 1038 τοῖσι
510 980 645 1058 Πέρσῃσι
661 981 798 1057 περιεῖναί
812 986 869 1055 σφι
885 980 901 1040 ό

96 1070 171 1137 παῖς,
193 1067 352 1143 κατέβαλον
374 1067 459 1142 φάτιν
481 1066 517 1146 (ῦς
538 1068 693 1144 ἐκκείμενον
714 1071 809 1143 Κῦρον
830 1067 901 1128 κύων

97 1154 237 1232 ἐξέθρεψε.
279 1156 403 1215 ἐνθεῦτεν
414 1157 467 1232 μὲν
479 1154 497 1230 ἦ
511 1154 594 1229 φάτις
607 1153 676 1230 αῦτη
689 1155 839 1232 κεχώρηκε.

138 1242 221 1322 Κύρῳ
242 1243 272 1302 δὲ
291 1241 463 1322 ἀνδρευμένῳ
483 1244 530 1301 καὶ
551 1241 623 1301 ε’όντι
639 1247 695 1300 τῶν
711 1242 815 1317 ἡλίκων
834 1241 879 1302 όν·
890 1242 947 1306 173³

97 1328 245 1409 δρειοτάτῳ
261 1331 307 1388 καὶ
323 1328 564 1407 προσφιλεστάτῳ
582 1329 748 1405 προσέκειτο
765 1328 901 1406 ὁἈρπα-

96 1443 146 1498 γος
166 1418 240 1495 δῶρα
260 1419 385 1495 πέμπων,
402 1419 540 1478 τίσασθαι
555 1415 714 1496 Ἀστυάγεα
736 1417 899 1493 ἐπιθυμέων.

97 1503 145 1563 ἐπ’
159 1505 309 1586 ἑωυτοῦγᾶ
326 1505 440 1577 ,ε’όντος
457 1504 575 1575 ἰδιώτεω,
590 1503 640 1563 οῦκ
654 1503 755 1581 ε’νειύρα
766 1505 900 1582 τιμωρίην

97 1594 234 1669 ἐσομένην
255 1599 282 1657 ές
297 1592 465 1674 Ἀστυάγεα·
487 1597 582 1670 Κῦρον
603 1592 633 1650 δὲ
653 1590 737 1669 ὁρέων
755 1593 899 1669 ε’πιτρεφό·

95 1706 180 1755 μενον
190 1682 313 1741 ε’ποιέετο
326 1681 486 1760 σύμμαχον,
496 1681 546 1742 τοῖς
558 1679 650 1742 πάθας
662 1678 712 1743 τάς
725 1679 820 1757 Κύρου
832 1686 897 1760 τῇσι

96 1772 197 1828 ἑωυτοῦ
226 1768 414 1846 ὁμοιούμενος.
458 1769 514 1845 πρδ
540 1767 563 1827 δ’
590 1769 630 1827 έτι
655 1767 755 1828 τούτου
780 1767 846 1827 τάδε
872 1772 897 1829 οἱ

97 1858 281 1939 κατέργαστο·
303 1857 395 1920 ε’όντος
414 1861 464 1917 τοῦ
480 1856 652 1937 Ἀστυάγεος
671 1860 771 1934 πικροῦ
791 1861 818 1920 ἐς
834 1857 897 1920 τοῦς

96 1943 219 2020 Μήδους,
242 1947 411 2026 συμμίσγων
437 1945 476 2004 ἑνὶ
503 1945 609 2024 ἑκάστῳ
636 1943 652 2003 ὁ
673 1943 819 2025 Ἅρπαγος
843 1951 898 2006 τῶν

95 2032 211 2108 πρώτων
233 2033 346 2108 Μήδων,
370 2033 497 2093 ἀνέπειθε
520 2033 555 2095 οῖς
577 2031 633 2109 χρὴ
657 2037 752 2109 Κῦρον
774 2059 898 2110 προστη

95 2122 234 2197 σαμένους
261 2121 311 2180 τᾶν
335 2120 494 2202 Ἀστυάγεα
523 2125 631 2179 παῦσαι
656 2125 706 2195 τῆς
731 2121 896 2197 βασιληίης.

96 2209 333 2289 κατειργασμένου
359 2209 390 2269 δέ
416 2212 442 2268 οῖ
467 2208 566 2268 τούτου
591 2209 637 2266 καὶ
661 2207 753 2271 ε’όντος
777 2210 896 2285 ἑτοίμου,

95 2304 165 2355 οὕτω
187 2296 220 2371 δή
241 2301 279 2374 τῷ
300 2297 389 2376 ΚύρῳΙ
404 2297 569 2375 διαιτωμένῳ
590 2301 619 2354 ε’ν
639 2297 772 2375 Πέρσῃσι
791 2297 897 2372 βουλό·

93 2409 176 2459 μενος
205 2383 222 2444 ό
242 2383 388 2465 Ἅρπαγος
416 2384 544 2459 δηλῶσαι
570 2382 623 2459 τὴν
650 2388 750 2443 ἑωυτοῦ
774 2383 896 2465 γνάμην,

93 2469 259 2548 ἅλλωςμὲν
279 2471 405 2548 οὐδαμῶς
425 2473 491 2550 εἶχε,
512 2471 561 2531 ἅτε
580 2476 635 2531 τοῖν
655 2472 725 2532 ὁδῶν
745 2476 895 2548 φυλασσο-

92 2560 190 2636 μένων,
207 2559 222 2620 ό
242 2560 271 2618 δὲ
290 2564 466 2638 ε’πιτεχνοῖται
484 2559 600 2619 τοιόνδε·
621 2559 711 2640 λαγόν
730 2559 896 2637 μηχανησά-

92 2673 184 2724 μενος,
197 2648 243 2706 καὶ
256 2646 415 2726 οἷνασχίσας
430 2647 529 2707 τούτου
545 2647 597 2723 τὴν
612 2648 738 2729 γαστέρα
754 2648 800 2706 καὶ
816 2646 893 2707 οὐδὲν

92 2735 238 2805 α’ποτίλας,
253 2735 288 2798 ὦς
301 2736 331 2795 δὲ
344 2735 410 2814 εἶχε,
425 2733 495 2794 οὕτω
512 2736 628 2810 ε’σέθηκε
640 2735 769 2810 βιβλίον,
782 2734 894 2814 γράψας

91 2822 128 2882 τά
145 2826 171 2882 οἱ
188 2823 287 2882 ἐδόκεε·
309 2822 474 2901 α’πορράψας
488 2822 517 2881 δὲ
529 2827 579 2881 τοῦ
592 2826 683 2902 λαγοῦ
695 2821 747 2896 τὴν
759 2823 892 2901 γαστέρα,

92 2912 139 2969 καὶ
152 2911 248 2970 δίκτυα
265 2912 327 2974 δούς
342 2910 391 2970 ἅτε
408 2913 527 2989 θηρευτῇ
539 2915 594 2970 τῶν
607 2910 732 2969 οἰκετέων
743 2914 781 2988 τῳΑ
794 2934 892 2969 πιστο-

90 2998 173 3078 τάτῳ,
184 2999 333 3058 α’πέστειλε
344 3005 372 3062 ές
380 2999 445 3061 τοῦς
454 2999 585 3076 Πέρσας
594 2995 783 3072 ἐντειλάμενός
797 3000 823 3054 οῖ
836 2995 892 3057 άπδ

91 3086 235 3168 γλώσσης,
255 3087 364 3146 διδόντα
382 3086 432 3146 τόν
449 3085 539 3166 λαγδν
559 3084 643 3163 Κύρῳ
664 3089 794 3155 ἐπειπεῖν,
811 3083 891 3144 αύτο-

85 3175 180 3252 χειρΐῃ
199 3200 252 3252 μιν
277 3175 389 3248 διελεῖν,
415 3175 462 3236 καὶ
487 3174 597 3254 μηδένα
618 3177 648 3234 ολ
668 3176 762 3232 ταῦτα
782 3175 914 3230 ποιεῦντι

78 3265 217 3336 παρεῖναι,
262 3265 362 3328 Ταῦτά
378 3294 413 3329 τε
428 3267 463 3346 δὴ
479 3267 519 3330 ὧν
533 3266 677 3330 ἐπιτελέα
691 3262 821 3342 ἐγίνετο,
831 3256 884 3316 ταῖς
896 3250 982 3309 W&
