2040 3464
176 118 223 165 330
482 115 665 162 ἨΡΟΔΟΤΟΤ
917 111 979 176 [IV.

175 194 228 270 τήν
249 194 380 270 Νευριδα·
408 190 626 270 ταρασσομένων
647 193 677 252 δέ
698 193 744 250 καὶ
764 189 877 262 τούτων,
896 189 983 266 η”ῐσαν

175 282 382 362 ὑποφεύγοντες
397 286 423 340 οἱ
438 282 543 345 Σκύθαι
557 287 584 344 ἐς
597 281 662 343 τούς
674 281 877 362 Ἀγαθύρσους·
899 279 982 361 Ἀγό-

177 373 277 448 θυρσοι
291 369 320 428 δὲ
334 369 460 445 ὁρέοντες
475 371 521 427 καὶ
533 369 597 431 τούς
611 369 748 446 ὁμούρους
760 368 917 449 φεύγοντας
926 363 982 428 ὑπό

178 460 305 523 Σκυθέων
321 459 367 516 καὶ
386 458 614 540 τεταραγμένους,
629 459 695 534 πρὶν
714 455 733 533 ή
754 464 811 531 σφι
829 456 983 531 ἐμβαλέειν

176 548 241 610 τούς
262 546 378 616 Σκύθας,
400 546 560 623 πέμψαντες
581 546 685 622 κήρυκα
712 544 888 625 α’πηγόρευον
914 545 983 606 Σκύ-

180 637 248 712 θῃσι
266 635 305 710 μή
323 637 477 710 ἐπιβαίνειν
488 639 544 693 τῶν
561 633 706 709 σφετέρων
720 630 814 708 οὔρων,
828 632 984 712 προλέγον-

178 749 222 785 τες
250 723 285 785 ιός
312 727 335 781 εἰ
362 722 543 798 πειρήσονται
570 721 751 799 ἐσβαλόντες,
772 721 861 795 σφίσι
886 725 983 796 πρῶτα

178 811 411 888 διαμαχήσονται,
446 809 619 888 Ἀγάθυρσοι
630 811 682 885 μὲν
696 810 878 885 προείπαντες
894 812 983 868 ταῦτα

179 899 315 973 ἐβοήθεον
330 899 374 955 ἐπὶ
387 897 452 960 τούς
465 896 570 973 οὔρους,
586 896 690 973 ἐρύκειν
705 902 733 956 ἐν
746 899 783 974 νῷ
796 897 906 974 ἔχοντες
918 897 984 959 τούς

178 986 313 1048 ἐπιόντας.
349 984 565 1064 Μελάγχλαινοι
593 985 622 1042 δὲ
649 985 695 1042 καὶ
721 983 912 1064 Ἀνδροφάγοι
937 986 984 1043 καὶ

177 1074 290 1150 Νευροὶ,
319 1073 502 1148 ἐσβαλόντων
527 1077 582 1133 τῶν
607 1072 742 1151 Περσέων
763 1070 822 1148 ἅμα
846 1071 982 1151 Σκύθῃσι,

178 1162 241 1222 ούτε
267 1161 338 1238 πρός
365 1160 455 1236 άλκήν
482 1160 633 1237 ἐτράποντο
661 1159 864 1236 ἐπιλαθόμενοί
881 1186 913 1218 τε
934 1166 984 1236 τῆς

178 1249 297 1325 άπειλῆς
318 1251 437 1329 ἔφευγον
457 1249 510 1307 αἰεὶ
523 1248 555 1307 τό
570 1248 641 1325 πρός
658 1247 752 1324 βορέω
766 1253 793 1311 ἐς
806 1247 859 1323 τήν
879 1251 985 1325 ἐρῆμον

177 1337 386 1418 τεταραγμένοι·
408 1339 434 1395 οἶ
448 1337 477 1394 δὲ
491 1335 597 1401 Σκύθαι
611 1342 638 1399 ἐς
650 1339 702 1413 μὲν
712 1336 776 1398 τούς
788 1335 984 1416 Ἀγαθύρσους

178 1426 270 1486 ου’κέτι
284 1425 453 1487 ἀπείπαντας
467 1423 639 1484 άπικνέοντο·
657 1427 683 1483 οἱ
697 1424 726 1482 δέ
740 1429 770 1483 ἐκ
783 1428 833 1499 τῆς
847 1425 986 1500 Νευρίδος

177 1515 269 1594 χώρης
283 1519 310 1576 ἐς
323 1513 374 1588 τήν
388 1511 530 1589 σφετέρην
544 1511 712 1592 κατηγέοντο
726 1515 803 1571 τοῖσι
817 1511 963 1589 Πέρσῃσι.

134 1604 188 1660 ’126
230 1600 279 1664 Ὡς
300 1601 329 1659 δέ
349 1600 460 1659 πολλόν
477 1603 561 1659 τοῦτο
581 1601 686 1680 ἐγίνετο
710 1600 755 1658 καὶ
781 1598 830 1658 οὐκ
855 1599 984 1673 ἐπαύετο,

177 1691 290 1767 πέμψας
308 1693 426 1765 Δαρεῖος
446 1689 531 1746 ἱππέα
548 1687 624 1763 παρά
641 1686 691 1747 τόν
710 1688 837 1751 Σκυθέων
855 1689 986 1763 βασιλέα

177 1777 359 1853 Ἰδάνθυρσον
376 1779 455 1857 ἔλεγε
475 1777 549 1835 τάδε·
572 1787 589 1810 “
599 1775 724 1852 δαιμόνιε
741 1775 856 1853 ἀνδρῶν,
872 1777 904 1835 τί
919 1776 985 1852 φεύ-

28 1698 30 1709 ι

28 1719 30 1731 ι

28 1762 30 1783 Ι

28 1842 30 1867 ί

177 1891 235 1946 γεις
249 1867 302 1923 αἰεὶ
317 1865 378 1934 ἐξόν
387 1891 431 1923 τοι
444 1865 530 1923 τῶνδε
543 1863 578 1923 τά
592 1865 671 1940 ἔτερα
685 1866 788 1924 ποιέειν
796 1889 804 1932 ;
827 1869 851 1923 εἰ
863 1866 916 1941 μέν
929 1865 985 1945 γάρ

178 1951 328 2030 ἀξιόχρεως
349 1952 452 2014 δοκέεις
474 1951 543 2011 εἶναι
564 1956 675 2030 σεωυτῷ
697 1955 774 2011 τοῖσι
797 1956 893 2028 ἐμοῖσι
914 1953 986 2030 πρή-

177 2066 269 2121 γμασι
290 2039 462 2114 ἀντιωθῆναι,
484 2040 520 2098 σύ
542 2041 571 2098 δὲ
592 2040 662 2103 στάς
685 2066 716 2099 τε
738 2041 783 2099 καὶ
804 2039 986 2117 παυσάμενος

178 2128 286 2203 πλάνης
304 2126 457 2205 μάχεσθαι·
480 2127 549 2185 εἰδὲ
570 2127 776 2207 συγγινώσκεαι
789 2127 859 2186 εἶναι
874 2127 985 2204 ἥσσων,

180 2216 217 2276 σε)
234 2216 263 2274 δὲ
282 2217 328 2274 καὶ
347 2215 417 2274 οὕτω
431 2214 611 2291 παυσάμενος
624 2220 674 2274 τοῦ
687 2214 792 2293 δρόμου
806 2215 933 2296 δεσπότῃ
947 2223 987 2296 τῷ

179 2309 220 2383 σῷ
241 2305 314 2381 δῶρα
335 2305 427 2380 φέρων
445 2308 499 2383 γῆν
518 2330 549 2361 τε
569 2305 615 2362 καὶ
629 2303 699 2380 ὕδωρ
721 2305 786 2364 ἐλθὲ
807 2308 834 2367 ἐς
855 2303 986 2385 λόγους.”

133 2395 188 2453 127
200 2393 278 2469 Πρός
290 2397 378 2451 ταῦτα
392 2391 407 2451 ό
423 2392 550 2455 Σκυθέων
558 2391 698 2467 βασιλεύς
710 2391 891 2468 Ἰδάνθυρσος
905 2394 986 2473 ἔλεγε

178 2480 253 2539 τάδε·
276 2491 293 2515 “
302 2480 372 2539 οὕτω
385 2480 418 2538 τό
433 2479 500 2555 ἐμόν
515 2480 580 2557 ἔχει,
595 2478 616 2537 ὦ
633 2479 744 2557 Πέρσα·
766 2479 820 2560 ἐγα)
834 2479 935 2540 οὐδένα
949 2509 986 2539 κω

179 2568 330 2645 ἀνθρώπων
344 2568 439 2630 δείσας
453 2568 565 2648 ἔφυγον,
581 2566 643 2627 ούτε
656 2568 792 2645 πρότερον
805 2567 870 2626 οὔτε
883 2573 932 2628 νῦν
952 2595 986 2629 σε

179 2656 283 2737 φεύγω·
305 2656 369 2714 ου’δέ
386 2681 413 2714 τι
431 2654 563 2732 νεώτερόν
579 2659 636 2732 εἰμι
654 2654 776 2730 ποιήσας
792 2653 873 2731 νῦνῆ
888 2657 935 2716 καὶ
957 2663 985 2718 ἐν

180 2744 273 2821 εἰρήνῃ
293 2744 378 2803 ἐώθεα
396 2743 509 2801 ποιέειν.
544 2741 604 2802 ὅτι
623 2744 652 2802 δὲ
669 2742 718 2801 οὐκ
735 2742 834 2802 αὐτίκα
854 2743 988 2823 μάχομαί

180 2859 233 2901 τοι,
251 2833 304 2911 ἐγω
321 2833 366 2889 καὶ
384 2835 467 2911 τοῦτο
490 2831 631 2906 σημανέω·
652 2830 719 2907 ήμῐν
736 2831 799 2890 οὔτε
817 2830 908 2892 όσπεα
922 2833 987 2895 οὗτε

179 2923 218 2999 γῆ
231 2920 424 2996 πεφυτευμένη
439 2919 509 2987 ἐστὶ,
523 2923 578 2978 τῶν
588 2919 651 2996 πέρι
665 2919 806 2983 δείσαντες
818 2919 859 2997 μή
873 2920 955 3000 ἁλῴη
969 2920 986 2998 ἢ

24 3064 27 3073 ,
180 3010 260 3084 καρῇ,
273 3007 425 3085 ταχύτερον
446 3007 656 3087 συμμίσγοιμεν
669 3004 702 3066 όν
717 3013 743 3070 ἐς
757 3007 852 3086 μάχην
865 3007 943 3085 ὑμῖν·
964 3014 988 3070 εἰ

171 3094 205 3154 δέ
225 3095 284 3156 δέοι
305 3093 415 3159 πάντως
435 3099 463 3157 ἐς
482 3097 566 3153 τοῦτο
588 3096 658 3153 κατὰ
681 3095 769 3173 τάχος
792 3094 986 3168 ἀπικνέεσθαι,

28 3126 127 3256 Ι.
158 3184 348 3268 τυγχάνουσι
362 3185 435 3269 ήμῖν
449 3181 545 3248 ἐόντες
557 3182 648 3262 τάφοι
658 3183 987 3259 τοτρόῐὶοι,φέρετε,τού-

152 3294 223 3341 [ους
235 3275 421 3360 α’νευρόντες
435 3275 579 3363 (πηχέων
591 3272 739 3350 πειρᾶσθε
750 3267 857 3327 αύτούς·
881 3268 931 3323 καὶ
940 3271 1006 3345 κρέκ-
