2040 3464
137 117 185 163 1⁵4
442 116 624 166 ἨΡΟΔΟΤΟΤ
885 114 932 177 [st

136 193 232 254 ἄλλων
243 195 389 270 βασιλέων
403 195 568 272 τριηκοσίων
584 221 616 254 τε
635 195 681 253 καὶ
697 193 846 271 τριήκοντα
860 194 935 255 ούνό·

136 308 221 356 ματα.
250 287 278 340 ἐν
291 283 449 361 τοσαύτῃσι
461 287 575 363 γενεῇσι
588 281 739 359 ἀνθρώπων
753 281 936 358 ὀκτωκαίδεκα

138 372 189 445 μὲν
210 370 341 430 Αἰθίοπες
362 369 445 444 ἦσαν,
466 371 518 445 μία
541 371 570 428 δὲ
591 370 660 450 γυνη
683 370 826 447 ἐπιχωρίη·
860 373 888 429 οἱ
908 370 938 430 δέ

138 456 231 526 ἄλλοι,
253 455 348 533 ἄνδρες
365 457 522 537 Αἰγύπτιοι·
542 462 578 535 τῇ
600 458 629 516 δὲ
648 458 758 537 γυναικὶ
778 455 885 534 ούνομα
903 457 939 534 ἦν

137 544 198 619 ἥτις
225 546 397 621 ἐβασίλευσε
423 545 509 621 τόπερ
529 551 565 623 τῇ
592 546 770 623 Βαβυλωνίῃ,
791 546 938 623 Νίτωκρις·

139 632 191 707 τήν
212 634 308 712 ἔλεγον
327 634 518 709 τιμωρέουσαν
538 632 767 712 ἀδελφεοὶ-τόν
791 631 939 713 Αἰγύπτιοι

140 720 332 796 βασιλεύοντα
355 722 452 796 σφέων
479 721 650 791 ἀπέκτειναν,
673 720 883 785 οἷποκτείναντες
909 721 940 782 δδ

140 808 211 868 οὕτω
225 809 313 887 ἐκείνη
327 809 468 868 α’πέδοσαν
481 809 533 884 την
547 809 843 888 βασιληίην,-τούτῳ
856 834 940 886 τιμω·

140 899 260 974 ρέουσαν
273 898 398 959 πολλούς
412 898 569 977 Αἰγυπτίων
583 899 743 974 διαφθεῖραι
757 897 840 977 δόλῳ·
860 923 940 974 ποιη-

141 985 266 1063 σαμένην
275 984 330 1065 γάρ
344 1012 393 1061 μιν
407 986 509 1061 οἴκημα
522 987 670 1062 περίμηκες
683 984 819 1066 ὑπόγαιον
830 990 941 1045 καινοῦν

141 1077 179 1152 τῷ
197 1073 281 1154 λόγῳ,
295 1073 349 1152 νόῳ
368 1075 397 1132 δὲ
415 1073 492 1131 ἅλλα
511 1074 703 1152 μηχανᾶσθαι·
726 1073 891 1132 καλέσασαν
911 1073 942 1133 δέ

143 1187 190 1240 μιν
203 1162 362 1243 Αἰγυπτίων
377 1162 441 1224 τούς
458 1161 586 1236 μάλιστα
605 1161 762 1237 μεταιτίους
780 1166 831 1220 τοῦ
852 1160 941 1238 φόνου

141 1248 213 1327 ᾔδεε,
233 1249 359 1312 πολλούς
379 1253 483 1308 ἑστιᾶν·
509 1250 696 1326 δαινυμένοισι
717 1249 746 1308 δὲ
767 1253 872 1308 ἐπεῖναι
891 1249 942 1310 τόν

142 1336 271 1415 ποταμόν
284 1337 317 1396 δι’
334 1337 456 1400 αύλῶνος
475 1341 595 1414 κρυπτοῦ
615 1337 751 1416 μεγάλου·
771 1337 873 1413 ταύτης
890 1340 943 1413 μὲν

143 1428 207 1503 πέρι
219 1430 344 1486 τοσαῦτα
359 1427 464 1506 ἔλεγον·
485 1425 561 1500 πλὴν
575 1424 618 1484 ὅτι
634 1423 720 1500 αὐτήν
736 1451 792 1501 μιν,
807 1424 843 1487 ὦς
858 1430 943 1485 τοῦτο

144 1514 304 1595 ἐξέργαστο,
318 1515 398 1590 ῥίψαι
412 1518 439 1576 ἐς
460 1513 561 1588 οἴκημα
579 1513 687 1571 σποδοῦ
701 1514 789 1572 πλέον
803 1511 872 1577 ὅκως
886 1513 942 1573 ἅτι-

100 1604 153 1661 101
164 1602 289 1680 μιύρητος
301 1603 424 1682 γένηται.
458 1606 520 1661 Τῶν
533 1602 562 1660 δὲ
576 1601 671 1659 ἄλλων
683 1602 829 1676 βασιλέων
842 1600 876 1660 ού
888 1602 943 1681 γοῖρ

146 1692 243 1770 ἔλεγον
271 1690 400 1766 οὐδεμίαν
427 1691 512 1770 ἔργων
533 1688 670 1759 ἀπόδεξιν,
693 1689 751 1748 κατ’
773 1689 852 1749 οὐδὲν
875 1690 944 1750 εἶναι

146 1778 350 1855 λαμπρότητος,
362 1777 438 1851 πλὴν
449 1778 507 1840 ἑνὸς
517 1782 566 1837 τοῦ
581 1777 702 1855 ἐσχάτου
716 1775 805 1836 αύτῶν
816 1778 942 1854 Μοίριος·

145 1871 243 1925 τοῦτον
264 1867 293 1924 δὲ
313 1865 504 1934 ἀποδέξασθαι
523 1865 689 1941 μνημόσυνα
708 1869 758 1924 τοῦ
781 1865 944 1940 Ἡφαίστου

146 1953 182 2013 τᾶ
196 1953 266 2031 πρός
278 1955 371 2029 βορῆν
384 1952 486 2029 ἅνεμον
499 1953 673 2030 τετραμμένα
688 1953 859 2030 προπύλαια·
880 1955 945 2030 λίμ·

147 2067 196 2117 νην
215 2068 246 2101 τε
267 2040 363 2117 ὀρύξαι
382 2045 433 2116 τῆς
453 2040 472 2117 ἦ
496 2042 622 2116 περίοδος
643 2040 718 2101 ὅσων
741 2042 803 2100 ἐστὶ
824 2041 945 2102 σταδίων

146 2128 264 2206 ὕστερον
276 2128 404 2205 δηλώσω·
425 2130 580 2205 πυραμίδας
592 2154 623 2187 τε
637 2133 665 2189 ἐν
679 2128 748 2207 αὐτῇ
762 2128 946 2205 οἰκοδομῆσαι

147 2221 202 2277 τῶν
213 2221 263 2277 τοῦ
276 2217 412 2297 μεγάθεος
430 2218 494 2294 πέρι
507 2215 578 2292 ὁμοῦ
592 2215 662 2294 αὐτῇ
676 2221 711 2294 τῇ
729 2217 815 2294 λίμνῃ
830 2216 944 2293 ἐπιμνή·

148 2330 245 2382 σομαι.
285 2309 384 2364 τοῦτον
403 2309 454 2380 μὲν
473 2309 599 2364 τοσαῦτα
619 2303 818 2375 ἀποδέξασθαι,
839 2309 895 2364 τῶν
916 2291 955 2364 δέ

148 2392 243 2452 ἄλλων
256 2391 354 2452 ούδένα
368 2392 454 2452 ούδέν.

103 2483 159 2542 102
189 2479 444 2558 Παραμειψοίμενος
467 2479 504 2539 ὧν
530 2477 651 2549 τούτους,
674 2483 724 2539 τοῦ
751 2479 797 2538 ἐπὶ
819 2478 947 2540 τούτοισι

148 2571 297 2649 γενομένου
312 2569 511 2646 βασιλέος,τῷ
527 2564 632 2643 οὔνομα
648 2566 683 2642 ἦν
700 2568 868 2643 Σέσωστρις,
884 2566 947 2627 τού·

148 2682 199 2716 του
210 2655 322 2732 μνήμην
334 2654 500 2732 ποιήσομαι.
539 2653 590 2714 τόν
603 2655 701 2735 ἔλεγον
714 2659 741 2714 οἱ
756 2655 824 2731 ἱρέες
837 2658 948 2732 πρῶτον

149 2747 200 2820 μέν
219 2745 348 2803 πλοίοισι
366 2746 501 2820 μακροῖσι
516 2742 673 2818 ὁρμηθέντα
692 2747 722 2801 ἐκ
739 2747 789 2802 τοῦ
807 2740 947 2820 Ἀραβίου

150 2830 267 2901 κόλπου,
279 2829 344 2894 τούς
356 2830 433 2908 παροὶ
444 2830 496 2905 την
504 2828 641 2907 Ἐρυθρὴν
656 2829 808 2890 θάλασσαν
822 2834 953 2907 κατοικη·’

149 2918 248 2997 μένους
268 2919 524 2995 καταστρέφεσθαι·
555 2922 582 2980 ἐς
602 2917 619 2977 ὃ
638 2918 761 2978 πλέοντοί
780 2944 829 2995 μιν
848 2918 949 2996 πρόσω

149 3007 300 3067 ἀπικέσθαι
314 3010 341 3069 ἐς
354 3006 506 3066 θάλασσαν
516 3003 607 3065 οὐκέτι
620 3005 735 3082 πλωπην
743 3005 798 3066 ύπὸ
807 3007 948 3086 βραχέων·

141 3095 273 3154 ἐνθεῦτεν
284 3093 316 3153 δέ
330 3092 366 3158 ω”ς
378 3093 471 3154 ὀπίσω
483 3090 597 3153 ἀπίκετο
611 3098 638 3155 ἐς
649 3094 800 3174 Αἴγυπτον,
811 3094 882 3154 κατοὶ
893 3098 950 3154 τῶν

125 3181 215 3254 ἱρέων
235 3181 291 3260 τήν
312 3182 413 3263 φάτιν,
435 3181 576 3263 στρατιὴν
600 3181 713 3256 πολλὴν
731 3179 835 3255 λαβὼν·
849 3179 954 3254 ἢλαυυς

112 3265 169 3327 ὃῑθ
182 3271 245 3346 τῆς
263 3269 405 3355 ἠπείρου,
425 3277 487 3336 πᾶν
511 3273 593 3338 ἔθνος
613 3271 649 3334 τὸ
671 3265 800 3344 ἐμποδὼν
822 3287 971 3340 κατόπτης·
