2040 3464
139 119 187 168 320
444 110 627 159 Ἧκοκοτοτ
878 108 938 174 [ιν.

139 191 256 271 σχεδίην
268 193 365 250 πᾶσαν
378 188 535 265 προθυμίην
548 189 686 263 σωτηρίης
704 213 736 247 τε
751 187 796 246 καὶ
812 193 940 264 φυλακῆς

140 277 335 356 παρεχόμενοι·
377 281 465 335 ταῦτα
492 276 522 334 δέ
550 279 699 345 ποιεῦντες,
728 276 791 350 έμοὶ
812 275 937 356 μεγάλως

140 363 311 446 χαριεῖσθε.”
347 368 464 440 Δαρεῖος
483 366 535 440 μέν
547 368 635 423 ταῦτα
651 364 730 425 εἴπας
743 363 824 425 ε’ςιπδ
840 363 938 441 πρόσω

141 455 274 534 έπείγετο.

94 545 131 605 99
180 545 238 616 Τῆς
257 541 286 601 δὲ
305 539 442 615 Σκυθικῆς
459 543 511 619 γῆς
528 539 547 615 ή
566 538 672 616 Θρηίκη
688 537 722 597 τό
742 541 770 601 ἒς
785 537 939 599 θάλασσαν

140 629 292 706 πρόκειται·
314 627 422 688 κόλπου
442 628 472 687 δέ
492 628 631 708 ἀγομένου
651 630 702 702 τῆς
720 630 774 706 γῆς
793 625 903 703 ταύτης,
921 629 939 702 ῆ

142 717 263 792 Σκυθική
278 742 309 776 τε
326 715 471 784 ἐκδέκεται,
487 716 532 772 καὶ
546 713 683 791 ὁἾστρος
697 714 801 773 ἐκδιδοῖ
812 720 840 778 ές
854 715 940 790 αύτῆν
962 777 965 780 Α

140 806 210 881 πρδς
231 805 311 881 εὖρον
330 802 432 880 ἄνεμον
451 801 484 862 τό
505 801 600 879 στόμα
618 802 816 879 τετραμμένος.
856 801 891 863 τό
911 804 941 862 δὲ

141 893 197 953 ἆπδ
211 892 334 969 Ἴστρου,
349 892 465 968 ἔρχομαι
484 890 631 967 σημανέων
646 890 680 949 τό
698 889 769 966 πρδς
788 888 941 972 θάλασσαν

142 980 227 1056 αὐτῆς
239 984 289 1055 τῆς
303 979 440 1053 Σκυθικῆς
453 978 544 1056 χώρης
558 983 586 1042 ές
597 978 743 1055 μέτρησιν·
760 978 817 1038 ἀπό
825 977 940 1057 Ἴστρου

141 1067 212 1144 αὕτη
226 1066 279 1143 ήδη
293 1066 395 1145 α’ρχαίη
409 1066 531 1141 Σκυθική
545 1071 615 1136 ἐστι,
629 1066 699 1142 πρός
711 1068 898 1144 μεσαμβρίην
910 1094 940 1127 τε

142 1156 188 1214 καὶ
201 1156 282 1216 νότον
300 1153 401 1231 ἄνεμον
419 1155 538 1231 κειμένη,
551 1155 636 1232 μέχρι
653 1153 753 1218 πόλιος
772 1155 941 1232 καλεομένης

143 1242 344 1322 Καρκινίτιδος·
364 1241 397 1301 τδ
411 1242 441 1301 δὲ
454 1241 510 1301 ἀπό
523 1241 632 1316 ταύτης,
645 1241 696 1316 τήν
708 1243 760 1318 μέν
773 1242 820 1300 έπὶ
834 1243 940 1303 θάλασ-

142 1357 198 1392 σαν
214 1331 267 1407 τῆν
283 1328 371 1405 αύτῆν
390 1333 542 1405 φέρουσαν,
557 1333 660 1389 έοῦσαν
677 1328 786 1406 ὀρεινήν
798 1355 831 1389 τε
848 1331 942 1409 χώρην

143 1421 189 1478 καὶ
206 1418 389 1497 προκειμένην
403 1417 437 1477 τό
455 1423 483 1480 ές
500 1417 620 1486 Πόντον,
634 1417 745 1492 νέμεται
758 1416 791 1477 τό
805 1419 942 1494 Ταυρικδν

142 1508 226 1577 ἔθνος,
240 1507 324 1586 μέχρι
344 1506 529 1582 Χερσονήσου
548 1509 599 1581 τῆς
617 1506 742 1582 Τρηχέης
762 1508 941 1584 καλεομένης·

143 1593 212 1671 αὕτη
228 1595 258 1654 δὲ
279 1600 306 1657 ἐς
326 1593 478 1656 θάλασσαν,
498 1592 549 1669 τῆν
568 1593 639 1668 πρός
658 1593 821 1670 ἀπηλιώτην
841 1593 942 1672 ἄνεμοι·

144 1684 265 1759 κατήκει.
307 1683 367 1741 ἔστι
382 1681 438 1761 γοῖρ
455 1686 505 1756 τῆς
524 1680 711 1757 Σκυθικῆςτδ
726 1680 775 1740 δύο
788 1683 876 1760 μέρεα
889 1688 943 1743 τών

143 1763 231 1839 σύρων
252 1770 280 1826 ές
301 1763 452 1823 θάλασσαν
473 1763 603 1839 φέροντα,
620 1762 671 1837 τήν
690 1787 722 1821 τε
742 1763 813 1840 πρός
832 1790 942 1841 μεσαμ-

143 1853 229 1928 βρίην
250 1852 295 1910 καὶ
315 1851 367 1927 τῆν
386 1851 457 1929 πρδς
476 1850 528 1926 τῆν
547 1849 597 1958 ῆῶ,
612 1849 734 1928 κατόπερ
748 1855 798 1926 τῆς
813 1849 942 1929 Ἀττικῆς

143 1940 244 2018 χώρης
259 1966 304 1997 και
295 1939 502 2016 παραπλήσια
511 1939 598 2018 ταύτῃ
610 1939 655 1997 καὶ
666 1964 692 1997 οι
682 1941 845 2016 ’Ταύροι’
814 1965 943 2017 νεμονται

143 2031 193 2101 τῆς
207 2027 386 2102 Σκυθικῆς,
367 2053 401 2090 ως
415 2031 439 2086 εί
450 2031 501 2103 τῆς
513 2025 641 2102 Ἀττικῆς
654 2024 728 2086 ἄλλο
742 2029 821 2092 έθνος
838 2030 887 2088 καὶ
903 2030 943 2107 μῆ

142 2113 291 2226 Ἀθηναῖοι
296 2117 424 2192 νεμοίατο
434 2115 484 2175 τόν
493 2114 593 2197 γουνδν
602 2114 651 2174 τόν
661 2115 822 2187 Σουνιακόν,
830 2121 943 2193 μᾶλλον

145 2207 173 2265 ές
188 2201 237 2262 τόν
253 2202 356 2263 πόντον
368 2203 419 2278 τήν
434 2202 520 2280 ἄκρην
533 2202 676 2281 ἀνέχοντα,
689 2202 739 2262 τόν
752 2202 809 2263 ώπο
801 2203 943 2283 Θορικοῦ

144 2292 228 2370 μέχρι
245 2291 447 2367 Ἀναφλύστου
464 2290 562 2367 δήμου·
583 2291 708 2371 λέγωδὲ,
724 2290 759 2354 ώς
773 2291 945 2353 εἶναιτοῦτο

146 2380 252 2457 σμικροὶ
269 2379 422 2459 μεγάλοισι
440 2379 624 2455 συμβαλέειν·
644 2382 770 2439 τοιοῦτον
785 2380 804 2455 ῆ
821 2382 944 2459 Ταυρική

146 2472 216 2526 έστι·
232 2466 262 2529 δς
272 2467 301 2525 δὲ
311 2472 361 2542 τῆς
373 2466 501 2542 Ἀττικῆς
513 2470 601 2527 ταῦτα
613 2467 653 2543 μῆ
666 2469 883 2544 παραπέπλωκε,
893 2472 945 2552 ἐγώ

146 2555 176 2614 δὲ
194 2555 287 2618 ἄλλως
305 2553 432 2631 δηλώσω·
454 2554 490 2618 ώς
506 2559 529 2614 εί
541 2559 591 2631 τῆς
606 2555 748 2638 Ἰηπυγίης
765 2555 843 2617 ἄλλο
859 2560 945 2630 ἔθνος,

147 2643 192 2700 καὶ
209 2641 250 2719 μῆ
267 2642 401 2724 Ἰήπυγες,
419 2641 568 2719 ἀρξόμενοι
588 2646 619 2704 έκ
639 2645 807 2720 Βρεντεσίου
822 2648 946 2724 λιμένος,

147 2728 338 2807 α’ποταμοίατο
346 2731 430 2810 μέχρι
437 2730 585 2807 Τάραντος,
594 2730 640 2790 καὶ
650 2733 780 2808 νεμοίατο
787 2733 840 2810 τῆν
849 2734 947 2814 ἄκρην.

148 2817 196 2878 δύο
217 2819 247 2878 δέ
266 2819 356 2900 λέγων
375 2822 471 2889 ταῦτα,
488 2819 585 2878 πολλὰ
604 2821 678 2900 λέγω
697 2820 850 2898 παρόμοια,
870 2829 948 2884 τοῖσι

102 2908 158 2968 100
169 2906 286 2966 ἄλλοισι
299 2909 369 2966 έοικε
382 2907 400 2983 ῆ
414 2907 545 2984 Ταυρική.
578 2907 617 2967 Τδ
632 2908 655 2966 δ’
668 2908 724 2969 όπδ
737 2914 787 2986 τῆς
800 2916 948 2990 Ταυρικῆς,

147 2993 201 3070 ήδη
222 2995 327 3059 Σκύθαι
346 2996 379 3055 τδ
397 2994 550 3072 κατύπερθε
565 2999 620 3055 τών
636 2997 749 3075 Ταύρων
767 2998 815 3058 καὶ
827 2999 866 3060 τδ
878 3002 948 3079 προς

144 3081 299 3162 θαλάσσης
310 3088 360 3162 τῆς
373 3083 452 3162 ηὀίης
465 3085 602 3160 νέμονται,
616 3090 666 3145 τοῦ
679 3111 711 3145 τε
728 3086 882 3166 Βοσπόρου
899 3094 949 3150 τοῦ

75 3240 78 3245 ,
131 3176 303 3255 Κιμμερίου
327 3175 365 3238 τοὶ
388 3174 461 3255 πρὸς
488 3175 609 3252 ἑσπέρης
632 3173 680 3233 καλ
701 3178 754 3248 τῆς
774 3176 877 3250 λίμνης
900 3181 949 3252 τῆς

119 3265 306 3344 Μαιήτιδος,
330 3269 427 3352 μέχρι
445 3263 591 3328 Τανόίδος
614 3265 745 3337 ποταμοῖο
766 3257 803 3318 δς
819 3261 926 3316 ἐκὶΐοκῖκ
940 3267 971 3320 ἐς
