2040 3464
98 108 240 174 Ill-11³]
444 111 555 158 ΚΛΕῙΩ,
866 109 896 157 57

95 188 199 270 πάγου·
223 190 269 248 καὶ
289 189 411 266 πρόκατε
435 188 468 264 δή
489 188 548 247 κατ’
568 188 632 248 ὀδόν
655 186 830 262 πυνθάνομαι
848 185 898 245 τόν

94 277 188 337 πάντα
209 278 297 358 λόγον
319 276 496 354 θεράποντος,
520 277 551 338 ὃς
578 278 626 351 ἐμὲ
652 276 824 352 προπέμπων
847 273 898 343 ἐξω

93 364 195 443 πόλιος
213 366 364 443 ἐνεχείρισε
381 365 414 424 τό
432 365 550 442 βρέφος·
573 364 608 426 ὥς
626 362 680 439 ἄρα
699 361 849 436 Μανδάνης
865 387 897 421 τε

95 453 138 528 εἴη
148 457 214 516 παῖς
226 458 275 529 τῆς
287 452 449 533 Ἀστυάγεω
460 451 604 533 θυγατρός,
616 453 662 509 καὶ
673 450 837 526 Καμβύσεω
847 454 896 510 τοῦ

94 540 201 618 Κύρου·
228 542 277 599 καί
296 566 345 618 μιν
364 539 522 620 Ἀστυάγης
543 541 703 598 ἐντέλλεται
726 537 894 597 ἀποκτεῖναι·

93 632 143 687 νῦν
156 653 188 687 τε
201 627 247 687 όδε
261 627 347 687 ἐστί.”
376 627 455 704 Ἅμα
468 628 498 685 δὲ
511 632 599 685 ταῦτα
612 627 691 706 ἔλεγε
704 625 719 685 ὁ
735 626 875 701 βουκόλος
885 628 940 686 111

93 717 141 774 καὶ
162 715 320 792 ἐκκαλύψας
338 715 504 774 ἀπεδείκνυε·
525 714 544 790 η’
563 715 592 773 δὲ
611 713 645 776 ὥς
664 714 717 772 εἶδε
734 713 767 773 τό
785 714 895 773 παιδίον

91 804 168 884 μέγα
186 830 217 864 τε
239 805 285 862 καὶ
305 803 403 866 εὐειδὲς
424 803 477 873 ε’ἀν,
494 802 660 879 δακρύσασα
680 803 726 860 καὶ
746 803 894 879 λαβομένη

92 896 149 951 τῶν
163 891 303 972 γουνάτων
319 895 369 950 τοῦ
387 891 492 968 ἀνδρὸς,
508 892 605 969 ἔχρῃζε
620 890 742 968 μηδεμιῇ
754 891 838 969 ’τέχνῃ
852 895 893 948 ἐκ·

93 980 186 1039 θεῖναί
199 1005 257 1057 μιν·
278 979 294 1039 ὁ
312 980 341 1038 δὲ
360 978 410 1038 ούκ
429 981 483 1055 ἔφη
500 979 557 1040 οἷός
574 1003 605 1037 τε
624 979 692 1037 εἶναι
710 977 803 1040 άλλως
823 976 892 1037 αύτά

93 1068 206 1127 ποιέειν·
227 1066 421 1144 ἐπιφοιτήσειν
432 1067 488 1147 γάρ
502 1065 695 1128 κατασκόπους
708 1067 738 1135 ἐξ
749 1065 893 1146 Ἃρπάγου

93 1157 293 1232 ἐποψομένους·
313 1155 489 1214 ἀπολέεσθαί
506 1180 537 1213 τε
557 1153 676 1214 κάκιστα
695 1152 729 1229 ἢν
752 1153 793 1231 μή
815 1161 894 1229 σφεα

93 1243 210 1323 ποιήσῃ·
232 1243 267 1306 ιύς
287 1244 316 1302 δέ
337 1242 386 1302 ούκ
409 1244 499 1302 ἔπειθε
519 1241 573 1318 ἀρα
592 1241 642 1301 τόν
664 1241 758 1318 ἀνδρα,
780 1240 892 1317 δεύτερα

92 1331 171 1411 λέγει
180 1331 199 1407 ἡ
208 1331 278 1412 γυνή
289 1330 364 1389 τάδε·
379 1332 459 1388 “ἐπεὶ
468 1331 560 1388 τοίνυν
573 1328 604 1387 ού
615 1328 734 1404 δύναμαί
745 1355 778 1388 σε
789 1329 893 1387 πείθειν
911 1402 913 1406 ¹

91 1417 133 1494 μή
145 1420 271 1489 ἐκθεῖναι,
283 1417 319 1478 σύ
331 1419 360 1476 δὲ
374 1416 424 1476 ὧδε
435 1419 563 1492 ποίησον,
573 1421 597 1475 εἰ
607 1416 641 1491 δή
652 1415 732 1475 πᾶσά
742 1443 775 1496 γε
785 1414 891 1496 ἀνάγκη

92 1506 216 1582 ὀφθῆναι
233 1507 396 1582 ἐκκείμενον·
417 1507 517 1565 τέτοκα
534 1504 588 1584 γὰρ
608 1505 653 1562 καὶ
673 1503 734 1584 ἐγώ,
748 1504 846 1562 τέτοκα
862 1504 891 1562 δὲ

91 1594 210 1658 τεθνεός·
226 1599 309 1654 τοῦτο
322 1596 374 1669 μὲν
384 1594 476 1670 φέρων
488 1592 597 1670 πρόθες,
607 1590 656 1652 τόν
669 1592 698 1649 δὲ
711 1596 761 1666 τῆς
773 1590 891 1650 Ἀστυά-

91 1707 146 1762 γεω
164 1682 300 1764 θυγατρός
316 1682 402 1740 παῖδα
422 1680 457 1743 ἀς
478 1681 509 1750 ἐξ
527 1679 619 1756 ήμέων
637 1678 717 1739 ἐόντα
736 1680 890 1756 τρέφωμεν·

92 1771 139 1828 καὶ
156 1771 227 1830 οὕτω
247 1771 310 1830 οὔτε
330 1769 366 1829 σύ
385 1768 510 1828 ἀλόσεαι
528 1768 641 1827 ἀδικέων
660 1767 724 1830 τούς
744 1767 890 1837 δεσπότας,

92 1855 155 1917 ούτε
167 1858 235 1935 ήμῖν
248 1861 337 1920 κακῶς
352 1858 565 1934 βεβουλευμένα
579 1858 667 1915 ἔσται·
688 1855 704 1914 ὅ
719 1881 750 1915 τε
762 1855 818 1936 γάρ
830 1858 891 1916 τεθ-

45 2016 51 2027 Ι
92 1946 158 2010 νεάς
176 1947 332 2022 βασιληίης
351 1949 444 2020 ταφῆς
464 1943 587 2022 κυρήσει,
605 1945 650 2002 καὶ
671 1943 686 2002 ὁ
707 1944 822 2020 περιεάν
840 1944 890 2004 οίκ

91 2033 207 2093 ἀπολέει
219 2035 271 2111 τήν
284 2033 402 2112 ψυχήν.”
436 2032 535 2109 Κάρτα
551 2057 581 2091 τε
599 2032 674 2100 ἔδοξε
688 2035 726 2109 τῷ
738 2032 869 2111 βουκόλῳ
880 2034 935 2094 113

90 2121 161 2199 πρός
172 2124 208 2182 τά
219 2122 359 2200 παρεόντα
373 2119 402 2180 εὖ
413 2122 505 2201 λέγειν
514 2119 532 2195 ἦ
541 2120 619 2200 γυνή,
631 2121 676 2177 καὶ
689 2119 787 2178 αὐτίκα
800 2121 889 2179 ἐποίεε

89 2213 187 2270 ταῦτα.
228 2210 277 2270 τόν
291 2212 343 2286 μὲν
357 2211 438 2286 ἔφερε
452 2207 617 2268 θανατιύσων
629 2207 716 2266 παῖδα
727 2213 826 2267 τοῦτον
838 2211 890 2284 μὲν

89 2299 238 2376 παραδιδοῖ
255 2302 291 2376 τῇ
312 2301 411 2356 ἑωυτοῦ
431 2297 548 2377 γυναικὶ,
568 2295 618 2354 τόν
638 2295 668 2354 δὲ
688 2299 788 2354 ἑωυτοῦ
809 2295 889 2355 ε’όντα

89 2386 186 2463 νεκρόν
206 2387 305 2463 λαβών
326 2386 405 2460 ἔθηκε
426 2390 454 2446 ἐς
473 2383 506 2443 τό
526 2382 613 2464 ἀγγος
633 2388 662 2441 ἐν
680 2387 719 2461 τῷ
737 2385 819 2460 ἔφερε
838 2384 887 2444 τόν

89 2476 192 2551 ἕτερον·
213 2473 362 2550 κοσμήσας
382 2473 411 2531 δὲ
433 2476 471 2550 τῷ
495 2470 592 2549 κόσμῳ
615 2471 698 2530 παντὶ
720 2475 769 2529 τοῦ
793 2473 887 2548 ἐτέρου

89 2562 194 2634 παιδός,
213 2563 304 2638 φέρων
325 2567 352 2623 ἐς
369 2561 402 2619 τό
424 2558 594 2636 ἐρημότατον
611 2562 666 2617 τῶν
687 2557 787 2634 ούρέων
806 2556 886 2618 τιθεῖ.

89 2650 124 2713 ὦς
143 2650 173 2709 δὲ
189 2651 268 2726 τρίτη
280 2649 370 2727 ήμέρη
386 2652 424 2726 τῷ
439 2647 538 2725 παιδίῳ
557 2646 699 2724 ἐκκειμένῳ
715 2647 830 2726 ἐγένετο,
843 2645 887 2722 ήϊε

88 2743 116 2801 ἐς
132 2737 217 2797 πόλιν
233 2737 249 2796 ό
267 2737 408 2814 βουκόλος
423 2739 478 2794 τῶν
495 2761 557 2794 τινα
574 2733 745 2811 προβόσκων
759 2733 887 2809 φύλακον

88 2825 174 2886 αὐτοῦ
194 2824 362 2895 καταλιπόν,
382 2822 471 2884 ἐλθαδν
491 2824 521 2881 δὲ
540 2828 568 2885 ἐς
587 2827 636 2881 τοῦ
655 2821 799 2902 Ἀρπάγου
818 2821 886 2882 ἀπο-

88 2913 224 2974 δεικνύναι
245 2914 298 2988 ἐφη
317 2917 426 2989 ἑτοῖμος
445 2911 514 2973 εἶναι
533 2915 583 2970 τοῦ
600 2910 711 2968 παιδίου
730 2910 780 2969 τόν
797 2911 886 2970 νέκυν·

87 3004 202 3080 πέμψας
218 3001 248 3059 δὲ
264 3001 280 3060 ό
294 3000 439 3080 Ἅρπαγος
455 3004 510 3059 τῶν
527 3003 627 3058 ἑωυτοῦ
645 2996 806 3075 δορυφόρων
821 2998 886 3061 τούς

87 3088 282 3159 πιστοτάτους,
296 3088 352 3146 εἶδέ
365 3113 397 3147 τε
412 3087 458 3147 διαὶ
472 3086 576 3146 τούτων
592 3087 638 3144 καὶ
655 3087 740 3163 ἔθαψε
753 3090 804 3144 τοῦ
817 3087 885 3162 βου·

86 3177 174 3236 κόλου
199 3176 233 3236 τό
258 3176 378 3237 παιδίον·
407 3177 454 3237 καὶ
479 3175 514 3238 τό
539 3177 590 3256 μὶν
618 3175 767 3237 ἐτέθαπτο·
794 3174 845 3232 τῖιν
867 3174 910 3230 λλ

76 3263 196 3383 ὕστερον
213 3263 322 3326 τούτων
345 3271 445 3348 Κῦρον
466 3267 680 3349 ὀνομασθέντα
698 3263 936 3338 παραλαβαὶσα
