2040 3464
98 107 204 170 17—22]
475 110 587 159 mm.
881 113 897 157 υ

95 185 228 265 πρότερον
248 192 274 247 οἱ
292 189 432 264 Μιλήσιαι
449 195 526 250 τοῖσι
544 191 641 250 Χίοισι
658 190 708 251 τόν
726 190 796 266 πρός
815 188 895 266 Ἐρυ-

95 275 206 350 θραίους
226 276 355 354 πόλεμον
377 277 576 353 συνδιήνεικαν.
617 282 662 357 Τῷ
684 280 713 338 δὲ
737 276 894 358 δυωδεκάτῳ
905 278 942 337 19

94 362 148 420 ἔτεϊ
166 364 248 440 ληΐου
271 365 478 442 ἐμπιπραμένου
501 365 556 424 όπό
575 370 626 441 τῆς
646 370 787 442 στρατιῆς,
810 391 894 444 σννη-

93 449 190 528 νείχθη
198 477 227 511 τι
237 449 344 511 τοιόνδε
355 451 486 532 γενέσθαι
497 456 623 531 πρῆγμα·
638 451 673 514 ώς
683 451 761 527 ἅφθη
770 450 893 530 τάχιστα

93 534 126 597 τό
148 537 231 613 λήϊον
254 538 344 618 ἀνέμῳ
369 538 517 615 βιώμενον,
541 539 632 617 ἅψατο
655 544 722 615 νηοῦ
744 538 893 615 Ἀθηναίης

93 625 243 700 ἐπίκλησιν
254 625 422 702 Ἀσσησίης·
457 625 556 700 ἁφθεὶς
572 627 601 685 δὲ
617 626 633 685 ό
647 626 712 703 νηός
729 625 892 703 κατεκαύθη·

93 712 140 772 καὶ
158 713 192 772 τό
210 716 365 791 παραυτίκα
385 716 436 789 μὲν
455 715 542 794 λόγος
562 714 649 776 οὐδεὶς
670 714 788 794 ἐγένετο·
820 711 893 789 μεπά

93 799 131 869 δὲ,
149 805 199 876 τῆς
219 807 351 878 στρατιῆς
371 801 538 877 ἀπικομένης
559 807 585 864 ἐς
606 801 715 873 Σάρδις,
734 800 854 877 ἐνόσησε
875 799 892 861 ό

93 885 256 964 Ἀλυάττης·
275 891 447 967 μακροτέρης
463 888 495 948 δέ
510 893 537 948 οἷ
552 891 701 970 γενομένης
712 893 763 964 τῆς
779 889 890 959 νούσου,

93 975 195 1052 πέμπει
212 982 239 1039 ἐς
255 976 387 1053 Δελφούς
401 975 580 1053 θεοπρόπους,
596 979 650 1036 εἴτε
666 976 699 1052 δή
714 976 891 1054 συμβουλεύ-

93 1063 196 1127 σαντός
210 1090 258 1123 τευ
275 1064 329 1122 εἴτε
346 1064 393 1123 καὶ
409 1063 482 1142 αὐτῷ
500 1065 575 1134 ἔδοξε
592 1067 741 1143 πέμψαντα
758 1064 807 1124 τόν
826 1064 890 1124 θεόν

93 1150 251 1228 ἐπείρεσθαι
263 1152 327 1228 περὶ
338 1156 388 1227 τῆς
397 1151 509 1210 νούσου·
526 1157 602 1211 τοῖσι
616 1152 645 1210 δὲ
657 1152 675 1227 ή
690 1152 784 1228 Πυθίη
794 1150 890 1211 ἀπικο-

93 1238 202 1308 μένοισι
212 1245 239 1303 ἐς
252 1239 384 1315 Δελφούς
397 1238 446 1297 ούκ
460 1240 514 1315 ἐφη
525 1239 649 1317 χρήσειν,
661 1240 726 1317 πρὶν
736 1237 754 1315 ή
764 1238 813 1299 τόν
823 1239 890 1315 νηόν

93 1329 141 1400 τῆς
152 1325 300 1404 Ἀθηναίης
310 1325 501 1404 ἀνορθώσωσι,
511 1326 561 1387 τόν
570 1328 724 1404 ἐνέπρησαν
736 1326 828 1405 χώρης
840 1332 890 1403 τῆς

93 1415 237 1490 Μιλησίης
261 1420 290 1475 ἐν
311 1414 458 1492 Ἀσσησῷ.
500 1417 623 1489 Δελφῶν
648 1414 710 1472 οἶδα
737 1412 790 1493 ἐγώ
817 1413 888 1472 οὕτω
897 1415 937 1475 20

93 1498 214 1564 ἀκούσας
232 1503 373 1583 γενέσθαι.
415 1499 556 1576 Μιλήσιοι
577 1500 690 1559 δὲτάδε
710 1501 889 1576 προστιθεῖσι

93 1587 225 1648 τούτοισι·
248 1590 420 1666 Περίανδρον
438 1588 489 1648 τόν
510 1590 652 1666 Κυψέλου,
675 1587 755 1648 ἐόντα
779 1596 888 1664 Θρασυ·

92 1675 188 1756 βούλυρ
202 1680 241 1756 τῷ
257 1677 322 1737 τότε
342 1675 473 1752 Μιλήτου
491 1674 681 1753 τυραννεύοντι
702 1677 790 1745 ξεῖνον
808 1682 836 1742 ἐς
852 1676 888 1736 τά

92 1761 225 1836 μάλιστα,
237 1763 394 1842 πυθόμενον
410 1763 444 1823 τό
460 1763 632 1843 χρηστήριον
643 1763 676 1823 τό
693 1769 731 1842 τῷ
746 1763 888 1844 Ἀλυάττῃ

90 1849 238 1929 γενόμενον
256 1853 406 1930 πέμψαντα
424 1850 546 1932 ἄγγελον
563 1855 709 1922 κατειπεῖν,
727 1850 795 1914 ὅκως
811 1850 845 1911 άν
859 1877 887 1911 τι

90 1938 223 2014 προειδώς
244 1939 315 2018 πρός
339 1938 373 2000 τό
398 1939 503 2016 παρεόν
525 1938 705 2015 βουλεύηται.
747 1938 887 2015 Μιλήσιοι

90 2027 141 2101 μέν
156 2053 205 2087 νυν
223 2027 293 2087 οὕτω
312 2028 429 2109 λέγουσι
446 2027 586 2108 γενέσθαι.
628 2025 781 2103 Ἃλυάττης
799 2029 837 2098 δὲ,
852 2026 932 2090 ώς21

90 2117 116 2173 οἶ
129 2119 217 2175 ταῦτα
230 2116 393 2198 ἐξαγγέλθη,
407 2114 505 2174 αὐτίκα
519 2116 623 2190 ἐπεμπε
636 2115 740 2192 κήρυκα
753 2121 780 2178 ἐς
793 2116 886 2192 Μίλη-

89 2226 146 2272 τον,
162 2202 337 2280 βουλόμενος
354 2201 479 2265 σπονθοῖς
496 2201 673 2277 ποιήσασθαι
691 2203 887 2282 Θρασυβούλῳ

89 2315 120 2348 τε
130 2292 176 2349 καὶ
188 2290 361 2367 Μιλησίοισι
370 2288 472 2369 χρόνον
485 2289 553 2349 ὅσον
564 2286 598 2349 ἂν
606 2289 656 2349 τόν
665 2289 731 2365 νηόν
742 2291 883 2368 οἰκοδομῇ·

90 2376 106 2435 ό
113 2380 164 2453 μὲν
172 2377 206 2455 δή
215 2375 375 2442 ἀπόστολος
385 2384 411 2441 ἐς
418 2377 470 2454 τήν
478 2378 608 2453 Μίλητον
615 2375 667 2452 ήῖε·
682 2378 886 2455 Θρασύβουλος

89 2464 119 2523 δὲ
132 2467 246 2542 σαφέως
258 2466 489 2544 προπεπυσμένος
501 2464 593 2524 πάντα
605 2463 693 2545 λόγον
706 2467 752 2524 καὶ
763 2465 838 2528 εἰδώς
851 2465 886 2524 τοὶ

89 2550 243 2630 Ἀλυάττης
257 2555 361 2630 μέλλοι
375 2550 511 2628 ποιήσειν,
525 2556 683 2630 μηχανᾶται
696 2553 796 2611 τοιάδε·
818 2553 887 2616 ὅσος

44 2685 47 2690 -
88 2642 123 2715 ἦν
137 2646 166 2701 ἐν
177 2646 215 2720 τῷ
228 2641 308 2701 ἀστεϊ
321 2645 400 2703 σῖτος
414 2641 459 2699 καὶ
473 2643 572 2699 ἑωυτοῦ
584 2641 629 2698 καὶ
643 2639 773 2702 ῖδιωτικός
786 2645 886 2700 τοῦτον

89 2726 180 2787 πάντα
189 2730 365 2810 συγκομίσας
374 2734 400 2791 ἐς
408 2728 459 2803 τήν
465 2725 577 2808 ἀγορήν,
583 2733 698 2804 προεῖπε
704 2728 886 2802 Μιλησίοισι,

88 2815 172 2876 ἐπεάν
185 2815 268 2880 οὗτός
278 2815 398 2896 σημήνῃ,
409 2815 474 2875 τότε
486 2815 574 2874 πίνειν
583 2841 614 2873 τε
627 2814 732 2877 πάντας
746 2816 791 2872 καὶ
805 2812 886 2894 κώμῳ

87 2904 222 2983 χρέεσθαι
235 2909 262 2967 ἐς
274 2904 426 2979 ἀλλήλους.
467 2906 560 2962 Ταῦτα
573 2902 603 2960 δὲ
616 2902 706 2960 ἐποίεέ
717 2926 748 2959 τε
761 2903 806 2959 καὶ
818 2927 885 2976 προ-
895 2904 932 2961 22

87 2991 204 3072 αγάρευε
224 2991 429 3068 Θρασύβουλος
447 2989 531 3050 τῶνδε
552 2989 659 3058 εἵνεκεν,
677 2988 746 3050 ὅκως
762 2986 796 3048 ἂν
816 2988 849 3064 δή
869 2989 884 3048 ό

88 3077 204 3155 κήρυξό
222 3077 372 3155 Σαρδιηνός
385 3076 448 3137 ἰδών
459 3101 491 3135 τε
506 3075 599 3152 σωρόν
613 3077 701 3156 μέγαν
714 3075 795 3134 σίτου
810 3102 890 3152 κεχυ-

83 3167 171 3242 μένον
192 3167 239 3224 καὶ
260 3165 326 3230 πούς
352 3165 518 3246 ἀνθρώπους
546 3170 577 3226 ἐν
605 3163 782 3241 εὐπαθείῃσι
803 3161 921 3227 {hm

76 3251 198 3372 ἆγγὲήφη
220 3253 375 3337 Ἀλυάττῃ·
400 3257 442 3320 τὰ
461 3256 501 3337 δή
525 3257 578 3319 καὶ
599 3256 727 3340 ἐγένετο·
758 3249 799 3313 ὥς
819 3247 883 3328 ἠας
898 3242 947 3311 ΜΚ
