2040 3464
109 110 250 170 ιιι-ιω]
458 109 574 158 mmo.
882 110 914 156 οι

110 188 195 248 παῖδα
209 189 398 264 ἐστρατεύετο,
414 190 513 268 ἔχοντά
526 217 557 250 τε
569 194 619 249 τοῦ
632 188 738 266 πατρός
750 191 801 249 τοῦ
815 191 915 247 ἐωυτοῦ

109 275 231 352 τοῦνομα
237 276 410 351 Λαβυνήτου
419 279 465 335 καὶ
472 277 524 352 τήν
532 277 690 354 Ἀσσυρίων
700 275 799 354 άρχήν.
818 274 915 356 (στρα·

108 361 217 422 τεύεται
236 363 266 421 δὲ
282 362 315 436 δή
332 365 471 439 βασιλεύς
487 365 502 424 6
518 366 607 446 μέγας
625 365 671 422 καὶ
687 365 805 424 σιτίοισι
821 362 850 421 εὖ
869 367 915 421 ἐσ-

110 451 309 526 κευασμένοισι
331 452 363 520 ἐξ
382 452 459 510 οἴκου
480 454 526 510 καὶ
546 451 728 529 προβάτοισι·
751 452 797 509 καὶ
816 449 850 526 δή
870 451 916 508 καὶ

109 537 187 613 ὕδωρ
203 536 258 596 άπὸ
279 540 329 597 τοῦ
351 537 493 598 Χοάσπεω
513 543 643 616 ποταμοῦ
664 538 722 615 ἅμα
746 538 843 618 ἄγεται
865 542 917 596 τοῦ

110 625 188 702 παρά
204 627 302 689 Σοῦσα
316 627 435 702 ῥέοντος,
448 631 499 686 τοῦ
514 627 618 704 μούνου
633 628 707 685 πίνει
719 626 858 702 βασιλεύς
871 626 917 684 καὶ

110 711 204 772 ἄλλου
231 712 341 776 ούδενδς
363 719 502 790 ποταμοῦΙ
525 713 625 773 τούτου
649 715 679 772 δέ
701 719 751 773 τοῦ
774 712 916 771 Χοάσπεω

110 804 162 860 τοῦ
174 799 273 863 ύδατος
286 800 467 878 ἀπεψημένου
479 803 587 861 πολλοὶ
606 801 693 879 κάρτα
706 800 810 877 ἅμαξαι
821 799 917 876 τετρά·

112 892 211 946 κυκλυι
236 887 375 963 ἡμιόνειαι
402 890 567 965 κομίζουσαι
587 895 616 949 ἐν
638 889 778 970 άγγείοισι
804 887 917 968 άργυρέ-

111 1000 179 1046 οισι,
195 977 308 1036 ἕπονται
322 975 378 1052 ὅπη
392 975 426 1036 ἂν
436 977 570 1056 ἐλαύνησι
585 977 739 1054 ἑκάστοτε.)
773 975 855 1034 Ἐπεί
865 1002 896 1036 τε
907 977 962 1036 189

112 1062 143 1120 δέ
156 1062 172 1122 6
186 1069 279 1141 Κῦρος
295 1063 482 1141 πορευόμενος
500 1067 546 1124 ε’πὶ
561 1066 614 1140 τήν
630 1066 792 1139 Βαβυλῶνα
811 1064 915 1144 ἐγίνετο

113 1151 159 1208 ἐπὶ
176 1150 265 1229 Γύνδῃ
281 1156 407 1230 ποταμῷ,
425 1157 475 1212 τοῦ
493 1156 522 1211 αἱ
538 1156 589 1229 μὲν
602 1153 690 1232 πηγαὶ
704 1158 733 1211 ἐν
745 1155 918 1225 Ματιηνοῖσι

113 1236 217 1315 ούρεσι,
236 1240 293 1316 ῥέει
312 1239 341 1298 δὲ
360 1238 405 1298 διά
423 1240 596 1316 Δαρδανέων,
615 1240 718 1299 ἐκδιδοῖ
733 1240 762 1297 δέ
780 1244 807 1300 ἐς
824 1239 917 1315 ἕτερον

112 1326 241 1402 ποταμόν
258 1328 363 1407 Τίγριν·
384 1327 401 1386 6
415 1328 444 1386 δὲ
457 1327 534 1405 παρά
544 1327 632 1386 Ὦπιν
644 1327 728 1386 πόλιν
747 1327 815 1402 ῥέων
826 1331 853 1387 ἐς
865 1325 918 1400 τήν

112 1411 251 1490 Ἐρυθρήν
268 1414 420 1475 θάλασσαν
438 1415 548 1474 ἐκδιδοῖ·
571 1420 670 1474 τοῦτον
689 1413 722 1488 δή
740 1413 790 1472 τόν
810 1412 916 1487 Γύνδην

112 1502 241 1577 ποταμόν
251 1501 286 1564 οἷς
296 1502 450 1577 διαβαίνειν
461 1507 588 1579 ἐπειρᾶτο
598 1503 613 1561 6
622 1507 722 1579 Κύρος,
734 1501 814 1561 ἐόντα
823 1525 917 1575 νηυσι·

112 1589 242 1664 πέρητον,
256 1589 374 1650 ἐνθαῦτά
390 1593 417 1649 οἱ
431 1595 486 1649 τῶν
504 1616 546 1652 τις
564 1594 627 1665 ἱρῶν
642 1590 732 1648 ἵππων
744 1593 798 1648 τῶν
807 1592 914 1647 λευκῶν

112 1674 168 1735 ύπὸ
188 1675 288 1754 ὕβριος
305 1677 395 1752 ἐσβάς
412 1682 439 1740 ἐς
454 1676 504 1738 τόν
519 1677 654 1754 ποταμόν,
672 1677 826 1752 διαβαίνειν
842 1681 913 1734 ἐπει-

112 1768 193 1839 ροῖτο·
209 1763 224 1823 6
239 1764 270 1822 δέ
278 1791 327 1840 μιν
337 1764 493 1842 συμψήσας
505 1764 681 1843 ὑποβρύχιον
691 1762 803 1842 οἰχώκεε
814 1763 915 1840 φέρων.

113 1849 203 1927 κάρτα
218 1877 249 1910 τε
270 1851 303 1927 δή
322 1854 489 1930 ἐχαλέπαινε
505 1857 543 1930 τῷ
559 1856 676 1930 ποταμῷ
692 1851 708 1910 6
727 1857 819 1928 Κῦρος
834 1855 917 1910 τοῦτο

112 1937 271 2014 ὑβρίσαντι,
292 1941 339 1998 καὶ
358 1943 384 1999 οἱ
402 1941 577 2015 ἐπηπείλησε
593 1940 663 1999 οὕτω
680 1939 714 2014 δή
730 1965 779 2016 μιν
796 1938 916 1999 ἀσθενέα

112 2026 251 2100 ποιήσειν,
267 2026 339 2086 ὥστε
348 2031 398 2086 τοῦ
408 2031 511 2086 λοιποῦ
522 2028 567 2085 καὶ
579 2026 711 2108 γυναῖκάς
723 2052 771 2103 μιν
785 2026 917 2089 εύπετέως

111 2111 146 2172 τά
164 2113 232 2194 γόνυ
255 2114 287 2174 ού
308 2114 472 2192 βρεχούσας
493 2114 693 2190 διαβήσεσθαι·
721 2113 791 2190 μετά
812 2115 842 2174 δὲ
861 2113 914 2189 τήν

112 2199 240 2276 ἀπειλήν,
250 2202 342 2278 μετεὶς
351 2201 402 2278 τήν
412 2203 458 2261 ἐπὶ
468 2204 627 2277 Βαβυλῶνα
637 2201 806 2279 στράτευσιν
816 2201 916 2278 διαίρεε

112 2287 165 2363 τήν
178 2289 313 2366 στρατιήν
327 2290 400 2369 δίχα,
415 2290 513 2349 διελῶν
526 2291 564 2360 δὲ,
575 2290 711 2349 κατέτεινε
724 2289 916 2366 σχοινοτενέας

111 2375 248 2446 ὑποδέξας
268 2377 403 2456 διοίρυχας
423 2377 582 2458 ὀγδώκοντα
603 2378 648 2436 καὶ
670 2376 766 2436 ἑκατόν
787 2376 852 2454 παρ’
875 2381 916 2435 ἐκ·

112 2462 212 2541 άτερον
230 2464 263 2524 τά
284 2470 380 2544 χεῖλος
402 2467 592 2543 τετραμμένας
615 2470 666 2524 τοῦ
692 2465 799 2524 Γύνδεω
825 2464 917 2523 πάντα

607 2551 808 2576 ὶὶΙ,

112 2552 226 2628 τρόπον·
248 2553 378 2623 διατάξας
394 2554 424 2612 δέ
438 2553 489 2613 τόν
509 2580 632 2631 στρατον
649 2578 782 2630 ορυσσειν
796 2553 915 2610 εκέλευε·

113 2639 159 2698 οἷα
182 2640 213 2699 δὲ
239 2639 342 2717 ὁμίλου
364 2645 476 2700 πολλοῦ
504 2642 687 2722 ἐργαζομένου
709 2639 790 2715 ἤνετο
811 2642 863 2715 μὲν
882 2637 916 2698 τά

112 2727 201 2807 ἔργον,
216 2727 289 2805 ὅμως
302 2729 398 2806 μέντοι
414 2730 467 2803 τήν
484 2730 592 2806 θερείην
609 2733 706 2787 πᾶσαν
726 2726 812 2785 αὐτοῦ
829 2724 916 2804 ταύτῃ

114 2815 256 2893 διέτριψαν
270 2815 454 2896 ἐργαζόμενοι.

152 2902 202 2966 Ὡς
225 2904 254 2962 δὲ
274 2905 324 2963 τόν
344 2903 450 2980 Γύνδην
471 2902 598 2978 ποταμὸν
619 2901 731 2960 ἐτίσατο
753 2905 847 2976 Κῦρος
867 2902 962 2963 ἐς190

111 2993 274 3066 τριηκοσίας
287 2993 333 3050 καὶ
347 2989 481 3068 ἐξήκοντά
493 3016 541 3070 μιν
555 2989 695 3069 διώρυχας
704 2986 872 3064 διαλαβδινι
883 2987 935 3041 K&

104 3077 139 3133 τά
150 3077 279 3155 δεύτερον
293 3069 342 3158 ἔαρ
360 3081 530 3162 ὑπέλαμπε,
545 3081 621 3144 ούτω
638 3079 676 3157 δὴ
698 3077 814 3154 ἤλαυνε
832 3072 886 3129 ἐτέι
901 3065 972 3135 ἐἶιν-

89 3164 267 3235 Βαβυδῶνα·
308 3173 336 3230 οἱ
372 3172 406 3234 δὲ
433 3173 645 3254 ΙΒαβυλώνιοι
678 3154 990 3246 ἐκστρατεῦῦῖῑθῃωζ

76 3243 181 3309 ‘'2‘0‘01‘
201 3253 306 3319 αὐτόν·
335 3265 406 3327 ἐπεὶ
431 3265 469 3328 δέ
490 3267 624 3351 ἐγένετο
650 3257 794 3325 ἐλαύνων
820 3243 926 3328 αὯΨῗ)
953 3247 1019 3295 “¹¹⁸‘'
