2040 3464
82 108 221 171 ιιι-ιιι]
427 109 539 157 mm.
848 104 877 157 τι

80 189 183 257 οἴκασι,
209 185 362 266 πρήγματα
389 188 557 266 παρέχοντες
584 187 630 245 καὶ
657 183 736 246 αὑτοὶ
763 183 881 259 ἔχοντες.

80 275 225 352 φροντίζω,
243 274 283 350 μή
300 273 418 351 ἄριστον
436 273 455 351 ᾗ
474 274 766 351 ἐξανδραποδίσασθαί
781 276 883 344 σφεας.

79 363 181 440 ὁμοίως
198 362 253 443 γάρ
271 388 321 438 μοι
340 367 388 423 νῦν
400 389 434 443 γε
454 364 590 440 φαίνομαι
607 364 794 438 πεποιηκέναι,
810 358 845 422 ἀς
858 358 885 418 εί

78 476 120 513 τις
137 451 246 526 πατέρα
263 449 428 513 ἀποκτείνας
445 455 500 510 τῶν
516 451 620 510 παίδων
634 449 720 509 αὑτοῦ
740 451 882 525 φείσαιτο·

79 537 116 600 ιδς
128 538 158 596 δέ
172 539 218 596 καὶ
231 537 285 617 ἐγιὺ
295 537 392 597 Λυδῶν
401 538 450 598 τόν
459 540 511 614 μέν
519 539 642 596 πλέοντι
654 536 672 612 ἢ
687 538 794 615 πατέρα
802 537 883 597 ἐόντα

79 627 115 683 σέ
133 624 233 701 λαβιὺν
247 623 314 704 ἅγω,
328 624 440 684 αὑτοῖσι
459 625 488 683 δὲ
504 625 624 684 Λυδοῖσι
636 625 687 700 τήν
700 625 786 684 πόλιν
799 626 882 701 παρέ·

79 713 163 771 δωκα·
185 713 231 770 καὶ
249 714 343 771 ἔπειτα
361 713 477 789 θωμάζω
495 714 520 771 εἴ
537 738 586 789 μοι
604 712 748 772 ἀπεστᾶσι
758 712 782 781 ;”
802 712 883 789 ὑμέν

80 799 115 874 δή
130 799 166 858 τά
183 826 235 876 περ
252 800 311 859 νόεε
329 803 417 880 ἔλεγε·
439 801 455 859 ὁ
472 799 494 859 δ’
514 800 651 876 ἀμείβετο
667 802 771 869 τοῖσδε,
789 799 883 862 δείσας

80 887 121 964 μή
136 885 309 950 ἀναστάτους
325 888 433 966 ποιήσῃ
446 888 495 950 τοῖς
510 886 618 964 Σάρδις·
640 887 687 946 “ὧ
701 888 884 964 βασιλεῦ,τά

81 978 133 1051 μὲν
147 975 242 1061 οἰκότα
258 977 374 1052 εἴρηκας·
397 976 433 1034 σὺ
447 976 543 1053 μέντοι
556 976 596 1052 μή
610 974 702 1035 πάντα
713 977 789 1055 θυμῷ
799 977 880 1053 χρέω,

80 1063 151 1139 μηδὲ
168 1062 253 1122 πόλιν
269 1063 388 1141 ἀρχαίην
408 1063 600 1140 ἐξαναστήσῃς
614 1063 808 1140 ἀναμάρτητον
822 1068 880 1123 ἐοὺ·

80 1176 136 1209 σαν
149 1151 195 1209 καὶ
208 1155 263 1210 τῶν
277 1151 413 1227 πρότερον
424 1152 470 1209 καὶ
483 1155 537 1210 τῶν
551 1155 599 1210 νῦν
613 1149 763 1210 ἑστεώτων·
783 1150 819 1209 τά
829 1154 881 1228 μὲν

79 1237 135 1320 γάρ
155 1238 291 1314 πρότερον
308 1238 361 1319 ἐγώ
381 1264 412 1296 τε
431 1239 544 1314 ἔπρηξα,
562 1240 607 1296 καὶ
625 1238 678 1318 ἐγοῖ
697 1243 758 1316 ἐμῇ.
771 1242 883 1316 κεφαλῇ

80 1326 223 1403 ἀναμάξας
242 1327 327 1403 φέρω·
352 1327 387 1384 τοὶ
405 1327 433 1384 δὲ
453 1331 502 1385 νῦν
518 1326 664 1402 παρεόντα,
682 1325 813 1400 Πακτύης
828 1325 883 1406 γάρ

81 1420 143 1473 ἐστι
160 1414 175 1472 ὁ
193 1414 306 1473 ἀδικέων
320 1418 358 1492 τῷ
374 1413 410 1473 σὺ
429 1414 581 1490 ἐπέτρεψας
595 1411 704 1489 Σάρδις,
719 1410 798 1474 οὗτος
812 1413 883 1471 δότω

79 1528 124 1561 τοι
137 1502 224 1577 δίκην.
253 1503 373 1562 Λυδοῖσι
386 1502 415 1560 δὲ
429 1500 598 1581 συγγνώμην
612 1503 680 1578 ἔχων
693 1499 758 1558 τάδε
773 1499 884 1559 αὑτοῖσι

81 1591 218 1660 ἐπίταξον,
238 1590 273 1651 ὥς
292 1589 364 1666 μήτε
384 1589 547 1648 ἀποστέωσι
562 1588 633 1664 μήτε
647 1588 733 1647 δεινοί
749 1613 793 1646 τοι
807 1590 882 1648 ἔωσι·

81 1676 181 1736 άπειπε
200 1679 253 1754 μέν
273 1684 329 1753 σφι
348 1678 462 1754 πέμψας
482 1675 559 1735 ὅπλα
579 1675 663 1751 ἀρήϊα
679 1674 719 1752 μή
739 1676 883 1751 ἐκτῆσθαι·

82 1767 177 1824 κέλευε
194 1766 225 1824 δέ
242 1772 335 1841 σφεας
352 1764 469 1827 κιθῶνάς
487 1790 518 1823 τε
538 1763 681 1823 ὑποδύνειν
694 1767 771 1823 τοῖσι
788 1765 885 1841 εἵμασι

81 1855 128 1911 καὶ
141 1853 289 1930 κοθόρνους
300 1853 478 1912 ὑποδέεσθαι·
492 1850 609 1928 πρόειπε
623 1851 645 1910 δ’
655 1850 765 1910 αὑτοῖσι
779 1853 883 1930 κιθαρί-

81 1942 137 2010 ζειν
154 1968 185 2000 τε
206 1943 251 1999 καὶ
272 1942 394 2018 ψάλλειν
411 1941 457 1998 καὶ
478 1938 644 2013 καπηλεύειν
663 1939 802 1998 παιδεύειν
817 1956 882 2002 τους

80 2030 191 2091 παῖδας·
212 2030 258 2087 καὶ
271 2029 376 2106 ταχέως
390 2028 489 2103 σφέας,
505 2026 525 2085 ὦ
538 2029 672 2103 βασιλεῦ,
685 2024 817 2108 γυναῖκας
826 2026 884 2087 ἀντ’

81 2116 186 2194 ἀνδρῶν
199 2115 281 2193 ὄψεαι
300 2115 458 2197 γεγονότας,
474 2115 545 2174 ὥστε
560 2113 638 2173 οὐδὲν
651 2114 737 2174 δεινοί
747 2141 791 2174 τοι
805 2117 882 2175 ἐσον-

80 2231 127 2262 ται
138 2205 178 2281 μή
192 2203 379 2264 ἀποστέωσι.”
408 2207 533 2281 Κροῖσος
545 2205 596 2278 μέν
609 2201 643 2276 δή
657 2202 745 2261 ταῦτά
759 2206 785 2260 οἱ
798 2202 930 2263 fine-156

80 2293 180 2362 τίθετο,
195 2292 361 2369 αἱρετώτερα
374 2296 462 2351 ταῦτα
476 2291 609 2367 εὑρίσκων
622 2290 741 2349 Λυδοῖσι
754 2288 771 2365 ἢ
785 2289 883 2368 ἀνδρα·

80 2381 264 2442 ποδισθέντας
284 2381 425 2456 πρηθῆναι
449 2380 550 2454 σφέας·
579 2376 763 2453 ἐπιστάμενος
784 2377 827 2437 ὅτι
849 2377 884 2454 ἢν

79 2467 120 2543 μή
134 2467 284 2546 ἀξιόχρεων
300 2467 447 2543 πρόφασιν
459 2467 599 2544 προτείνῃ,
613 2465 662 2524 οὑκ
676 2465 821 2524 ἀναπείσει
833 2492 882 2542 μιν

81 2557 376 2632 μεταβουλεύσασθαι,
391 2554 533 2632 ἀρρωδέων
546 2544 576 2612 δέ
588 2552 627 2629 μή
638 2555 683 2611 καὶ
694 2553 811 2629 ὑστερόν
821 2579 884 2614 κοτε

72 2646 109 2701 ιοὶ
131 2645 226 2714 Λυδοὶ,
248 2642 282 2719 ἢν
302 2643 335 2702 τδ
356 2642 461 2718 παρεόν
483 2640 687 2717 ὑπεκδράμωσι,
711 2638 885 2703 ἀποστάντες

81 2729 138 2790 α’πὺ
156 2736 210 2790 τῶν
229 2732 363 2807 Περσέων
383 2730 551 2788 ἀπόλωνται.
587 2733 681 2804 Κῦρος
694 2728 723 2785 δέ
736 2728 834 2802 ήσθεῖς
848 2733 885 2806 τῇ

81 2817 216 2898 ὑποθήκῃ,
239 2821 285 2877 καὶ
306 2819 383 2880 ὑπεὶς
406 2823 456 2892 τῆς
478 2816 571 2897 ὀργῆς,
596 2818 651 2891 ἐφη
676 2815 703 2873 οῖ
723 2816 881 2874 πείθεσθαι.

81 2908 206 2969 καλέσας
224 2907 254 2965 δέ
272 2906 408 2982 Μαζάρεα
425 2904 511 2981 ἀνδρα
526 2904 634 2978 Μῆδον,
647 2902 735 2961 ταῦτά
749 2905 775 2961 οἱ
789 2904 884 2962 ἐνετεί-

81 2999 153 3054 λατο
174 2998 318 3071 προειπεῖν
339 2993 458 3051 Λυδοῖσι
479 2991 514 3051 τά
537 2991 552 3050 ὁ
575 2995 700 3066 Κροῖσος
727 2989 883 3048 ὑπετίθετο·

83 3083 130 3141 καὶ
142 3083 220 3160 πρὸς,
235 3080 525 3157 ἐξανδραποδίσασθαι
537 3078 602 3140 τοὺς
622 3077 728 3139 ἅλλους
740 3076 845 3139 πάντας
861 3080 888 3138 οἳ

83 3169 156 3246 μετοὶ
178 3170 276 3228 Λυδῶν
298 3169 344 3228 ἐπὶ
371 3167 473 3247 Σάρδις
496 3165 739 3246 ἐστρατεύσαντο,
758 3164 845 3222 αὑτδυ
869 3165 913 3220 δε

77 3257 212 3334 Πακτύην
226 3257 338 3323 πάντως
352 3259 447 3333 ζῶντα
460 3256 586 3343 ἀγαγεῖν
599 3254 666 3320 παιῖ
686 3251 811 3313 ἱωυτδυ.
