2040 3464
112 114 220 178 ιιι-ιο]
463 117 595 165 οιιαιι.
863 121 912 168 ιω

109 192 177 266 μίαν
199 193 307 252 ἰδέσθαι
326 194 381 254 τάιν
402 196 618 276 συγκατημένων
637 200 782 273 γυναικῶν·
803 197 866 256 ε’πεί
881 222 913 258 τε

108 278 164 357 γάρ
189 280 313 358 τάχιστα
345 280 426 345 οὗτος
458 281 611 360 ὥνθρωπος,
640 283 719 346 ὅστις
748 285 813 344 κοτέ
839 290 910 357 ἐστι,

108 367 256 443 παρέλαβε
279 367 330 443 την
352 371 517 444 βασιληίην,
542 371 681 448 διέσπειρε
705 371 793 447 ἡμέας
816 371 910 448 ἀλλην

108 452 185 533 ἀλλῃ
195 455 305 524 τάξας.”
334 455 479 517 Ἀκούοντι
492 458 619 517 δὲταῦτα
631 463 669 536 τῷ
682 458 787 539 Ὀτάνῃ
796 464 909 536 μᾶλλον
920 463 957 523 69

107 543 290 618 κατεφαίνετο
305 543 339 603 τά
353 536 479 624 πρῆγμα·
500 547 596 621 τρίτην
610 546 639 605 δὲ
656 545 790 626 ἀγγελίην
804 550 908 624 ε’σπέμ-

107 653 154 687 πει
167 629 231 707 παρ’
246 629 333 706 αὐτὴν
346 632 489 712 λέγουσαν
500 638 597 692 ταῦτα·
615 633 664 691 “ὦ
678 633 806 714 θύγατερ,
820 635 863 694 δεῖ
874 662 909 696 σε

98 719 254 799 ,γεγονι-ἳαν
269 717 299 777 εὖ
314 718 438 780 κίνδυνον
454 719 653 795 ἀναλαβέσθαι
668 721 718 781 τὸν
735 721 769 781 ἂν
785 721 801 780 ἀ
816 722 891 799 τατὴ

69 844 73 850 -
105 803 235 867 ἀποδύειν
248 806 357 887 κελεύῃ·
374 812 399 867 εἰ
411 808 466 888 γάρ
477 809 510 884 δη
521 809 562 885 μή
574 816 635 870 ἔστι
646 809 662 869 ἀ
674 808 768 887 Κύρου
782 811 908 888 Σμέρδις,

105 892 185 953 ἀλλά
202 893 253 954 τάν
269 897 425 955 καταδοκέω
444 896 505 977 ε’γά,
521 895 598 957 οὗτοι
614 923 664 974 μιν
682 898 733 957 σοι’
747 924 778 957 τε
796 925 908 979 συγκοι-

105 979 232 1056 μάμενον
242 983 288 1041 καὶ
300 982 334 1043 τά
348 985 483 1061 Περσέων
493 984 593 1061 κράτος
606 987 706 1064 ἔχοντα
720 986 762 1045 δεῖ
773 989 908 1064 χαίροντα

105 1068 315 1141 ἀπαλλάσσειν,
336 1071 414 1131 ἀλλά
435 1072 528 1133 δοῦναι
549 1074 635 1149 δίκην·
659 1078 708 1134 νῦν
728 1073 765 1133 ὦν
784 1077 905 1150 ποίησον

104 1157 179 1217 τάδε·
201 1158 284 1218 ε’πεάν
300 1185 349 1219 σοι
364 1160 481 1238 συνεύδῃ
496 1162 541 1219 καὶ
557 1161 649 1239 μάθῃς
665 1161 749 1221 αὐτὸν
766 1188 904 1222 κατυπνω-

104 1246 196 1320 μένον,
211 1246 347 1322 ἀφασσον
361 1247 445 1307 αὐτοῦ
459 1248 494 1307 τά
511 1248 577 1307 ὦτα·
599 1248 644 1307 καὶ
660 1247 694 1324 ἢν
706 1251 758 1324 μὲν
771 1251 904 1324 φαίνηται

105 1334 175 1412 ἔχων
192 1334 256 1406 ὦτα,
272 1335 365 1412 νόμιζε
383 1335 507 1412 σεωυτὴν
524 1337 628 1413 Σμέρδι
645 1341 683 1415 τῷ
700 1336 795 1413 Κύρου
813 1363 904 1396 συνοι-

105 1422 185 1481 κέειν·
212 1423 247 1499 ἢν
271 1424 300 1483 δὲ
323 1425 364 1500 μὴ
389 1425 467 1502 έχων,
492 1424 529 1483 σι)
554 1425 583 1483 δὲ
609 1430 647 1503 τῷ
670 1425 750 1503 μάγῳ
775 1424 904 1501 Σμέρδι.”

104 1507 269 1587 ἀντιπέμπει
285 1511 356 1589 πράς
373 1517 461 1571 ταῦτα
476 1512 495 1587 ἦ
509 1512 630 1589 Φαιδύμη
645 1513 757 1588 φαμένη
771 1511 903 1572 κινδυνεύ-

49 1645 55 1653 s
104 1623 165 1657 σειν
177 1599 314 1679 μεγάλως,
327 1597 360 1675 ἢν
373 1603 441 1678 ποιῇ
451 1604 548 1659 ταῦτα·
562 1597 596 1675 ἢν
608 1598 665 1680 γάρ
679 1598 713 1674 δή
726 1586 767 1675 μυ)
780 1600 904 1680 τυγχάνῃ

102 1684 138 1743 τά
159 1685 215 1747 ὦτα
236 1689 312 1766 έχων,
329 1688 504 1763 ἐπίλαμπτος
521 1687 551 1746 δὲ
571 1686 749 1763 ἀφάσσουσα
767 1689 854 1758 ἔσται,
874 1693 903 1756 εὖ

103 1774 202 1833 εἰδέναι
213 1775 248 1838 ὥς
258 1775 393 1835 ἀϊστώσει
402 1801 460 1851 μιν·
478 1775 551 1852 ὅμως
561 1777 657 1851 μέντοι
666 1774 796 1851 ποιήσειν
805 1779 901 1836 ταῦτα.

105 1861 121 1936 ἦ
132 1865 184 1938 μὲν
198 1862 231 1938 δὴ
244 1862 395 1933 ἀπεδέξατο
410 1868 499 1923 ταῦτα
514 1869 552 1941 τῷ
564 1865 650 1941 πατρὶ
667 1864 901 1942 κατεργάσεσθαι.

101 1949 164 2027 (τοῦ
177 1951 208 2009 δὲ
220 1951 323 2031 Μάγου
336 1951 435 2011 τούτου
451 1955 501 2010 τοῦ
520 1952 654 2028 Σμέρδιος
672 1956 766 2028 Κῦρος
784 1950 801 2012 ἀ
821 1957 901 2029 Καμ-

101 2036 200 2112 βύσεω
216 2038 309 2118 ἅρχων
328 2040 364 2099 τὰ
382 2039 439 2098 ὦτα
457 2038 578 2116 ἀπέτεμε
595 2039 636 2098 ἐπ’
651 2040 725 2118 αἰτίῃ
743 2038 777 2114 δή
797 2065 851 2099 τινι
869 2039 901 2099 ού

100 2127 230 2205 σμικρῇ.)
270 2126 290 2203 ἦ
314 2127 352 2189 ὧν
375 2126 409 2202 δὴ
429 2127 550 2204 Φαιδίμη
574 2128 651 2204 αὕτη,
672 2128 691 2203 ἦ
711 2132 761 2187 τοῦ
780 2127 902 2187 Ὀτάνεω

100 2212 234 2294 θυγάτηρ,
247 2215 338 2275 πάντα
352 2215 534 2275 ἐπιτελέουσα
546 2215 581 2276 τά
595 2215 747 2284 ὑπεδέξατο
760 2220 798 2293 τῷ
808 2217 901 2294 πατρὶ,

101 2303 164 2361 ε’πεί
180 2328 211 2362 τε
231 2302 316 2379 αὐτῆς
335 2303 419 2380 μέρος
439 2303 544 2385 ε’γίνετο
563 2306 614 2378 τῆς
632 2303 741 2372 ἀπίξιος
758 2303 835 2380 παρά
852 2303 902 2363 τάν

100 2388 211 2470 Μάγον,
225 2391 267 2471 (ἐν
282 2394 437 2469 περιτροπῇ
450 2391 505 2470 γάρ
519 2390 553 2466 δὴ
570 2394 599 2450 αἱ
614 2395 741 2470 γυναῖκες
755 2391 901 2464 φοιτέουσι

99 2481 176 2537 τοῖσι
182 2479 340 2558 Πέρσῃσι)
350 2480 476 2538 ἐλθοῦσα
485 2478 550 2555 παρ’
559 2476 645 2538 αάτάν
652 2475 728 2553 ηὗδε·
741 2478 901 2554 ὑπνωμένου

99 2566 130 2624 δὲ
148 2571 284 2642 καρτερῶς
300 2571 351 2626 τοῦ
369 2564 481 2646 Μάγου,
494 2564 614 2641 ἤφασσε
629 2566 665 2625 τά
681 2565 747 2624 ὦτα·
767 2567 901 2642 μαθοῦσα

99 2653 130 2712 δὲ
143 2653 175 2713 οὐ
191 2659 322 2733 χαλεπῶς
337 2654 403 2713 ἀλλ’
418 2653 550 2716 εὐπετέως
567 2653 616 2712 οὐκ
634 2655 734 2731 ἔχοντα
746 2656 796 2712 τάν
814 2652 900 2730 ἀνδρα

99 2739 163 2810 ὦτα,
178 2742 214 2805 οἷς
228 2741 319 2818 ἡμέρη
331 2740 456 2820 τάχιστα
472 2741 606 2822 ἐγεγόνεε,
621 2743 761 2819 πέμψασα
778 2740 901 2818 ἐσήμῃνε

98 2832 137 2908 τῷ
150 2830 235 2905 πατρὶ
248 2830 284 2888 τά
297 2829 442 2910 γενόμενα.

137 2915 172 2975 ‘0
194 2918 224 2976 δὲ
243 2917 363 2993 Ὀτάνης
382 2916 560 2994 παραλαβάν
579 2914 755 2993 Ἀσπαθίνην
775 2918 822 2976 καὶ
841 2917 946 2978 Pto-70

96 3003 197 3081 βρύην,
208 3005 343 3082 Περσέων
356 3031 388 3064 τε
400 3003 525 3082 πρώτους
539 3004 635 3068 ἐόντας
648 3005 694 3063 καὶ
708 3008 796 3083 ἑωυτῷ
808 3011 898 3080 ε’πιτη·

98 3091 249 3156 δεωτάτους
262 3097 290 3156 ἐς
302 3093 408 3162 πίστιν,
422 3092 591 3172 ἀπηγήσατο
607 3098 664 3153 πᾶν
675 3093 709 3152 τδ
725 3098 851 3173 πρῆγμα·
872 3093 905 3151 οἱ

98 3179 129 3238 δὲ
145 3181 192 3238 καὶ
207 3179 287 3240 αὐτοὶ
303 3179 359 3260 ἀρα
375 3179 537 3243 ὖπόπτευου
559 3179 634 3243 οἶιτω
649 3185 739 3242 τοῗιτο
753 3181 850 3256 ἱἐγιειυ,
864 3177 950 3270 δυε-Κ

88 3265 232 3332 νεύιαντος
244 3267 276 3329 δέ
291 3274 346 3332 τοῦ
359 3269 494 3335 Ὀτάνεω
506 3271 579 3338 τοὺς
596 3271 714 3354 λύγους
728 3267 880 3334 ἐδέξωω
905 3275 958 3312 *⁰⁵⁸
