2040 3464
79 115 187 178 65-88]
415 113 550 162 θΑΔΕΙΑ.
831 109 880 156 246

80 197 114 271 τῇ
142 191 228 274 ἵππῳ]
254 193 431 273 ἐγχρίμπτων
456 197 491 270 τῇ
520 192 616 270 θηλέῃ,
639 191 723 254 τέλος
744 190 774 249 δὲ
796 191 882 264 ἐπῆκε

79 279 197 358 ὀχεῦσαι
210 280 260 341 τόν
274 281 370 339 ἵππον.
399 279 467 356 Ἆρ’
481 280 571 358 ἡμέρῃ
586 280 615 339 δὲ
629 276 840 355 διαφωσκούσῃ,
854 277 928 336 οί86

80 368 117 437 ἐξ,
132 368 203 427 κατά
217 368 415 443 συνεθήκαντο,
424 373 557 444 παρῆσαν
568 369 614 427 ἐπὶ
626 370 682 426 τῶν
693 366 792 425 ἵππων·
813 364 881 434 διεξ·

80 456 250 516 ελαυνόντων
271 457 300 514 δὲ
321 455 392 516 κατά
411 456 445 516 τό
461 456 640 533 προάστειον,
655 454 691 518 ὦς
709 453 780 512 κατὰ
798 456 882 513 τοῦτο

79 543 112 603 τό
126 545 228 623 χωρίον
241 544 366 624 ἐγίνοντο
380 545 426 604 ἵνα
433 547 484 619 τῆς
497 543 703 622 παροιχομένης
712 540 809 604 νυκτός
819 566 882 600 κατ-

81 632 188 691 εδέδετο
208 632 227 706 ηι
249 631 339 707 θήλεα
360 631 453 701 ἵππος,
475 632 595 690 ἐνθαῦτα
615 630 632 689 ό
655 630 775 706 Δαρείου
798 629 883 692 ἵππος

79 719 269 797 προσδραμών
296 721 468 798 ἐχρεμέτισε·
500 719 560 795 ἅμα
587 719 617 778 δὲ
640 721 678 795 τῷ
704 718 779 796 ἵππῳ
799 721 883 776 τοῦτο

79 808 240 883 ποιήσαντι,
254 807 387 884 ἀστραπή
407 808 438 876 ἐξ
457 809 565 884 αἰθρίης
581 807 627 866 καὶ
642 805 749 884 βροντή
765 806 882 886 ἐγένετο.

80 896 263 977 ἐπιγενόμενα
282 897 312 955 δὲ
330 901 419 956 ταῦτα
435 900 473 974 τῷ
491 895 599 973 Δαρείῳ
618 895 752 954 ἐτελέωσε
766 919 814 968 μιν
828 892 883 952 ὤσ-

81 1010 134 1059 περ
149 990 179 1043 ἐκ
193 984 327 1044 συνθέτου
335 1010 381 1043 τευ
390 983 533 1064 γενόμενα,
545 987 571 1042 οἱ
581 984 611 1042 δὲ
622 981 819 1057 καταθορόντες
828 979 884 1040 α’πὸ

81 1077 136 1131 τῶν
151 1073 241 1131 ἵππων
254 1071 442 1148 προσεκύνεον
455 1071 517 1153 [τόν
530 1076 650 1146 Δαρεῖον
663 1069 699 1133 (εἰς
711 1068 861 1150 βασιλέα].

125 1164 162 1219 Οἱ
187 1163 239 1236 μὲν
266 1159 300 1235 δή
327 1167 402 1236 φασι
422 1159 472 1219 τόν
498 1159 627 1236 Οἰβάρεα
647 1162 736 1217 ταῦτα
758 1155 930 1234 μηχανή-87

82 1249 200 1318 σασθαι,
215 1251 241 1306 οἱ
255 1248 284 1306 δὲ
296 1248 397 1315 τοιάδε,
412 1247 471 1327 (καὶ
484 1246 538 1327 γάρ
554 1247 595 1305 ἐπ’
610 1245 759 1322 α’μφότερα
771 1245 884 1325 λέγεται

82 1335 137 1395 ύπό
152 1336 306 1416 Περσέων)
321 1335 357 1398 ὥς
369 1340 419 1410 τῆς
433 1335 520 1394 ἵππου
532 1334 633 1410 ταύτης
646 1338 700 1394 τῶν
711 1332 819 1409 ἄρθρων
827 1337 884 1391 ἐπι·

84 1424 195 1502 ψαύσας
213 1427 249 1503 τῇ
267 1425 347 1503 χειρὶ,
363 1425 423 1501 ἐχοι
439 1423 525 1498 αύτήν
544 1422 650 1502 κρύψας
664 1426 693 1480 ἐν
705 1425 773 1498 τῇσι
787 1419 884 1489 άναξυ·

82 1513 152 1588 ρίσι·
175 1511 211 1575 οἷς
228 1513 257 1570 δὲ
275 1511 334 1588 ἅμα
350 1516 388 1589 τῷ
407 1511 479 1590 ἡλίῳ
499 1510 604 1570 άνιόντι
620 1510 755 1569 ἀπίεσθαι
769 1510 885 1584 μέλλειν

83 1600 148 1663 τούς
175 1601 283 1670 ἵππους,
309 1600 360 1659 τόν
387 1599 517 1675 Οἰβάρεα
543 1603 642 1658 τοῦτον
669 1597 810 1673 ἐξείραντα
834 1595 886 1671 τήν

84 1692 173 1767 χεῖρα,
187 1689 257 1766 πρός
270 1692 319 1747 τοῦ
334 1689 455 1764 Δαρείου
467 1688 553 1746 ἵππου
567 1686 632 1748 τούς
644 1689 786 1762 μυκτῆρας
796 1710 886 1761 προσ·

85 1781 194 1836 ενεῖκαι·
215 1776 264 1836 τόν
280 1776 309 1835 δὲ
323 1775 492 1852 αἰσθόμενον
509 1774 709 1853 φριμάξασθαί
719 1799 750 1832 τε
763 1773 809 1831 καὶ
821 1798 885 1850 χρε·

83 1865 207 1938 μετίσαι.

127 1952 244 2028 Δαρεῖός
253 1978 284 2011 τε
297 1951 331 2027 δή
345 1951 361 2012 ό
374 1950 551 2015 Ὑστάσπεος
561 1950 700 2028 βασιλεύς
710 1948 883 2008 ἀπεδέδεκτο·
896 1949 933 2008 88

86 2041 134 2099 καί
146 2044 171 2099 οἱ
183 2040 258 2115 ἦσαν
273 2046 301 2100 ἐν
314 2044 349 2118 τῇ
362 2039 447 2119 Ἀσίη
457 2039 558 2102 πάντες
570 2038 701 2114 κατήκοοι
714 2038 791 2113 πλήν
803 2037 886 2114 Ἀρα-

85 2128 164 2204 βίων,
180 2128 275 2206 Κύρου
290 2154 321 2188 τε
341 2128 606 2206 καταστρεψαμένου
621 2129 666 2186 καὶ
679 2126 797 2203 ὕστερον
810 2125 887 2187 αὖτις

87 2216 262 2292 Καμβύσεω·
293 2215 425 2292 Ἀράβιοι
447 2216 476 2274 δὲ
504 2216 613 2292 οὐδαμά
640 2214 817 2289 κατήκουσαν
842 2214 888 2271 ἐπὶ

87 2303 245 2382 δουλοσύνῃ
262 2305 402 2382 Πέρσῃσι,
417 2303 495 2361 α’λλά
514 2304 598 2373 ξεῖνοι
618 2304 743 2382 ἐγένοντο
756 2301 888 2377 παρέντες

88 2391 251 2468 Καμβύσεα
272 2391 314 2451 ἐπ’
335 2393 486 2472 Αἴγυπτον·
508 2390 655 2471 (αέκόντων
669 2390 724 2470 γάρ
742 2388 884 2464 Ἀραβίων

88 2480 137 2538 ούκ
151 2479 185 2539 ἂν
199 2479 372 2556 ἐσβάλλοιεν
393 2480 505 2555 Πέρσαι
520 2484 547 2541 ἐς
560 2477 725 2557 Αἴγυπτον)
739 2477 845 2556 γάμους
858 2501 889 2534 τε

86 2567 151 2631 τούς
164 2568 289 2645 πρώτους
302 2567 403 2648 ἐγάμεε
413 2568 547 2645 Πέρσησι
560 2565 576 2625 ό
591 2569 717 2642 Δαρεῖος,
730 2563 826 2640 Κύρου
838 2565 889 2639 μὲν

88 2656 138 2714 δύο
159 2657 319 2736 θυγατέρας,
335 2654 486 2714 ’Ἄτοσσάν
502 2680 532 2713 τε
549 2656 595 2711 καὶ
613 2651 817 2728 Ἀρτυστώνην·
837 2651 889 2726 τήν

87 2746 139 2820 μὲν
155 2743 305 2803 Ἀτοσσαν
331 2742 600 2819 προσυνοικήσασαν
625 2739 773 2817 Καμβύση
794 2765 825 2798 τε
851 2742 890 2816 τῷ

89 2833 217 2909 ἀδελφεῷ
237 2833 283 2890 καὶ
300 2831 377 2893 αὖτις
392 2834 431 2908 τῷ
451 2830 552 2910 Μάγῳ·
573 2829 625 2904 τὴν
641 2828 671 2886 δὲ
687 2826 890 2905 Ἀρτυστώνην,

89 2920 235 2996 παρθένον·
258 2920 352 2996 ἑτέρην
366 2919 403 2986 δὲ,
419 2919 553 2994 Σμέρδιος
566 2922 617 2976 τοῦ
633 2916 728 2993 Κίρου
743 2915 889 2995 θυγατέρα,
924 2946 928 2957 ·

89 3010 183 3088 ἔγημε,
201 3010 237 3085 τῇ
258 3005 364 3082 οὔνομα
382 3005 417 3080 ἧν
434 3004 561 3082 Πάρμυς·
583 3006 651 3082 ἔσχε
668 3004 697 3061 δὲ
716 3003 762 3061 καὶ
775 3002 827 3077 τήν
839 3005 890 3060 τοῦ

87 3094 209 3155 Ὀτάνεω
227 3095 366 3175 θυγατέρα
378 3093 398 3169 ἢ
411 3093 461 3153 τόν
475 3092 577 3173 Μάγον
594 3091 751 3165 κατάδηλον
766 3089 892 3163 ἐποίησε.

89 3181 220 3258 δυνάμιός
239 3206 271 3242 τε
287 3181 380 3242 πάντα
399 3184 426 3242 οἱ
447 3180 618 3242 ἐπιπλέατο.
651 3182 766 3256 πρῶτον
791 3176 842 3249 μὲν
863 3192 916 3227 W

81 3269 172 3330 τύπον
191 3271 389 3351 ποιησάμενος
406 3273 525 3336 λίθινον
540 3273 663 3348 ἐστησε·
687 3267 764 3345 Ϊιῧξῡν
774 3261 815 3318 δὲ
827 3258 942 3316 0²?sz
