2040 3464
134 108 183 155 ιιι
438 109 622 157 Ἦνοιουου
865 106 935 170 [111.

134 184 249 265 δεύτερα
272 189 310 258 δὲ,
330 188 434 248 τούτων
453 193 507 247 τῶν
527 187 543 246 ό
563 186 722 266 μούναρχος
736 187 825 246 ποιέει
845 186 937 248 οὐδέν·

135 275 217 354 πάλῳ
238 278 290 351 μὲν
313 275 401 352 ἀρχάς
424 275 511 353 ἄρχει,
526 274 687 334 ιι’πεύθυνον
707 274 738 333 δὲ
758 272 851 352 ἀρχὴν
869 275 938 352 ἔχει,

134 362 316 438 βουλεύματα
329 364 358 420 δὲ
372 363 464 422 πάντα
482 368 509 425 ές
521 363 555 422 τό
575 361 668 421 κοινόν
681 361 824 437 ἀναφέρει.
864 363 938 422 τίθε-

134 475 187 525 μαι
213 449 250 510 ῶν
278 451 399 529 γνώμην,
426 452 557 527 μετέντας
587 449 676 525 ἡμέας
704 450 878 528 μουναρχίην
903 451 938 511 τό

135 539 245 613 πλῆθος
266 538 364 608 ἀέξειν·
392 544 422 598 ἐν
442 538 497 618 γὰρ
517 541 556 616 τῷ
576 542 677 616 πολλῷ
700 539 740 596 ἔνι
759 538 795 596 τά
818 537 939 598 πάντα.”

87 628 125 686 81
135 624 254 701 Ὀτάνης
266 630 317 703 μὲν
333 625 366 700 δὴ
384 626 488 701 ταύτην
501 625 555 701 τὴν
574 625 688 705 γνώμην
707 626 835 702 ἐσέφερε.
878 632 938 686 Με·

135 713 260 795 γάβυζος
285 714 316 773 δὲ
341 713 493 793 ὀλιγαρχίη
519 714 630 772 ε’κέλευε
650 712 819 790 ἐπιτράπειν,
845 716 939 794 λέγων

136 802 212 860 τάδε·
238 803 298 862 “vd
317 804 369 877 μὲν
388 801 507 877 Ὀτάνης
527 801 587 860 εἶπε
606 801 753 879 τυραννίδα
772 800 876 870 παύων,
891 807 938 862 λε·

135 891 230 968 λέχθω
257 889 341 965 κάμοὶ
366 893 463 948 ταῦτα·
497 889 534 948 τοὶ
556 888 580 949 δ’
601 894 628 952 ἐς
650 889 683 948 τό
709 889 821 963 πλῆθος
847 889 938 971 ἄνωγε

137 979 233 1054 φέρειν
254 978 287 1036 τὸ
315 977 423 1054 κράτος,
443 976 555 1057 γνώμης
573 982 624 1053 τῆς
645 977 762 1053 ἀρίστης
782 976 935 1054 ἡμάρτηκε.

135 1064 237 1141 ὁμίλου
251 1065 306 1146 γάρ
327 1065 445 1144 ἀχρηίου
466 1064 545 1124 οὐδέν
565 1071 627 1124 ἐστι
647 1064 857 1142 ἀξυνετώτερον,
873 1065 937 1125 οὐδὲ

134 1153 347 1230 ὖβριστότερον·
389 1155 438 1211 καί
454 1179 498 1213 τοι
517 1153 651 1229 τυράννου
673 1151 758 1229 ὕβριν
781 1152 938 1233 φεύγοντας

136 1241 236 1318 ἄνδρας
262 1248 289 1305 ἐς
315 1240 404 1317 δήμου
430 1240 593 1300 ἀκολάστου
623 1241 707 1318 ὕβριν
733 1242 847 1300 πεσέειν
873 1244 938 1302 ἐστὶ

136 1329 261 1406 οὐδαμῶς
281 1328 447 1408 ἀνασχετόν·
471 1329 487 1389 ὁ
508 1332 559 1405 μὲν
574 1329 633 1437 γάρ
654 1330 680 1387 εἴ
698 1355 726 1389 τι
745 1330 841 1398 ποιέει,
855 1331 937 1442 γινώ-

135 1444 210 1477 σκων
229 1420 326 1476 ποιέει·
355 1444 394 1495 τιρ
380 1417 495 1476 δὲ’
464 1444 495 1476 ου
515 1417 661 1498 γινώσκειν
682 1418 730 1476 ἔνι·
752 1421 805 1480 κῶς
824 1416 881 1498 γάρ
902 1417 938 1478 ἂν

134 1505 275 1586 γινώσκοι,
297 1505 328 1567 ῶς
348 1504 437 1564 ουτἐ
425 1505 609 1616 ἐδιδάχθη”
577 1532 640 1564 οιτε
660 1505 718 1564 οἶδε
738 1505 825 1564 καλόν
846 1506 936 1577 ουδὲν,

136 1593 234 1652 ουδ’
208 1593 330 1668 οικήίον;
352 1593 431 1653 ώθέει
448 1620 479 1652 τε
498 1593 627 1669 ἐμπεσών
646 1593 681 1652 τά
699 1619 853 1673 πρηγματα
871 1593 938 1654 ἄνευ

135 1682 209 1750 νόου,
229 1681 369 1760 χειμάρρῳ
390 1687 506 1760 ποταμῷ
526 1683 626 1744 ἴκελος.
669 1681 746 1759 δήμῳ
766 1683 818 1758 μέν
839 1709 896 1752 νυν,
911 1684 939 1743 οἳ

137 1770 270 1847 Πέρσησι
291 1770 376 1828 κακόν
397 1771 515 1840 νοέουσι,
537 1767 614 1829 οὗτοι
634 1769 777 1848 χράσθων·
805 1769 887 1845 ἡμεῖς
905 1771 936 1832 δὲ

135 1856 240 1932 ἀνδρῶν
259 1861 314 1916 τῶν
335 1856 456 1932 ἀρίστων
476 1858 652 1926 ἐπιλέξαντες
672 1857 793 1934 ὁμιλίην,
809 1859 938 1920 τοότοισι

135 1945 304 2020 περιθέωμεν
316 1944 349 2003 τό
364 1944 473 2021 κράτος·
495 1951 524 2004 ἐν
539 1945 594 2026 γάρ
608 1944 642 2020 δή
656 1946 783 2004 τούτοισι
796 1946 842 2003 καὶ
856 1946 938 2007 αὐτοὶ

137 2031 299 2107 ἐνεσόμεθα·
317 2031 437 2108 ἀρίστων
450 2034 480 2090 δὲ
493 2033 599 2109 ἀνδρῶν
613 2032 686 2095 οἰκός
699 2031 802 2109 ἀριστα
815 2035 937 2110 βουλεό·

134 2145 210 2195 ματα
223 2119 376 2200 γίνεσθαι.”
411 2120 582 2201 Μεγάβυζος
594 2124 645 2197 μὲν
660 2121 693 2196 δη
707 2120 809 2196 ταίκτην
821 2122 937 2201 γνώμην

88 2209 261 2284 82ἐσέφερε.
302 2209 401 2284 Τρίτος
425 2208 454 2267 δὲ
478 2212 596 2285 Δαρεῖος
616 2209 793 2267 ἀπεδείκνυτο
812 2210 936 2289 γνώμην,

91 2355 96 2361 .
135 2297 233 2377 λέγων·
269 2298 353 2372 “ε’μοὶ
376 2296 463 2355 δὲ
428 2323 464 2356 τα
486 2301 539 2374 μὲν
562 2298 621 2355 εἶπε
649 2296 861 2376 Μεγάβυζος’
848 2324 876 2361 ες
902 2300 937 2358 τό

134 2385 278 2460 πλῆθος”
263 2410 363 2464 εχοντα
384 2385 472 2443 δοκέει
491 2385 579 2462 ὀρθῶς
592 2385 679 2454 λέξαι,
693 2411 729 2444 τα
720 2384 793 2443 δ
779 2411 807 2448 ες
821 2384 937 2466 όλιγαρ-

92 2507 96 2512 -
135 2475 200 2552 χίην
214 2473 262 2532 οὔκ
276 2473 373 2549 ὀρθῶς·
393 2477 476 2550 τριῶν
487 2473 543 2553 γάρ
556 2474 750 2549 προκειμένων,
766 2474 812 2530 καὶ
825 2473 938 2534 πάντων

136 2568 190 2621 τῶν
210 2561 328 2642 λέγω’
311 2562 432 2638 αρίστων
458 2561 556 2621 ε’όντων
577 2561 678 2642 (δήμου
698 2588 729 2619 τε
750 2561 867 2637 ἀρίστου
889 2590 936 2622 και

134 2650 298 2731 ὀλιγαρχίης
323 2649 369 2707 καὶ
388 2649 559 2728 μουνάρχου)
579 2654 679 2727 πολλῷ
698 2653 782 2708 τοῦτο
803 2651 937 2728 προέχειν

135 2740 217 2818 λέγω.
259 2736 359 2814 ἀνδρός
376 2738 431 2817 γάρ
450 2736 508 2800 ἑνός
520 2740 571 2797 τοῦ
590 2736 707 2813 ἀρίστου
726 2737 805 2797 οὐδὲν
821 2737 938 2814 ἄμεινον

134 2824 168 2885 ἂν
189 2826 299 2901 φανείη·
319 2825 415 2906 γνώμη
435 2825 489 2904 γάρ
509 2824 623 2901 τοιαύτῃ
643 2823 807 2902 χρεώμενος,
826 2830 938 2903 ε’πιτρο·

134 2914 214 2973 πεάοι
237 2912 270 2973 ἂν
297 2912 451 2989 ἀμωμήτως
476 2916 526 2972 τοῦ
553 2915 685 2985 πλήθεος·
720 2911 825 2991 σιγῷτό
848 2939 880 2973 τε
901 2913 937 2975 ἂν

133 3002 316 3078 βουλεύματα
342 3002 387 3058 ε’πὶ
408 3001 559 3077 δυσμενέας
583 3001 682 3108 ἄνδρας
703 2999 775 3058 οὕτω
794 2998 936 3076 μάλιστα.

124 3095 159 3151 έν
176 3091 208 3150 δὲ
226 3088 387 3172 ὀλιγαρχίῃ,
400 3087 572 3147 πολλοῖσι’
555 3114 655 3164 αρετην
672 3088 847 3147 ἐπασκέουσι
860 3093 888 3153 ἐς
901 3115 936 3151 το

58 3112 255 3296 ικρινάιη*
238 3181 328 3264 ἔχθεα
349 3180 437 3242 ίδια’
428 3178 535 3264 ισχυρά
557 3175 886 3258 φιλέειεηγίνεσδαι’
854 3203 937 3241 αυτος

130 3268 158 3343 ἑο
185 3272 321 3341 ἕκαστος
338 3271 534 3357 βουλόμενος
558 3295 623 3350 κῡρ
614 3269 718 3345 ᾧῦῖῦῖ
738 3263 811 3322 ‘W
826 3285 962 3339 WW*
