<?xml version="1.0" encoding="UTF-8"?>
<!DOCTYPE html PUBLIC "-//W3C//DTD XHTML 1.0 Transitional//EN"
    "http://www.w3.org/TR/xhtml1/DTD/xhtml1-transitional.dtd">
<html xmlns="http://www.w3.org/1999/xhtml" xml:lang="en" lang="en">
 <head>
  <title>
</title>
<meta http-equiv="Content-Type" content="text/html;charset=utf-8" />
  <meta name='ocr-system' content='tesseract 3.04.00' />
  <meta name='ocr-capabilities' content='ocr_page ocr_carea ocr_par ocr_line ocrx_word'/>
</head>
<body>
  <div class='ocr_page' id='page_1' title='image "./recensuitjoseph00herogoog_0283.png"; bbox 0 0 2040 3464; ppageno 0'>
   <div class='ocr_carea' id='block_1_1' title="bbox 40 31 216 39">
    <p class='ocr_par' dir='ltr' id='par_1_1' title="bbox 40 31 216 39">
     <span class='ocr_line' id='line_1_1' title="bbox 40 31 216 39; baseline -0.028 0"><span class='ocrx_word' id='word_1_1' title='bbox 40 31 216 39; x_wconf 65' lang='lat'>——.</span> 
     </span>
    </p>
   </div>
   <div class='ocr_carea' id='block_1_2' title="bbox 108 104 1016 3158">
    <p class='ocr_par' dir='ltr' id='par_1_2' title="bbox 108 104 1016 2283">
     <span class='ocr_line' id='line_1_2' title="bbox 153 104 955 168; baseline 0.001 -13"><span class='ocrx_word' id='word_1_2' title='bbox 153 108 202 155; x_wconf 74' lang='grc' dir='ltr'>τιν</span> <span class='ocrx_word' id='word_1_3' title='bbox 472 107 656 156; x_wconf 61' lang='lat' dir='ltr'><strong>mmmm·</strong></span> <span class='ocrx_word' id='word_1_4' title='bbox 853 132 858 138; x_wconf 92' lang='lat'><em>-</em></span> <span class='ocrx_word' id='word_1_5' title='bbox 885 104 955 168; x_wconf 80' lang='lat' dir='ltr'>[m</span> 
     </span>
     <span class='ocr_line' id='line_1_3' title="bbox 152 182 955 263; baseline 0 -19"><span class='ocrx_word' id='word_1_6' title='bbox 152 186 302 262; x_wconf 85' lang='grc' dir='ltr'>τριηκόσια</span> <span class='ocrx_word' id='word_1_7' title='bbox 308 186 434 246; x_wconf 87' lang='grc' dir='ltr'>τάλαντα</span> <span class='ocrx_word' id='word_1_8' title='bbox 441 187 530 263; x_wconf 81' lang='grc' dir='ltr'>φόρος</span> <span class='ocrx_word' id='word_1_9' title='bbox 536 185 581 261; x_wconf 82' lang='grc' dir='ltr'>ἦν·</span> <span class='ocrx_word' id='word_1_10' title='bbox 595 185 680 261; x_wconf 79' lang='grc' dir='ltr'>νομός</span> <span class='ocrx_word' id='word_1_11' title='bbox 687 185 855 248; x_wconf 81' lang='grc' dir='ltr'>δυωδέκατος</span> <span class='ocrx_word' id='word_1_12' title='bbox 861 182 955 249; x_wconf 74' lang='grc' dir='ltr'>οὗτος.</span> 
     </span>
     <span class='ocr_line' id='line_1_4' title="bbox 108 271 1016 350; baseline -0.003 -18"><span class='ocrx_word' id='word_1_13' title='bbox 108 274 146 332; x_wconf 84' lang='grc'>93</span> <span class='ocrx_word' id='word_1_14' title='bbox 154 271 226 332; x_wconf 59' lang='lat' dir='ltr'><strong>’Afra</strong></span> <span class='ocrx_word' id='word_1_15' title='bbox 245 278 405 349; x_wconf 79' lang='grc' dir='ltr'>Πακτυῐκης</span> <span class='ocrx_word' id='word_1_16' title='bbox 425 275 464 342; x_wconf 79' lang='grc' dir='ltr'>δὲ,</span> <span class='ocrx_word' id='word_1_17' title='bbox 480 276 527 332; x_wconf 79' lang='grc' dir='ltr'>καὶ</span> <span class='ocrx_word' id='word_1_18' title='bbox 543 273 703 350; x_wconf 78' lang='grc' dir='ltr'><strong><em>Ἀρμενίων,</em></strong></span> <span class='ocrx_word' id='word_1_19' title='bbox 723 274 771 332; x_wconf 79' lang='grc' dir='ltr'>καὶ</span> <span class='ocrx_word' id='word_1_20' title='bbox 787 276 845 333; x_wconf 72' lang='grc' dir='ltr'>τῶν</span> <span class='ocrx_word' id='word_1_21' title='bbox 863 298 956 348; x_wconf 76' lang='grc' dir='ltr'>προσ·</span> <span class='ocrx_word' id='word_1_22' title='bbox 1011 322 1016 329; x_wconf 88' lang='grc'><strong>.</strong></span> 
     </span>
     <span class='ocr_line' id='line_1_5' title="bbox 156 358 956 439; baseline 0.001 -20"><span class='ocrx_word' id='word_1_23' title='bbox 156 362 241 439; x_wconf 87' lang='grc' dir='ltr'>εχέων</span> <span class='ocrx_word' id='word_1_24' title='bbox 263 363 348 439; x_wconf 83' lang='grc' dir='ltr'>μέχρι</span> <span class='ocrx_word' id='word_1_25' title='bbox 367 366 417 420; x_wconf 83' lang='grc' dir='ltr'>τοῦ</span> <span class='ocrx_word' id='word_1_26' title='bbox 432 362 537 421; x_wconf 87' lang='grc' dir='ltr'>πόντου</span> <span class='ocrx_word' id='word_1_27' title='bbox 554 365 604 420; x_wconf 83' lang='grc' dir='ltr'>τοῦ</span> <span class='ocrx_word' id='word_1_28' title='bbox 623 361 765 430; x_wconf 76' lang='grc' dir='ltr'>Εὐξείνου,</span> <span class='ocrx_word' id='word_1_29' title='bbox 785 358 956 438; x_wconf 86' lang='grc' dir='ltr'>τετρακόσια</span> 
     </span>
     <span class='ocr_line' id='line_1_6' title="bbox 154 445 956 526; baseline -0.001 -18"><span class='ocrx_word' id='word_1_30' title='bbox 154 449 289 508; x_wconf 71' lang='grc' dir='ltr'>τάλαντα</span> <span class='ocrx_word' id='word_1_31' title='bbox 309 448 394 525; x_wconf 77' lang='grc' dir='ltr'>νομός</span> <span class='ocrx_word' id='word_1_32' title='bbox 408 450 502 526; x_wconf 83' lang='grc' dir='ltr'>τρίτος</span> <span class='ocrx_word' id='word_1_33' title='bbox 521 450 567 507; x_wconf 80' lang='grc' dir='ltr'>καὶ</span> <span class='ocrx_word' id='word_1_34' title='bbox 583 449 696 511; x_wconf 80' lang='grc' dir='ltr'>δέκατος</span> <span class='ocrx_word' id='word_1_35' title='bbox 716 445 807 510; x_wconf 77' lang='grc' dir='ltr'>οὗτος.</span> <span class='ocrx_word' id='word_1_36' title='bbox 847 447 906 508; x_wconf 79' lang='grc' dir='ltr'>ἇπό</span> <span class='ocrx_word' id='word_1_37' title='bbox 925 448 956 507; x_wconf 71' lang='grc' dir='ltr'>δὲ</span> 
     </span>
     <span class='ocr_line' id='line_1_7' title="bbox 156 536 957 617; baseline -0.005 -19"><span class='ocrx_word' id='word_1_38' title='bbox 156 536 325 617; x_wconf 75' lang='grc' dir='ltr'>Σαγαρτίων,</span> <span class='ocrx_word' id='word_1_39' title='bbox 353 538 399 594; x_wconf 81' lang='grc' dir='ltr'>καὶ</span> <span class='ocrx_word' id='word_1_40' title='bbox 429 537 605 616; x_wconf 72' lang='grc' dir='ltr'>Σαραγγέων,</span> <span class='ocrx_word' id='word_1_41' title='bbox 631 537 678 594; x_wconf 80' lang='grc' dir='ltr'>καὶ</span> <span class='ocrx_word' id='word_1_42' title='bbox 704 536 881 612; x_wconf 84' lang='grc' dir='ltr'>Θαμαναίων,</span> <span class='ocrx_word' id='word_1_43' title='bbox 909 537 957 594; x_wconf 79' lang='grc' dir='ltr'>καὶ</span> 
     </span>
     <span class='ocr_line' id='line_1_8' title="bbox 157 623 957 702; baseline -0.003 -20"><span class='ocrx_word' id='word_1_44' title='bbox 157 623 273 695; x_wconf 67' lang='grc' dir='ltr'>Οὐτίων,</span> <span class='ocrx_word' id='word_1_45' title='bbox 289 626 335 682; x_wconf 73' lang='grc' dir='ltr'>καὶ</span> <span class='ocrx_word' id='word_1_46' title='bbox 351 624 463 692; x_wconf 78' lang='grc' dir='ltr'>Μίκων,</span> <span class='ocrx_word' id='word_1_47' title='bbox 479 625 525 682; x_wconf 80' lang='grc' dir='ltr'>καὶ</span> <span class='ocrx_word' id='word_1_48' title='bbox 539 628 596 683; x_wconf 82' lang='grc' dir='ltr'>τῶν</span> <span class='ocrx_word' id='word_1_49' title='bbox 615 629 645 682; x_wconf 80' lang='grc' dir='ltr'>έν</span> <span class='ocrx_word' id='word_1_50' title='bbox 663 627 733 702; x_wconf 80' lang='grc' dir='ltr'>τῇσι</span> <span class='ocrx_word' id='word_1_51' title='bbox 752 623 870 698; x_wconf 72' lang='grc' dir='ltr'>νήσοισι</span> <span class='ocrx_word' id='word_1_52' title='bbox 886 626 957 683; x_wconf 82' lang='grc' dir='ltr'>οἶκε·</span> 
     </span>
     <span class='ocr_line' id='line_1_9' title="bbox 156 709 958 789; baseline 0.002 -19"><span class='ocrx_word' id='word_1_53' title='bbox 156 712 242 771; x_wconf 89' lang='grc' dir='ltr'>όντων</span> <span class='ocrx_word' id='word_1_54' title='bbox 261 716 317 771; x_wconf 80' lang='grc' dir='ltr'>τῶν</span> <span class='ocrx_word' id='word_1_55' title='bbox 339 718 368 772; x_wconf 77' lang='grc' dir='ltr'>ἐν</span> <span class='ocrx_word' id='word_1_56' title='bbox 388 716 424 789; x_wconf 79' lang='grc' dir='ltr'>τῇ</span> <span class='ocrx_word' id='word_1_57' title='bbox 443 710 565 789; x_wconf 77' lang='grc' dir='ltr'>Ἐρυθρῇ</span> <span class='ocrx_word' id='word_1_58' title='bbox 587 710 732 789; x_wconf 82' lang='grc' dir='ltr'>θαλάσση,</span> <span class='ocrx_word' id='word_1_59' title='bbox 754 715 784 769; x_wconf 91' lang='grc' dir='ltr'>ε’ν</span> <span class='ocrx_word' id='word_1_60' title='bbox 802 714 873 788; x_wconf 80' lang='grc' dir='ltr'>τῇσι</span> <span class='ocrx_word' id='word_1_61' title='bbox 891 709 958 772; x_wconf 77' lang='grc' dir='ltr'>τούς</span> 
     </span>
     <span class='ocr_line' id='line_1_10' title="bbox 157 797 957 875; baseline -0.001 -16"><span class='ocrx_word' id='word_1_62' title='bbox 157 800 356 862; x_wconf 74' lang='grc' dir='ltr'>ἀνασπάστους</span> <span class='ocrx_word' id='word_1_63' title='bbox 372 800 556 875; x_wconf 76' lang='grc' dir='ltr'>καλεομένους</span> <span class='ocrx_word' id='word_1_64' title='bbox 571 799 719 868; x_wconf 80' lang='grc' dir='ltr'>κατοικίζει</span> <span class='ocrx_word' id='word_1_65' title='bbox 736 797 886 874; x_wconf 75' lang='grc' dir='ltr'>βασιλεὸς,</span> <span class='ocrx_word' id='word_1_66' title='bbox 900 797 957 858; x_wconf 62' lang='lat' dir='ltr'>(ind</span> 
     </span>
     <span class='ocr_line' id='line_1_11' title="bbox 156 885 957 965; baseline -0.004 -18"><span class='ocrx_word' id='word_1_67' title='bbox 156 888 260 947; x_wconf 79' lang='grc' dir='ltr'>τοίσων</span> <span class='ocrx_word' id='word_1_68' title='bbox 282 887 392 947; x_wconf 86' lang='grc' dir='ltr'>πάντων</span> <span class='ocrx_word' id='word_1_69' title='bbox 417 887 551 956; x_wconf 78' lang='grc' dir='ltr'>ἑξακόσια</span> <span class='ocrx_word' id='word_1_70' title='bbox 575 886 701 945; x_wconf 81' lang='grc' dir='ltr'>τάλαντα</span> <span class='ocrx_word' id='word_1_71' title='bbox 725 887 831 965; x_wconf 80' lang='grc' dir='ltr'>ἐγίνετο</span> <span class='ocrx_word' id='word_1_72' title='bbox 857 885 957 961; x_wconf 83' lang='grc' dir='ltr'>φόρος·</span> 
     </span>
     <span class='ocr_line' id='line_1_12' title="bbox 158 971 958 1052; baseline -0.003 -18"><span class='ocrx_word' id='word_1_73' title='bbox 158 983 241 1051; x_wconf 78' lang='grc' dir='ltr'>νομός</span> <span class='ocrx_word' id='word_1_74' title='bbox 262 976 394 1052; x_wconf 74' lang='grc' dir='ltr'>τέταρτος</span> <span class='ocrx_word' id='word_1_75' title='bbox 416 976 463 1034; x_wconf 80' lang='grc' dir='ltr'>καὶ</span> <span class='ocrx_word' id='word_1_76' title='bbox 484 975 598 1037; x_wconf 82' lang='grc' dir='ltr'>δέκατος</span> <span class='ocrx_word' id='word_1_77' title='bbox 618 971 705 1036; x_wconf 81' lang='grc' dir='ltr'>οὗτος.</span> <span class='ocrx_word' id='word_1_78' title='bbox 748 973 838 1037; x_wconf 84' lang='grc' dir='ltr'>Σάκαι</span> <span class='ocrx_word' id='word_1_79' title='bbox 860 974 891 1032; x_wconf 82' lang='grc' dir='ltr'>δὲ</span> <span class='ocrx_word' id='word_1_80' title='bbox 911 977 958 1032; x_wconf 76' lang='grc' dir='ltr'>καὶ</span> 
     </span>
     <span class='ocr_line' id='line_1_13' title="bbox 158 1060 958 1141; baseline -0.004 -19"><span class='ocrx_word' id='word_1_81' title='bbox 158 1063 286 1122; x_wconf 84' lang='grc' dir='ltr'>Κάσπιοι</span> <span class='ocrx_word' id='word_1_82' title='bbox 300 1063 472 1138; x_wconf 80' lang='grc' dir='ltr'>πεντήκοντα</span> <span class='ocrx_word' id='word_1_83' title='bbox 486 1063 533 1120; x_wconf 77' lang='grc' dir='ltr'>καὶ</span> <span class='ocrx_word' id='word_1_84' title='bbox 551 1061 680 1136; x_wconf 78' lang='grc' dir='ltr'>διηκόσια</span> <span class='ocrx_word' id='word_1_85' title='bbox 695 1060 807 1141; x_wconf 75' lang='grc' dir='ltr'>ἀγίνεον</span> <span class='ocrx_word' id='word_1_86' title='bbox 820 1061 958 1120; x_wconf 87' lang='grc' dir='ltr'>τάλαντα·</span> 
     </span>
     <span class='ocr_line' id='line_1_14' title="bbox 158 1146 959 1227; baseline -0.001 -18"><span class='ocrx_word' id='word_1_87' title='bbox 158 1151 244 1227; x_wconf 77' lang='grc' dir='ltr'>νομός</span> <span class='ocrx_word' id='word_1_88' title='bbox 259 1154 385 1226; x_wconf 86' lang='grc' dir='ltr'>πέμπτος</span> <span class='ocrx_word' id='word_1_89' title='bbox 404 1151 451 1208; x_wconf 86' lang='grc' dir='ltr'>καὶ</span> <span class='ocrx_word' id='word_1_90' title='bbox 466 1149 579 1212; x_wconf 74' lang='grc' dir='ltr'>δέκατος</span> <span class='ocrx_word' id='word_1_91' title='bbox 599 1146 688 1211; x_wconf 81' lang='grc' dir='ltr'>οὗτος.</span> <span class='ocrx_word' id='word_1_92' title='bbox 722 1147 836 1224; x_wconf 89' lang='grc' dir='ltr'>Πάρθοι</span> <span class='ocrx_word' id='word_1_93' title='bbox 855 1148 895 1219; x_wconf 81' lang='grc' dir='ltr'>δὲ,</span> <span class='ocrx_word' id='word_1_94' title='bbox 911 1151 959 1208; x_wconf 81' lang='grc' dir='ltr'>καὶ</span> 
     </span>
     <span class='ocr_line' id='line_1_15' title="bbox 158 1235 959 1317; baseline -0.002 -19"><span class='ocrx_word' id='word_1_95' title='bbox 158 1238 328 1316; x_wconf 83' lang='grc' dir='ltr'>Χοράσμιοι,</span> <span class='ocrx_word' id='word_1_96' title='bbox 352 1240 399 1297; x_wconf 81' lang='grc' dir='ltr'>καὶ</span> <span class='ocrx_word' id='word_1_97' title='bbox 423 1237 525 1317; x_wconf 79' lang='grc' dir='ltr'>Σόγδοι</span> <span class='ocrx_word' id='word_1_98' title='bbox 547 1264 578 1296; x_wconf 90' lang='grc' dir='ltr'>τε</span> <span class='ocrx_word' id='word_1_99' title='bbox 602 1238 648 1295; x_wconf 85' lang='grc' dir='ltr'>καὶ</span> <span class='ocrx_word' id='word_1_100' title='bbox 667 1235 784 1312; x_wconf 77' lang='grc' dir='ltr'>Ἄρειοι,</span> <span class='ocrx_word' id='word_1_101' title='bbox 808 1235 959 1312; x_wconf 86' lang='grc' dir='ltr'>τριηκόσια</span> 
     </span>
     <span class='ocr_line' id='line_1_16' title="bbox 111 1322 1003 1402; baseline -0.001 -17"><span class='ocrx_word' id='word_1_102' title='bbox 111 1329 150 1386; x_wconf 80' lang='grc'>94</span> <span class='ocrx_word' id='word_1_103' title='bbox 158 1327 291 1386; x_wconf 86' lang='grc' dir='ltr'>τάλαντα·</span> <span class='ocrx_word' id='word_1_104' title='bbox 307 1327 392 1402; x_wconf 76' lang='grc' dir='ltr'>νομός</span> <span class='ocrx_word' id='word_1_105' title='bbox 405 1327 481 1387; x_wconf 82' lang='grc' dir='ltr'>ἕκτος</span> <span class='ocrx_word' id='word_1_106' title='bbox 495 1325 541 1383; x_wconf 87' lang='grc' dir='ltr'>καὶ</span> <span class='ocrx_word' id='word_1_107' title='bbox 550 1325 663 1387; x_wconf 88' lang='grc' dir='ltr'>δέκατος</span> <span class='ocrx_word' id='word_1_108' title='bbox 673 1322 762 1386; x_wconf 81' lang='grc' dir='ltr'>οὗτος.</span> <span class='ocrx_word' id='word_1_109' title='bbox 790 1324 959 1400; x_wconf 87' lang='grc' dir='ltr'>Παρικάνιοι</span> <span class='ocrx_word' id='word_1_110' title='bbox 999 1331 1003 1338; x_wconf 81' lang='grc'><strong>’</strong></span> 
     </span>
     <span class='ocr_line' id='line_1_17' title="bbox 159 1411 958 1488; baseline 0 -16"><span class='ocrx_word' id='word_1_111' title='bbox 159 1414 197 1485; x_wconf 79' lang='grc' dir='ltr'>δὲ,</span> <span class='ocrx_word' id='word_1_112' title='bbox 214 1416 260 1473; x_wconf 85' lang='grc' dir='ltr'>καὶ</span> <span class='ocrx_word' id='word_1_113' title='bbox 280 1415 412 1476; x_wconf 82' lang='grc' dir='ltr'>Αἰθίοπες</span> <span class='ocrx_word' id='word_1_114' title='bbox 431 1416 458 1472; x_wconf 85' lang='grc' dir='ltr'>οἱ</span> <span class='ocrx_word' id='word_1_115' title='bbox 479 1418 509 1471; x_wconf 80' lang='grc' dir='ltr'>ἐκ</span> <span class='ocrx_word' id='word_1_116' title='bbox 528 1417 579 1487; x_wconf 81' lang='grc' dir='ltr'>τῆς</span> <span class='ocrx_word' id='word_1_117' title='bbox 598 1412 705 1488; x_wconf 79' lang='grc' dir='ltr'>Ἀσίης,</span> <span class='ocrx_word' id='word_1_118' title='bbox 722 1411 892 1486; x_wconf 87' lang='grc' dir='ltr'>τετρακόσια</span> <span class='ocrx_word' id='word_1_119' title='bbox 911 1414 958 1472; x_wconf 86' lang='grc' dir='ltr'>τό·</span> 
     </span>
     <span class='ocr_line' id='line_1_18' title="bbox 159 1497 959 1583; baseline 0.006 -23"><span class='ocrx_word' id='word_1_120' title='bbox 159 1507 249 1562; x_wconf 91' lang='grc' dir='ltr'>λαντα</span> <span class='ocrx_word' id='word_1_121' title='bbox 262 1504 422 1583; x_wconf 72' lang='grc' dir='ltr'>ἀπαγίνεον·</span> <span class='ocrx_word' id='word_1_122' title='bbox 443 1500 528 1576; x_wconf 83' lang='grc' dir='ltr'>νυμός</span> <span class='ocrx_word' id='word_1_123' title='bbox 542 1501 663 1577; x_wconf 75' lang='grc' dir='ltr'>ἕβδομος</span> <span class='ocrx_word' id='word_1_124' title='bbox 676 1501 722 1558; x_wconf 83' lang='grc' dir='ltr'>καὶ</span> <span class='ocrx_word' id='word_1_125' title='bbox 739 1500 853 1563; x_wconf 84' lang='grc' dir='ltr'>δέκατος</span> <span class='ocrx_word' id='word_1_126' title='bbox 867 1497 959 1565; x_wconf 74' lang='grc' dir='ltr'>οὗτος.</span> 
     </span>
     <span class='ocr_line' id='line_1_19' title="bbox 161 1587 960 1668; baseline -0.001 -19"><span class='ocrx_word' id='word_1_127' title='bbox 161 1594 332 1667; x_wconf 84' lang='grc' dir='ltr'>Ματιηνοῖσι</span> <span class='ocrx_word' id='word_1_128' title='bbox 349 1591 386 1658; x_wconf 82' lang='grc' dir='ltr'>δὲ,</span> <span class='ocrx_word' id='word_1_129' title='bbox 401 1590 447 1648; x_wconf 80' lang='grc' dir='ltr'>καὶ</span> <span class='ocrx_word' id='word_1_130' title='bbox 465 1589 633 1665; x_wconf 80' lang='grc' dir='ltr'>Σάσπειρσι,</span> <span class='ocrx_word' id='word_1_131' title='bbox 648 1588 694 1646; x_wconf 90' lang='grc' dir='ltr'>καὶ</span> <span class='ocrx_word' id='word_1_132' title='bbox 709 1587 906 1668; x_wconf 83' lang='grc' dir='ltr'>Ἀλαροδίοισι</span> <span class='ocrx_word' id='word_1_133' title='bbox 922 1590 960 1648; x_wconf 88' lang='grc' dir='ltr'>δι·</span> 
     </span>
     <span class='ocr_line' id='line_1_20' title="bbox 158 1675 960 1756; baseline 0.002 -21"><span class='ocrx_word' id='word_1_134' title='bbox 158 1677 262 1752; x_wconf 89' lang='grc' dir='ltr'>ηκόσια</span> <span class='ocrx_word' id='word_1_135' title='bbox 272 1678 435 1737; x_wconf 82' lang='grc' dir='ltr'>ἐπετέτακτο</span> <span class='ocrx_word' id='word_1_136' title='bbox 442 1677 575 1737; x_wconf 87' lang='grc' dir='ltr'>τάλαντα·</span> <span class='ocrx_word' id='word_1_137' title='bbox 587 1675 673 1752; x_wconf 77' lang='grc' dir='ltr'>νομός</span> <span class='ocrx_word' id='word_1_138' title='bbox 683 1675 781 1756; x_wconf 84' lang='grc' dir='ltr'>ὄγδοος</span> <span class='ocrx_word' id='word_1_139' title='bbox 790 1676 836 1733; x_wconf 78' lang='grc' dir='ltr'>καὶ</span> <span class='ocrx_word' id='word_1_140' title='bbox 845 1677 960 1740; x_wconf 85' lang='grc' dir='ltr'>δέκατος</span> 
     </span>
     <span class='ocr_line' id='line_1_21' title="bbox 159 1762 959 1841; baseline -0.004 -18"><span class='ocrx_word' id='word_1_141' title='bbox 159 1762 249 1828; x_wconf 85' lang='grc' dir='ltr'>οὗτος.</span> <span class='ocrx_word' id='word_1_142' title='bbox 279 1765 428 1841; x_wconf 82' lang='grc' dir='ltr'>Μόσχοισι</span> <span class='ocrx_word' id='word_1_143' title='bbox 437 1765 475 1834; x_wconf 79' lang='grc' dir='ltr'>δὲ,</span> <span class='ocrx_word' id='word_1_144' title='bbox 486 1765 532 1822; x_wconf 87' lang='grc' dir='ltr'>καὶ</span> <span class='ocrx_word' id='word_1_145' title='bbox 541 1766 738 1839; x_wconf 81' lang='grc' dir='ltr'>Τιβαρηνοῖσι,</span> <span class='ocrx_word' id='word_1_146' title='bbox 748 1764 795 1821; x_wconf 87' lang='grc' dir='ltr'>καὶ</span> <span class='ocrx_word' id='word_1_147' title='bbox 808 1763 959 1840; x_wconf 86' lang='grc' dir='ltr'>Μάκρωσι,</span> 
     </span>
     <span class='ocr_line' id='line_1_22' title="bbox 160 1850 960 1927; baseline 0 -17"><span class='ocrx_word' id='word_1_148' title='bbox 160 1853 206 1910; x_wconf 83' lang='grc' dir='ltr'>καὶ</span> <span class='ocrx_word' id='word_1_149' title='bbox 228 1853 442 1922; x_wconf 80' lang='grc' dir='ltr'>Μοσυνοίκοισι,</span> <span class='ocrx_word' id='word_1_150' title='bbox 464 1854 510 1910; x_wconf 91' lang='grc' dir='ltr'>καὶ</span> <span class='ocrx_word' id='word_1_151' title='bbox 532 1852 641 1926; x_wconf 81' lang='grc' dir='ltr'>Μαρσὶ,</span> <span class='ocrx_word' id='word_1_152' title='bbox 662 1850 810 1927; x_wconf 86' lang='grc' dir='ltr'>τριηκόσια</span> <span class='ocrx_word' id='word_1_153' title='bbox 832 1851 960 1910; x_wconf 87' lang='grc' dir='ltr'>τάλαντα</span> 
     </span>
     <span class='ocr_line' id='line_1_23' title="bbox 158 1936 961 2016; baseline 0 -18"><span class='ocrx_word' id='word_1_154' title='bbox 158 1941 316 2016; x_wconf 87' lang='grc' dir='ltr'>προείρητο·</span> <span class='ocrx_word' id='word_1_155' title='bbox 337 1940 422 2015; x_wconf 80' lang='grc' dir='ltr'>νομός</span> <span class='ocrx_word' id='word_1_156' title='bbox 435 1940 540 2001; x_wconf 76' lang='grc' dir='ltr'>εἴνατος</span> <span class='ocrx_word' id='word_1_157' title='bbox 553 1940 600 1997; x_wconf 86' lang='grc' dir='ltr'>καὶ</span> <span class='ocrx_word' id='word_1_158' title='bbox 615 1939 728 2000; x_wconf 86' lang='grc' dir='ltr'>δέκατος</span> <span class='ocrx_word' id='word_1_159' title='bbox 741 1936 831 2001; x_wconf 83' lang='grc' dir='ltr'>οὗτος.</span> <span class='ocrx_word' id='word_1_160' title='bbox 864 1937 961 1998; x_wconf 81' lang='grc' dir='ltr'>Ἰνδῶν</span> 
     </span>
     <span class='ocr_line' id='line_1_24' title="bbox 159 2025 960 2105; baseline 0.006 -20"><span class='ocrx_word' id='word_1_161' title='bbox 159 2027 190 2086; x_wconf 80' lang='grc' dir='ltr'>δὲ</span> <span class='ocrx_word' id='word_1_162' title='bbox 199 2026 308 2102; x_wconf 82' lang='grc' dir='ltr'>πλῆθός</span> <span class='ocrx_word' id='word_1_163' title='bbox 321 2053 351 2085; x_wconf 92' lang='grc' dir='ltr'>τε</span> <span class='ocrx_word' id='word_1_164' title='bbox 365 2032 464 2105; x_wconf 80' lang='grc' dir='ltr'>πολλῷ</span> <span class='ocrx_word' id='word_1_165' title='bbox 474 2026 610 2086; x_wconf 84' lang='grc' dir='ltr'>πλεῖστόν</span> <span class='ocrx_word' id='word_1_166' title='bbox 622 2032 684 2086; x_wconf 92' lang='grc' dir='ltr'>ε’στι</span> <span class='ocrx_word' id='word_1_167' title='bbox 696 2025 806 2086; x_wconf 84' lang='grc' dir='ltr'>πάντων</span> <span class='ocrx_word' id='word_1_168' title='bbox 815 2029 872 2086; x_wconf 81' lang='grc' dir='ltr'>τῶν</span> <span class='ocrx_word' id='word_1_169' title='bbox 879 2026 960 2102; x_wconf 77' lang='grc' dir='ltr'>ἡμεῖς</span> 
     </span>
     <span class='ocr_line' id='line_1_25' title="bbox 160 2112 960 2194; baseline 0.005 -21"><span class='ocrx_word' id='word_1_170' title='bbox 160 2115 237 2191; x_wconf 78' lang='grc' dir='ltr'>ἴδμεν</span> <span class='ocrx_word' id='word_1_171' title='bbox 255 2114 412 2192; x_wconf 78' lang='grc' dir='ltr'>ἀνθρώπων,</span> <span class='ocrx_word' id='word_1_172' title='bbox 427 2116 473 2172; x_wconf 88' lang='grc' dir='ltr'>καὶ</span> <span class='ocrx_word' id='word_1_173' title='bbox 489 2114 579 2191; x_wconf 86' lang='grc' dir='ltr'>φόρον</span> <span class='ocrx_word' id='word_1_174' title='bbox 595 2113 745 2194; x_wconf 76' lang='grc' dir='ltr'>ἀπαγίνεον</span> <span class='ocrx_word' id='word_1_175' title='bbox 763 2112 834 2189; x_wconf 81' lang='grc' dir='ltr'>πρός</span> <span class='ocrx_word' id='word_1_176' title='bbox 852 2114 960 2178; x_wconf 83' lang='grc' dir='ltr'>πάντας</span> 
     </span>
     <span class='ocr_line' id='line_1_26' title="bbox 160 2201 959 2283; baseline 0 -22"><span class='ocrx_word' id='word_1_177' title='bbox 160 2202 224 2265; x_wconf 75' lang='grc' dir='ltr'>τούς</span> <span class='ocrx_word' id='word_1_178' title='bbox 242 2201 355 2271; x_wconf 75' lang='grc' dir='ltr'>ἄλλους,</span> <span class='ocrx_word' id='word_1_179' title='bbox 370 2202 502 2278; x_wconf 77' lang='grc' dir='ltr'>ἐξήκοντα</span> <span class='ocrx_word' id='word_1_180' title='bbox 518 2203 564 2261; x_wconf 86' lang='grc' dir='ltr'>καὶ</span> <span class='ocrx_word' id='word_1_181' title='bbox 581 2201 729 2278; x_wconf 87' lang='grc' dir='ltr'>τριηκόσια</span> <span class='ocrx_word' id='word_1_182' title='bbox 746 2201 873 2262; x_wconf 83' lang='grc' dir='ltr'>τάλαντα</span> <span class='ocrx_word' id='word_1_183' title='bbox 887 2203 959 2283; x_wconf 75' lang='grc' dir='ltr'>ψήγ</span> 
     </span>
    </p>

    <p class='ocr_par' dir='ltr' id='par_1_3' title="bbox 113 2288 961 3158">
     <span class='ocr_line' id='line_1_27' title="bbox 113 2288 961 2369; baseline 0.001 -20"><span class='ocrx_word' id='word_1_184' title='bbox 113 2293 151 2350; x_wconf 85' lang='grc'>95</span> <span class='ocrx_word' id='word_1_185' title='bbox 159 2316 255 2367; x_wconf 86' lang='grc' dir='ltr'>ματος·</span> <span class='ocrx_word' id='word_1_186' title='bbox 277 2289 362 2366; x_wconf 78' lang='grc' dir='ltr'>νομός</span> <span class='ocrx_word' id='word_1_187' title='bbox 380 2292 505 2353; x_wconf 78' lang='grc' dir='ltr'>εἰκοστός</span> <span class='ocrx_word' id='word_1_188' title='bbox 523 2288 612 2352; x_wconf 81' lang='grc' dir='ltr'>οὗτος.</span> <span class='ocrx_word' id='word_1_189' title='bbox 647 2289 687 2348; x_wconf 76' lang='grc' dir='ltr'>Τό</span> <span class='ocrx_word' id='word_1_190' title='bbox 705 2292 757 2365; x_wconf 77' lang='grc' dir='ltr'>μὲν</span> <span class='ocrx_word' id='word_1_191' title='bbox 773 2289 807 2364; x_wconf 73' lang='grc' dir='ltr'>δὴ</span> <span class='ocrx_word' id='word_1_192' title='bbox 827 2288 961 2369; x_wconf 74' lang='grc' dir='ltr'>ἀργύριον</span> 
     </span>
     <span class='ocr_line' id='line_1_28' title="bbox 160 2377 961 2456; baseline 0 -18"><span class='ocrx_word' id='word_1_193' title='bbox 160 2380 193 2438; x_wconf 77' lang='grc' dir='ltr'>τό</span> <span class='ocrx_word' id='word_1_194' title='bbox 210 2377 394 2455; x_wconf 76' lang='grc' dir='ltr'>Βαβυλώνιον</span> <span class='ocrx_word' id='word_1_195' title='bbox 410 2378 480 2456; x_wconf 77' lang='grc' dir='ltr'>πρός</span> <span class='ocrx_word' id='word_1_196' title='bbox 497 2377 530 2437; x_wconf 79' lang='grc' dir='ltr'>τό</span> <span class='ocrx_word' id='word_1_197' title='bbox 547 2377 688 2453; x_wconf 75' lang='grc' dir='ltr'>Εὐβοϊκόν</span> <span class='ocrx_word' id='word_1_198' title='bbox 702 2377 961 2454; x_wconf 81' lang='grc' dir='ltr'>συμβαλλεόμενον</span> 
     </span>
     <span class='ocr_line' id='line_1_29' title="bbox 159 2464 960 2547; baseline 0.001 -23"><span class='ocrx_word' id='word_1_199' title='bbox 159 2466 298 2527; x_wconf 85' lang='grc' dir='ltr'>τάλαντον</span> <span class='ocrx_word' id='word_1_200' title='bbox 313 2468 419 2547; x_wconf 88' lang='grc' dir='ltr'>γίνεται</span> <span class='ocrx_word' id='word_1_201' title='bbox 434 2465 640 2543; x_wconf 84' lang='grc' dir='ltr'>τεσσεράκοντα</span> <span class='ocrx_word' id='word_1_202' title='bbox 659 2466 705 2524; x_wconf 85' lang='grc' dir='ltr'>καὶ</span> <span class='ocrx_word' id='word_1_203' title='bbox 722 2464 896 2524; x_wconf 89' lang='grc' dir='ltr'>πεντακόσια</span> <span class='ocrx_word' id='word_1_204' title='bbox 915 2468 960 2525; x_wconf 82' lang='grc' dir='ltr'>καὶ</span> 
     </span>
     <span class='ocr_line' id='line_1_30' title="bbox 161 2552 960 2633; baseline -0.001 -20"><span class='ocrx_word' id='word_1_205' title='bbox 161 2555 347 2633; x_wconf 80' lang='grc' dir='ltr'>εἰνακισχίλια</span> <span class='ocrx_word' id='word_1_206' title='bbox 370 2555 504 2613; x_wconf 83' lang='grc' dir='ltr'>τάλαντα.</span> <span class='ocrx_word' id='word_1_207' title='bbox 544 2552 577 2613; x_wconf 71' lang='grc' dir='ltr'>τι)</span> <span class='ocrx_word' id='word_1_208' title='bbox 604 2554 634 2611; x_wconf 84' lang='grc' dir='ltr'>δὲ</span> <span class='ocrx_word' id='word_1_209' title='bbox 659 2553 777 2630; x_wconf 86' lang='grc' dir='ltr'>χρυσίον</span> <span class='ocrx_word' id='word_1_210' title='bbox 802 2555 960 2628; x_wconf 86' lang='grc' dir='ltr'>τρισκαιδε-</span> 
     </span>
     <span class='ocr_line' id='line_1_31' title="bbox 162 2639 961 2722; baseline 0.001 -22"><span class='ocrx_word' id='word_1_211' title='bbox 162 2642 317 2702; x_wconf 88' lang='grc' dir='ltr'>καστόσιον</span> <span class='ocrx_word' id='word_1_212' title='bbox 340 2641 528 2722; x_wconf 82' lang='grc' dir='ltr'>λογιζόμενον,</span> <span class='ocrx_word' id='word_1_213' title='bbox 549 2640 582 2699; x_wconf 82' lang='grc' dir='ltr'>τὸ</span> <span class='ocrx_word' id='word_1_214' title='bbox 607 2645 708 2722; x_wconf 78' lang='grc' dir='ltr'>ψῆγμα</span> <span class='ocrx_word' id='word_1_215' title='bbox 732 2639 891 2716; x_wconf 68' lang='grc' dir='ltr'>εὑρίσκεται</span> <span class='ocrx_word' id='word_1_216' title='bbox 915 2641 961 2701; x_wconf 80' lang='grc' dir='ltr'>ε’δν</span> 
     </span>
     <span class='ocr_line' id='line_1_32' title="bbox 161 2727 961 2809; baseline -0.003 -20"><span class='ocrx_word' id='word_1_217' title='bbox 161 2732 309 2807; x_wconf 80' lang='grc' dir='ltr'>Ευβοῖκῶν</span> <span class='ocrx_word' id='word_1_218' title='bbox 328 2729 471 2789; x_wconf 81' lang='grc' dir='ltr'>ταλάντων</span> <span class='ocrx_word' id='word_1_219' title='bbox 491 2727 648 2809; x_wconf 79' lang='grc' dir='ltr'>ὀγδώκοντα</span> <span class='ocrx_word' id='word_1_220' title='bbox 669 2729 714 2786; x_wconf 88' lang='grc' dir='ltr'>καὶ</span> <span class='ocrx_word' id='word_1_221' title='bbox 737 2729 890 2796; x_wconf 77' lang='grc' dir='ltr'>ἑξακοσίων</span> <span class='ocrx_word' id='word_1_222' title='bbox 914 2729 961 2788; x_wconf 84' lang='grc' dir='ltr'>καὶ</span> 
     </span>
     <span class='ocr_line' id='line_1_33' title="bbox 161 2814 961 2896; baseline -0.001 -18"><span class='ocrx_word' id='word_1_223' title='bbox 161 2818 399 2896; x_wconf 89' lang='grc' dir='ltr'>τετρακισχιλίων.</span> <span class='ocrx_word' id='word_1_224' title='bbox 429 2816 532 2876; x_wconf 77' lang='grc' dir='ltr'>τούτων</span> <span class='ocrx_word' id='word_1_225' title='bbox 547 2814 583 2874; x_wconf 83' lang='grc' dir='ltr'>ὧν</span> <span class='ocrx_word' id='word_1_226' title='bbox 595 2815 704 2875; x_wconf 86' lang='grc' dir='ltr'>πάντων</span> <span class='ocrx_word' id='word_1_227' title='bbox 714 2815 917 2891; x_wconf 79' lang='grc' dir='ltr'>συντιθεμένων</span> <span class='ocrx_word' id='word_1_228' title='bbox 927 2816 961 2877; x_wconf 76' lang='grc' dir='ltr'>τό</span> 
     </span>
     <span class='ocr_line' id='line_1_34' title="bbox 161 2902 961 2983; baseline 0 -19"><span class='ocrx_word' id='word_1_229' title='bbox 161 2908 277 2982; x_wconf 77' lang='grc' dir='ltr'>πλῆθος,</span> <span class='ocrx_word' id='word_1_230' title='bbox 286 2904 415 2981; x_wconf 78' lang='grc' dir='ltr'>Εὗβοῖκαὶ</span> <span class='ocrx_word' id='word_1_231' title='bbox 424 2904 548 2963; x_wconf 85' lang='grc' dir='ltr'>τάλαντα</span> <span class='ocrx_word' id='word_1_232' title='bbox 563 2904 728 2983; x_wconf 86' lang='grc' dir='ltr'>συνελέγετο</span> <span class='ocrx_word' id='word_1_233' title='bbox 739 2908 765 2965; x_wconf 81' lang='grc' dir='ltr'>ἐς</span> <span class='ocrx_word' id='word_1_234' title='bbox 775 2902 824 2962; x_wconf 83' lang='grc' dir='ltr'>τόν</span> <span class='ocrx_word' id='word_1_235' title='bbox 836 2905 961 2964; x_wconf 88' lang='grc' dir='ltr'>ε’πέτειον</span> 
     </span>
     <span class='ocr_line' id='line_1_35' title="bbox 161 2991 960 3072; baseline -0.005 -18"><span class='ocrx_word' id='word_1_236' title='bbox 161 2995 251 3071; x_wconf 76' lang='grc' dir='ltr'>φόρον</span> <span class='ocrx_word' id='word_1_237' title='bbox 271 2994 378 3072; x_wconf 80' lang='grc' dir='ltr'>Δαρείῳ</span> <span class='ocrx_word' id='word_1_238' title='bbox 397 2991 483 3069; x_wconf 78' lang='grc' dir='ltr'>μόρια</span> <span class='ocrx_word' id='word_1_239' title='bbox 502 2993 547 3050; x_wconf 87' lang='grc' dir='ltr'>καὶ</span> <span class='ocrx_word' id='word_1_240' title='bbox 564 2992 777 3070; x_wconf 87' lang='grc' dir='ltr'>τετρακισχίλια</span> <span class='ocrx_word' id='word_1_241' title='bbox 794 2991 841 3048; x_wconf 85' lang='grc' dir='ltr'>καὶ</span> <span class='ocrx_word' id='word_1_242' title='bbox 859 3015 960 3052; x_wconf 86' lang='grc' dir='ltr'>πεντα-</span> 
     </span>
     <span class='ocr_line' id='line_1_36' title="bbox 159 3077 960 3158; baseline 0.001 -16"><span class='ocrx_word' id='word_1_243' title='bbox 159 3082 245 3142; x_wconf 87' lang='grc' dir='ltr'>κόσια</span> <span class='ocrx_word' id='word_1_244' title='bbox 257 3082 304 3142; x_wconf 86' lang='grc' dir='ltr'>καὶ</span> <span class='ocrx_word' id='word_1_245' title='bbox 317 3081 459 3158; x_wconf 80' lang='grc' dir='ltr'>ἑξήκοντα·</span> <span class='ocrx_word' id='word_1_246' title='bbox 474 3079 508 3140; x_wconf 74' lang='grc' dir='ltr'>τὰ</span> <span class='ocrx_word' id='word_1_247' title='bbox 521 3079 544 3138; x_wconf 82' lang='grc' dir='ltr'>δ’</span> <span class='ocrx_word' id='word_1_248' title='bbox 555 3080 595 3138; x_wconf 80' lang='grc' dir='ltr'>ἔτι</span> <span class='ocrx_word' id='word_1_249' title='bbox 607 3078 710 3138; x_wconf 83' lang='grc' dir='ltr'>τούτων</span> <span class='ocrx_word' id='word_1_250' title='bbox 721 3080 847 3138; x_wconf 80' lang='grc' dir='ltr'>ἔλασσον</span> <span class='ocrx_word' id='word_1_251' title='bbox 860 3077 960 3149; x_wconf 74' lang='grc' dir='ltr'>ἀπιεὶς,</span> 
     </span>
    </p>
   </div>
   <div class='ocr_carea' id='block_1_3' title="bbox 718 3164 847 3187">
    <p class='ocr_par' dir='ltr' id='par_1_4' title="bbox 718 3164 847 3187">
     <span class='ocr_line' id='line_1_37' title="bbox 718 3164 847 3187; baseline -0.016 0"><span class='ocrx_word' id='word_1_252' title='bbox 718 3164 725 3187; x_wconf 84' lang='grc' dir='ltr'><em>Ι</em></span> <span class='ocrx_word' id='word_1_253' title='bbox 799 3164 807 3184; x_wconf 69' lang='grc' dir='ltr'>ἱ</span> <span class='ocrx_word' id='word_1_254' title='bbox 838 3165 847 3186; x_wconf 93' lang='grc' dir='ltr'><strong><em>Ι</em></strong></span> 
     </span>
    </p>
   </div>
   <div class='ocr_carea' id='block_1_4' title="bbox 80 3166 978 3346">
    <p class='ocr_par' dir='ltr' id='par_1_5' title="bbox 80 3166 978 3346">
     <span class='ocr_line' id='line_1_38' title="bbox 80 3166 963 3263; baseline -0.014 -27"><span class='ocrx_word' id='word_1_255' title='bbox 80 3169 141 3263; x_wconf 51' lang='grc' dir='ltr'>Ιθθ</span> <span class='ocrx_word' id='word_1_256' title='bbox 147 3169 185 3232; x_wconf 80' lang='grc' dir='ltr'>ον’</span> <span class='ocrx_word' id='word_1_257' title='bbox 196 3173 286 3258; x_wconf 84' lang='grc' dir='ltr'>λέγω.</span> <span class='ocrx_word' id='word_1_258' title='bbox 326 3170 420 3238; x_wconf 82' lang='grc' dir='ltr'>Οὗτος</span> <span class='ocrx_word' id='word_1_259' title='bbox 433 3168 544 3252; x_wconf 73' lang='grc' dir='ltr'>Δαρείῳ</span> <span class='ocrx_word' id='word_1_260' title='bbox 557 3166 679 3246; x_wconf 75' lang='grc' dir='ltr'>προσῆὶε</span> <span class='ocrx_word' id='word_1_261' title='bbox 691 3172 778 3243; x_wconf 60' lang='grc' dir='ltr'>δορός</span> <span class='ocrx_word' id='word_1_262' title='bbox 791 3192 847 3225; x_wconf 79' lang='grc' dir='ltr'>ατο</span> <span class='ocrx_word' id='word_1_263' title='bbox 860 3192 894 3226; x_wconf 87' lang='grc' dir='ltr'>τε</span> <span class='ocrx_word' id='word_1_264' title='bbox 910 3172 963 3242; x_wconf 79' lang='grc' dir='ltr'>τῆς</span> 
     </span>
     <span class='ocr_line' id='line_1_39' title="bbox 139 3250 978 3346; baseline -0.012 -25"><span class='ocrx_word' id='word_1_265' title='bbox 139 3257 247 3344; x_wconf 66' lang='grc' dir='ltr'>Ἀσίης</span> <span class='ocrx_word' id='word_1_266' title='bbox 263 3265 390 3344; x_wconf 76' lang='grc' dir='ltr'>καὶτῆς</span> <span class='ocrx_word' id='word_1_267' title='bbox 407 3262 525 3346; x_wconf 75' lang='grc' dir='ltr'>Λιβύης</span> <span class='ocrx_word' id='word_1_268' title='bbox 545 3255 729 3341; x_wconf 70' lang='grc' dir='ltr'>ὀλιγαχόθεν·</span> <span class='ocrx_word' id='word_1_269' title='bbox 751 3250 900 3322; x_wconf 62' lang='grc' dir='ltr'>προίόντος</span> <span class='ocrx_word' id='word_1_270' title='bbox 919 3253 978 3324; x_wconf 58' lang='grc' dir='ltr'>γὀι·</span> 
     </span>
    </p>
   </div>
   <div class='ocr_carea' id='block_1_5' title="bbox 0 0 1029 3464">
    <p class='ocr_par' dir='ltr' id='par_1_6' title="bbox 0 0 1029 3464">
     <span class='ocr_line' id='line_1_40' title="bbox 0 0 1029 3464; baseline 0 0"><span class='ocrx_word' id='word_1_271' title='bbox 0 0 1029 3464; x_wconf 95' lang='lat' dir='ltr'> </span> 
     </span>
    </p>
   </div>
  </div>
 </body>
</html>
