2040 3464
79 108 178 173 nmo]
432 109 545 156 κιαια.
851 110 883 156 ιι

80 187 184 265 πέδῃσι
204 185 355 262 δεδεμένον,
378 186 423 244 καὶ
444 186 484 248 δὶς
506 186 575 245 ἑπτά
595 186 693 246 Λυδῶν
711 185 777 262 παρ’
797 184 884 246 αὐτόν

80 275 189 342 παῖδας,
208 279 237 333 ἐν
253 273 307 352 νόῳ
323 275 392 351 ἔχων
410 274 464 333 εἴτε
482 273 516 349 δῆ
534 273 678 349 ἀκροθίνια
694 279 782 333 ταῦτα
802 300 885 333 κατα·

80 365 150 443 γιεῖν
164 363 233 421 θεῶν
246 361 313 440 ὅτεῳ
327 362 370 437 δῆ,
385 362 439 421 εἴτε
453 362 499 419 καὶ
513 361 598 439 εὐχῆν
613 362 774 420 ἐπιτελέσαι
785 363 884 422 θέλων·

80 451 136 509 εἴτε
163 450 210 507 καὶ
235 449 390 524 πυθόμενος
415 448 466 509 τόν
493 454 620 527 Κροῖσον
644 450 713 509 εἶναι
737 451 884 525 θεοσεβέα,

80 537 162 597 τοῦδε
179 536 279 596 εἵνεκεν
295 535 455 612 α’νεβίβασε
472 538 518 596 ἐπὶ
533 538 585 612 τῆν
603 538 693 613 πυρῆν
710 537 885 613 βουλόμενος

80 625 182 685 εἰδέναι
203 626 288 688 εἴτις
307 649 356 699 μιν
376 624 512 701 δαιμόνων
532 625 647 702 ῥύσεται
666 629 717 684 τοῦ
736 625 776 701 μῆ
797 627 887 696 ζῶντα

80 714 297 788 κατακαυθῆναι.
338 711 388 772 τόν
407 716 459 788 μὲν
483 713 517 788 δῆ
543 714 647 773 ποιέειν
667 717 764 772 ταῦτα·
798 717 837 792 τῷ
857 714 886 772 δέ

81 801 199 879 Κροίσῳ
213 804 327 860 ἑστεῶτι
346 801 392 859 ἐπὶ
407 805 458 875 τῆς
473 804 563 876 πυρῆς
581 801 716 870 ἐσελθεῖν,
732 802 780 860 καί
790 827 843 878 περ
857 806 886 861 ἐν

81 893 156 968 κακῷ
170 889 243 948 ἐόντι
261 888 395 968 τοσούτῳ,
414 891 446 948 τό
464 893 513 948 τοῦ
534 887 669 958 Σόλωνος,
687 888 722 952 ὥς
739 893 765 948 οἱ
779 891 820 965 εἴη
834 889 888 948 σάν

81 978 137 1055 θεῷ
150 977 293 1053 εἰρημένον
302 977 335 1036 τό
345 988 362 1011 “
365 977 471 1054 μηδένα
481 977 550 1036 εἶναι
560 982 615 1036 τῶν
624 976 748 1048 ζωόντων
758 975 887 1053 όλβιον·”

82 1063 119 1128 τίς
132 1064 162 1123 δέ
175 1063 230 1140 ἄρα
239 1090 289 1141 μιν
300 1069 458 1141 προστῆναι
470 1069 561 1134 τοῦτο,
574 1064 782 1141 ἀνενεικάμενόν
795 1092 826 1124 τε
840 1066 885 1124 καὶ

82 1151 309 1222 ἀναστενάξαντα
321 1158 351 1210 ἐκ
364 1156 477 1228 πολλῆς
490 1153 610 1231 ἡσυχίης
626 1158 653 1215 ἐς
669 1155 728 1230 τρὶς
747 1152 887 1229 ὀνομάσαι

85 1240 211 1300 Σόλωνα·
232 1239 279 1298 καὶ
297 1239 347 1299 τόν
368 1244 463 1317 Κῦρον
484 1239 651 1308 ἀκούσαντα,
674 1244 807 1297 κελεῦσαι
822 1240 887 1302 ταώς

85 1328 219 1404 ἑρμηνέας
239 1328 399 1405 ἐπείρεσθαι
414 1327 464 1387 τόν
485 1332 621 1404 Κροῖσον,
635 1327 697 1386 τίνα
718 1331 817 1385 τοῦτον
831 1333 888 1385 ἐπι-

85 1416 227 1484 εαλέοιτος
243 1415 288 1474 καὶ
297 1416 362 1479 τούς
371 1415 582 1492 προσελθόντας
594 1419 750 1491 ἐπειρωτᾶν,
761 1418 888 1490 Κροῖσον

83 1503 115 1562 δὲ
134 1504 202 1565 τέως
220 1506 273 1581 μὲν
293 1503 379 1584 σιγῆν
400 1505 473 1583 ἐχειν
493 1502 689 1580 ἐρωτεώμενον,
703 1501 774 1579 μετὰ
795 1503 832 1571 δὲ,
854 1502 889 1566 ὦς

84 1590 263 1671 ἠναγκάζετο,
292 1595 386 1651 εἰπεῖν·
403 1591 479 1651 ’“τόν
499 1591 533 1651 ἂν
554 1591 607 1672 ἐγώ
628 1596 701 1650 πᾶσι
728 1590 888 1667 τυράννοισι

84 1680 262 1756 προετίμησα
282 1680 413 1760 μεγάλων
432 1679 581 1758 χρημάτων
602 1684 630 1742 ἐς
649 1679 752 1762 λόγους
773 1677 889 1739 ἐλθεῖν.”

85 1767 121 1829 ώς
134 1766 166 1826 δέ
177 1774 234 1843 σφι
247 1767 345 1844 άσημα
359 1769 469 1844 ἔφραζε,
483 1768 570 1827 πάλιν
584 1768 746 1844 ἐπειρώτεον
758 1766 793 1826 τά
808 1767 889 1848 λεγό·

84 1879 165 1932 μενα.
206 1857 394 1932 λιπαρεόντων
408 1856 437 1914 δέ
448 1855 537 1916 αὐτῶν
548 1857 593 1914 καὶ
603 1855 692 1934 ὄχλον
702 1855 887 1934 παρεχόντων,

86 1945 166 2024 ἔλεγε
186 1943 287 2018 δῆ,-ώς
307 1944 379 2020 ῆλθε
399 1943 489 2022 άρχῆν
510 1943 526 2002 ό
547 1944 652 2012 Σόλων,
668 1945 718 2002 ἐών
733 1944 888 2019 Ἀθηναῖος,

87 2032 133 2090 καὶ
146 2031 318 2108 θεησάμενος
334 2032 425 2091 πάντα
444 2032 493 2091 τόν
505 2036 611 2091 4ἐωυτοῦ
630 2031 722 2107 ὄλβον
739 2032 888 2108 ἀποφλαυ-

86 2120 183 2196 ρίσειε,
198 2119 243 2179 οἶα
256 2119 290 2196 δῆ
305 2121 391 2183 εἴπας·
411 2121 446 2182 ὥς
463 2146 494 2179 τε
513 2119 585 2198 αὐτῷ
602 2119 694 2179 πάντα
711 2120 890 2196 ἀποβεβήκοι

86 2212 175 2285 τῆπερ
189 2212 291 2272 ἐκεῖνος
305 2209 372 2277 εἶπε,
387 2208 466 2268 οὐδέν
478 2234 505 2267 τι
518 2212 632 2284 μᾶλλον
646 2213 673 2270 ἐς
689 2209 788 2267 ἑωυτόν
801 2209 891 2289 λέγων

87 2295 105 2372 ἢ
128 2302 155 2359 ἐς
173 2295 296 2357 ἅπαντά
316 2296 496 2373 ἀνθρώπινον,
519 2297 564 2354 καὶ
583 2296 712 2372 μάλιστα
731 2296 795 2358 τούς
815 2296 891 2373 παρά

87 2385 177 2460 σφίσι
200 2384 311 2444 αὐτοῖσι
335 2385 479 2447 δοκέοντας
503 2383 621 2459 ὀλβίους
648 2385 725 2443 εἶναι.
767 2384 817 2443 τόν
839 2387 891 2460 μὲν

88 2476 217 2550 Κροῖσον
245 2478 333 2533 ταῦτα
364 2473 547 2553 ἀπηγέεσθαι,
574 2478 625 2547 τῆς
659 2473 688 2531 δὲ
717 2477 806 2549 πυρῆς
838 2471 892 2547 ἤδη

88 2560 213 2637 ἁμμένης
237 2561 366 2620 καίεσθαι
388 2561 424 2619 τοὶ
448 2561 630 2638 περιέσχατα·
659 2562 705 2619 καὶ
727 2561 776 2620 τόν
797 2564 892 2636 Κῦρον

89 2647 249 2708 ἀκούσαντα
257 2653 311 2708 τῶν
320 2649 456 2725 ἑρμηνέων
464 2649 498 2708 τοὶ
508 2648 567 2706 εἶπε
576 2652 709 2724 Κροῖσος,
720 2647 893 2727 μεταγνόντα

89 2763 121 2796 τε
134 2737 181 2795 καὶ
195 2736 351 2797 ἐννώσαντα
366 2737 408 2796 ὅτι
422 2737 467 2794 καὶ
481 2735 563 2799 αὐτὸς
579 2735 722 2813 ἅνθρωπος
737 2733 788 2794 ἐών
803 2734 894 2793 άλλον

90 2824 236 2902 ἄνθρωπον
251 2825 400 2905 γενόμενον
420 2829 519 2884 ἐωυτοῦ
538 2822 695 2901 εὐδαιμονίη
713 2822 762 2882 οὐκ
779 2822 895 2881 ἐλάσσω

90 2912 197 2983 ζώοντα
211 2913 278 2988 πυρὶ
296 2913 394 2988 διδοίη,
412 2911 483 2989 πρός
503 2938 534 2970 τε
550 2911 684 2980 τούτοισι,
699 2911 830 2969 δείσαντα
842 2909 894 2985 τῆν

90 3001 167 3060 τίσιν
175 3000 220 3058 καὶ
232 3000 428 3075 ἐπιλεξάμενον
437 3000 472 3062 ώς
483 2999 560 3058 ου’δέν
570 2999 611 3073 εἴη
619 3003 673 3058 τῶν
684 3003 712 3057 ἐν
723 2997 894 3074 οἷνθρώποισι

92 3086 246 3164 ἀσφαλέως
259 3089 332 3166 ἔχον,
347 3087 468 3147 κελεύειν
481 3086 634 3163 σβεννύναι
646 3085 699 3163 τῆν
710 3086 849 3165 ταγάστηυ
861 3086 897 3144 τό

92 3174 238 3248 καιόμενον
262 3179 325 3250 πῦρ,
354 3175 403 3234 καὶ
424 3174 638 3255 καταβιβάζειν
657 3174 796 3254 Κροῖσόν
815 3198 853 3234 τε
872 3171 925 3230 καὶ

80 3258 146 3316 τούς
149 3259 225 3326 μετά
233 3263 379 3332 Κροίσου·
395 3266 524 3331 καὶτοὺς
536 3267 743 3345 πειρωμένους
750 3262 788 3324 οἱ)
795 3259 953 3322 δίινασδολ
