2040 3464
129 107 177 158 ιιι
429 109 614 158 Ἧνοιοαοτ
874 105 926 172 [11.

127 186 200 262 βοῦν
220 185 333 262 ξυλίνην
353 188 459 261 κοίλην·
488 189 533 246 καὶ
554 188 648 246 ἔπειτα
669 186 926 265 καταχρυσώσαντά

127 299 175 348 μιν
187 274 297 348 ταύτην,
314 277 368 332 ἔσω
387 281 416 334 ἐν
429 275 498 353 αὐτῇ
517 275 605 352 θάψαι
620 275 723 351 ταύτην
741 274 776 349 δή
789 275 841 349 τήν
859 273 925 334 ἇπο·

82 361 139 419 130
150 361 290 419 θανοῦσαν
318 362 464 441 θυγατέρα.
505 361 582 437 Αὕτη
610 361 646 421 ὧν
671 362 690 437 ἦ
716 364 787 438 βοῦς
812 366 851 442 γῇ
878 363 927 422 ούκ

128 447 261 524 ἐκρύφθη,
275 448 340 507 ἀλλ’
357 450 396 508 ἐτι
415 449 461 507 καὶ
477 454 505 512 ἐς
521 453 570 525 ἐμὲ
582 449 617 525 ἦν
636 449 751 526 φανερή,
768 455 797 509 ἐν
811 450 864 514 Σάῖ
876 454 927 527 μὲν

127 535 196 594 πόλι
223 535 310 595 ἐοῦσα
336 539 446 613 κειμένη
470 537 500 595 δὲ
527 543 556 596 έν
581 541 658 598 τοῖσι
683 537 885 613 βασιληίοισι,
898 545 927 599 ἐν

129 623 258 699 οἰκήματι
275 624 433 704 ἠσκημένῳ·
456 624 617 701 θυμιήματα
638 626 667 684 δὲ
683 625 747 702 παρ’
769 625 839 704 αὐτῇ
860 652 928 686 παν·

128 715 192 770 τοῖα
218 713 398 793 καταγίζουσι
424 711 477 772 α’νῦ
509 717 606 773 πᾶσαν
631 712 747 790 ἡμέρην·
787 713 872 773 νύκτα
898 714 928 773 δὲ

130 798 250 876 ἑκάστην
270 800 409 878 πάννυχος
431 799 536 879 λύχνος
559 802 751 877 παρακαίεται.
783 799 874 880 α’γχοῦ
897 802 927 862 δὲ

129 891 179 962 τῆς
191 887 262 963 βοῦς
274 887 374 962 ταύτης
388 893 417 946 ἐν
430 886 510 966 ἄλλῳ
527 888 656 964 οἰκήματι
672 887 773 951 εἰκόνες
785 893 839 948 τῶν
855 893 927 948 παλ-

129 975 236 1034 λακέων
247 980 302 1034 τῶν
315 976 472 1052 Μυκερίνου
489 979 599 1046 ἐστῦσι,
618 976 654 1039 (ῦς
667 978 763 1057 ἔλεγον
781 979 808 1035 οἶ
827 981 856 1035 ἐν
874 976 928 1040 Σοίῖ

128 1062 198 1122 πόλι
212 1063 289 1140 ἱρέες·
306 1066 408 1122 ἑστᾶσι
419 1067 471 1140 μὲν
483 1064 538 1142 γοὶρ
552 1064 658 1133 ξύλινοι
672 1064 820 1134 κολοσσοὶ,
831 1068 927 1124 ἐοῦσαι

223 1150 353 1174 ὶῑὶΙ
464 1151 472 1171 Ι

129 1149 248 1227 εἷριθμον
261 1177 296 1213 ως
313 1177 415 1209 εεικοσι
432 1151 560 1227 μαλιστοί
576 1178 619 1228 κη,
633 1152 735 1232 γυμναὶ
748 1152 926 1231 ἐργασμέναι·

130 1239 162 1297 αἶ
170 1265 242 1302 τινες
253 1240 348 1316 μέντοι
362 1240 417 1299 εἶσὶ
433 1239 483 1298 ούκ
497 1241 550 1318 έχω
565 1244 658 1309 εἰπεῖν,
673 1238 749 1314 πλήν
766 1238 833 1314 ἢτῦ
846 1241 927 1321 λεγό-

84 1328 227 1402 131μενα.
270 1331 306 1385 Οἱ
320 1327 351 1386 δέ
365 1353 435 1390 τινες
453 1328 571 1408 λέγουσι
590 1328 655 1404 περὶ
671 1331 722 1404 τῆς
739 1327 810 1403 βοῦς
826 1327 927 1403 ταύτης

130 1415 176 1472 καὶ
193 1419 247 1475 τῶν
265 1419 414 1474 κολοσσῶν
434 1414 514 1474 τόνδε
529 1415 579 1474 τῦν
599 1416 695 1495 λόγον·
721 1414 756 1478 ὥς
773 1420 927 1491 Μυκερῖνος

129 1503 235 1578 ἐρείσθη
258 1508 315 1579 τῆς
328 1507 428 1562 ἑωυτοῦ
449 1503 592 1583 θυγατρὸς,
614 1504 660 1562 καὶ
680 1504 775 1562 ἔπειτα
796 1504 879 1583 ἐμίγη
900 1508 926 1563 οἱ

129 1590 258 1670 ἀεκούσῃ·
278 1591 349 1667 μετοὶ
363 1591 400 1660 δέ,
414 1591 533 1671 λέγουσι
546 1591 582 1654 οἷς
594 1590 613 1665 ἦ
626 1595 691 1654 παῖς
711 1589 857 1670 ἀπήγξατο
870 1590 925 1651 ῦπῦ

129 1678 219 1757 ἄχεος,
234 1678 250 1738 ὁ
264 1679 295 1738 δέ
306 1704 355 1754 μιν
369 1680 454 1755 ἔθαψε
475 1683 504 1737 ἐν
521 1684 557 1756 τῇ
575 1680 626 1754 βοὶΙ
642 1678 739 1757 ταύτῃ·
759 1678 778 1754 ἦ
792 1679 821 1736 δὲ
833 1673 926 1756 μήτηρ

129 1767 213 1842 αὐτῆς
224 1770 279 1825 τῶν
288 1765 458 1841 ἀμφιπόλων
468 1771 523 1825 τῶν
533 1766 714 1843 προδουσέων
726 1765 778 1841 τήν
789 1767 927 1846 θυγατέρα

128 1855 166 1927 τῷ
182 1855 267 1929 πατρὶ
285 1852 410 1928 οἷπέταμε
430 1853 480 1915 τὰς
497 1858 602 1931 χεῖρας·
624 1854 670 1912 καὶ
689 1858 737 1913 νῦν
752 1853 802 1916 τῦς
823 1854 927 1918 εἰκόνας

129 1940 231 2000 αῦτέων
258 1941 326 1999 εἶναι
354 1942 522 2003 πεπονθυῐας
550 1941 638 2016 τοίπερ
665 1944 695 2000 αἱ
722 1941 787 2011 ζωαὶ
814 1943 926 2001 ἔπαθον.

129 2033 216 2088 ταῦτα
234 2029 263 2088 δὲ
276 2030 394 2108 λέγουσι
407 2030 600 2105 φλυηρέοντες,
618 2029 653 2092 ιῦς
669 2029 722 2109 ἐγω
739 2029 832 2102 δοκέω,
845 2028 882 2089 τά
895 2055 926 2091 τε

129 2114 207 2176 ἅλλα
220 2117 265 2176 καὶ
279 2117 312 2193 δή
328 2119 373 2175 καὶ
392 2117 428 2176 τοῦ
445 2119 510 2194 περὶ
527 2117 577 2181 τοὶς
592 2122 687 2195 χεῖρας
699 2122 754 2176 τῶν
768 2122 926 2177 κολοσσῶν·

129 2209 217 2265 ταῦτα
238 2205 294 2286 γάρ
314 2203 351 2265 ὧν
371 2206 416 2263 καὶ
435 2205 515 2280 ἡμεῖς
536 2204 665 2282 ὁρέομεν,
687 2204 730 2265 ὅτι
750 2204 804 2265 ῦπῦ
824 2204 927 2283 χρόνον

128 2292 178 2356 τὰς
196 2297 291 2372 χεῖρας
311 2292 543 2368 ἀποβεβλήκασι,
561 2293 590 2350 αἳ
610 2299 638 2352 ἐν
655 2294 725 2352 ποσὶ
743 2292 845 2352 αύτέων
862 2294 927 2368 φαί·

84 2382 243 2440 132νονται
256 2385 353 2441 ἐοῦσαι
367 2383 406 2439 ἔτι
425 2383 470 2439 καὶ
490 2386 517 2443 ἐς
535 2381 594 2456 ἐμέ.
635 2380 672 2438 Ἡ
690 2381 719 2440 δὲ
737 2382 809 2455 βοῦς
827 2379 863 2439 τοὶ
876 2383 927 2456 μὲν

130 2467 207 2529 ἅλλα
223 2472 441 2545 κατακέκρυπται
460 2470 590 2547 φοινικέῳ
607 2469 706 2545 εἵματι,
720 2468 769 2528 τόν
781 2467 885 2547 αύχένα
898 2469 928 2530 δέ

130 2559 176 2617 καὶ
193 2559 244 2633 τήν
262 2557 390 2633 κεφαλήν
409 2558 501 2632 φαίνει
520 2556 717 2635 κεχρυσωμένα
734 2557 820 2634 παχέῖ
840 2557 928 2632 κάρτα

129 2651 234 2725 χρυσῷ·
254 2647 357 2723 μεταξύ
379 2647 408 2704 δὲ
428 2651 482 2705 τῶν
498 2646 604 2721 κερέων,
621 2645 636 2705 ὁ
655 2650 704 2704 τοῦ
723 2645 806 2720 ήλίου
828 2644 928 2708 κύκλος

129 2736 318 2811 μεμιμημένος
338 2736 434 2794 ἔπεστι
454 2733 583 2813 χρύσεος.
626 2735 685 2793 ἐστι
706 2734 735 2792 δὲ
754 2732 773 2808 ἡ
792 2734 864 2808 βοῦς
879 2732 928 2792 οῦκ

130 2821 209 2899 ὀρθὴ,
232 2822 298 2882 ἀλλ’
312 2829 341 2882 ἐν
357 2823 476 2903 γούνασι
495 2822 613 2897 κειμένη,
630 2822 753 2902 μέγαθος
770 2820 799 2878 δὲ
820 2820 928 2897 ὅσητερ

129 2910 240 2989 μεγάλη
260 2913 332 2987 βοῦς
352 2909 416 2985 ζωή·
443 2909 589 2986 ἐκφέρεται
609 2909 639 2967 δὲ
659 2914 690 2967 ἐκ
709 2913 760 2968 τοῦ
780 2908 928 2985 οἰκήματος

131 2996 184 3056 α’νά
203 2997 294 3057 πάντα
313 2997 349 3056 τῦ
369 2999 439 3067 ἔτεα,
458 2998 541 3056 ἐπεάν
560 2997 716 3056 τύπτωνται
736 2999 762 3055 οἶ
780 2997 929 3078 Αἰγύπτιοι

121 3085 175 3142 τείν
199 3086 253 3144 ου’ντ
278 3084 486 3163 ὀνομαζόμενον
507 3083 571 3144 θεῦν
590 3084 636 3142 ὑπ’
658 3089 722 3160 ἐμεῦ
748 3084 793 3142 ἐπὶ
813 3082 929 3162 τοιούτῳ

49 3182 80 3264 ι
105 3169 272 3251 πρήγματι·
294 3175 363 3238 τότε
384 3175 424 3238 ὧν
444 3174 495 3236 καὶ
513 3172 568 3252 τὴν
591 3174 661 3251 βοῦν
683 3171 834 3248 ἐκφέρουσι
852 3176 880 3232 ἐς
895 3171 930 3229 τὰ

111 3258 172 3318 δαῖς·
210 3264 294 3338 φασὶ
324 3264 386 3350 γάρ
414 3265 450 3346 δή
481 3264 576 3344 αὐτὴν
605 3263 744 3343 δεηθῆναι
768 3262 819 3317 τοῦ
846 3254 953 3326 πατρὶς
