2040 3464
85 112 122 172 ιο,
137 110 181 175 ιο]
347 106 351 113 ·
418 110 553 160 emm.
831 111 878 163 τοι

80 196 191 267 πρῶτον
205 191 403 250 κατακοπέντα·
424 189 508 250 αῦτὸν
522 191 552 249 δὲ
564 189 747 267 Ψαμμήνιτον
759 187 880 264 άναστή·

81 305 182 340 σαντες
204 277 274 356 ἦγον
300 277 377 352 παραὶ
400 277 574 352 Καμβύσεα·
616 279 681 337 ἔνθα
704 280 755 335 τοῦ
778 280 881 335 λοιποῦ

81 366 206 424 διαιτᾶτο
220 367 289 443 ἔχων
308 363 387 422 αι’δὲν
405 365 510 439 βίαιον·
531 368 555 423 εἰ
574 363 604 422 δὲ
621 365 667 422 καὶ
682 363 826 439 ἠπιστήθη
838 362 880 440 μὴ

80 454 335 532 πολυπρηγμονεῐν,
356 449 487 526 ἀπέλαβε
507 449 541 510 ἂν
561 451 703 531 Αἴγυπτον
730 449 803 510 ὥστε
823 456 879 510 ἐπι-

55 564 57 568 “
80 539 224 615 τροπεύειν
247 537 341 612 αὐτῆς·
381 539 440 595 ἐπεὶ
460 541 544 613 τιμᾶν
569 539 672 597 ἐώθασι
694 539 806 613 Πέρσαι
826 541 882 597 τῶν

79 627 226 703 βασιλέων
241 625 306 688 τοῦς
321 624 431 686 παῖδας·
451 629 516 695 τῶν,
531 622 566 699 ἢν
582 626 630 683 καί
646 631 743 699 σφεων
760 624 880 684 οἷποστέ·

80 738 143 783 ωσι,
169 712 242 789 ὅμως
266 712 345 771 τοῖσί
364 736 399 791 γε
421 712 505 770 παισὶ
528 711 617 770 αὐτῶν
643 710 808 770 ἀποδιδοῦσι
828 712 881 787 την

80 800 180 879 ἀρχήν·
201 801 340 858 πολλοῖσι
351 799 404 874 μέν
418 824 466 858 νυν
480 799 526 857 καὶ
544 796 665 858 άλλοισί
676 803 737 857 ἐστι
751 799 880 873 σταθμά-

79 888 198 956 σοσθαι,
213 886 256 946 ὅτι
267 889 351 945 τοῦτο
369 885 440 944 οὕτω
457 886 619 962 νενομίκασι
631 887 743 956 ποιέειν,
758 891 787 946 ἐν
800 887 829 945 δὲ
843 886 878 962 δή

81 975 129 1032 καὶ
140 974 218 1052 τῷδε,
231 977 269 1050 τῷ
286 973 395 1048 Λίβυος
411 971 508 1049 Ἰνάρω
525 973 604 1031 παιδὶ
620 972 755 1050 Θαννύρᾳ,
769 973 799 1036 ῦς
814 973 881 1033 α’πέ-

80 1063 157 1137 λαβε
169 1060 220 1136 τήν
234 1063 261 1119 οἱ
274 1059 290 1119 ὁ
302 1059 396 1134 πατήρ
411 1059 468 1138 εἶχε
481 1058 582 1138 άρχήν·
602 1061 648 1119 καὶ
660 1064 699 1139 τῷ
711 1060 880 1137 Ἀμυρταίου

81 1150 216 1225 Παυσίρι·
244 1148 290 1205 καὶ
309 1147 364 1226 γάρ
385 1143 466 1209 οὗτος
485 1146 616 1222 α’πέλαβε
634 1146 687 1222 την
705 1151 755 1207 τοῦ
775 1149 881 1223 πατρῦς

81 1235 182 1313 οἷρχήν.
204 1235 293 1294 καίτοι
304 1232 401 1309 Ἰνάρω
416 1259 448 1292 τε
466 1234 512 1292 καὶ
525 1233 693 1310 Ἀμυρταίου
712 1234 831 1311 οὐδαμοί
842 1262 882 1294 κω

82 1325 198 1399 Πέρσας
223 1320 294 1380 κακά
318 1322 396 1379 πλέω
423 1320 588 1401 ἐργάσαντο.
630 1326 678 1380 νῦν
701 1321 731 1380 δέ
753 1322 881 1400 μηχανά-

82 1434 164 1486 μενος
183 1408 255 1468 κακά
273 1407 288 1467 ὁ
306 1406 487 1483 Ψαμμήνιτος
506 1408 595 1483 ἔλαβε
614 1407 664 1468 τῦν
684 1408 797 1484 μισθόν·
819 1408 881 1468 α’πι-

82 1496 154 1559 στοὶς
179 1496 233 1576 γάρ
260 1495 428 1574 Αἰγυπτίους
447 1493 516 1569 ἥλω·
558 1496 621 1553 ἐπεί
644 1521 675 1554 τε
698 1496 728 1554 δὲ
749 1495 881 1560 ἐπάῖστος

83 1585 190 1663 ἐγένετο
204 1581 259 1642 ύπδ
275 1580 449 1657 Καμβύσεω,
464 1581 533 1657 αἷμα
551 1582 653 1658 ταύρου
672 1584 743 1642 πιιῦν
761 1582 881 1644 άπέθανε

82 1674 264 1749 παραχρῆμα.
306 1668 376 1727 οὕτω
390 1667 424 1742 δη
439 1664 520 1731 οὗτος
534 1670 706 1746 ἐτελεύτησε.

124 1757 288 1834 Καμβύσης
300 1756 330 1814 δέ
343 1761 373 1814 ἐκ
386 1756 520 1832 Μέμφιος
536 1755 651 1816 άπίκετο
665 1764 692 1821 ἐς
706 1757 775 1822 Σάΐν
787 1758 880 1828 πάλιν,
890 1758 927 1820 16

81 1845 257 1921 βουλόμενος
283 1835 402 1917 ποιῆσαι
428 1843 463 1901 τά
483 1842 517 1917 δη
538 1844 584 1901 καὶ
604 1847 728 1921 ἐποίησε.
771 1847 833 1904 ἐπεί
848 1871 880 1905 τε

83 1931 138 2012 γάρ
153 1932 258 2007 ἐσῆλθε
272 1936 299 1994 ἐς
312 1930 348 1989 τά
361 1934 411 1988 τοῦ
420 1928 558 2005 Ἀμάσιος
572 1933 652 2002 οἰκία,
663 1933 760 1992 αὐτίκα
773 1934 881 1992 ἐκέλευε

84 2023 114 2078 ἐκ
127 2023 177 2094 τῆς
193 2023 287 2093 ταφῆς
303 2019 354 2077 τῦν
371 2016 509 2092 Ἀμάσιος
527 2019 606 2078 νέκυν
625 2020 750 2097 ἐκφέρειν
765 2021 823 2089 ἔξω·
845 2020 881 2084 ὦς

83 2106 114 2165 δέ
139 2105 227 2165 ταῦτά
246 2109 273 2164 οἱ
294 2105 422 2165 ἐπιτελέα
450 2107 566 2185 ἐγένετο,
586 2111 743 2188 μαστιγοῦν
763 2108 880 2178 ἐκέλευε,

83 2193 192 2257 καὶτὰς
204 2193 301 2272 τρίχας
313 2191 485 2261 άποτίλλειν,
501 2193 546 2251 καὶ
560 2198 671 2253 κεντοῦν
683 2219 715 2253 τε
728 2195 774 2252 καὶ
786 2194 881 2253 τᾶλλα

82 2281 176 2342 πάντα
195 2282 390 2358 λυμαίνεσθαι·
427 2280 489 2337 ἐπεί
506 2306 537 2340 τε
557 2281 586 2339 δέ
607 2282 653 2339 καὶ
672 2286 760 2340 ταῦτα
780 2283 882 2358 ἔκαμον

82 2373 230 2437 ποιεῦντες,
254 2367 282 2448 (ὅ
307 2368 363 2449 γάρ
391 2366 424 2442 δη
449 2367 553 2443 νεκρῦς,
576 2367 626 2427 ἅτε
647 2370 881 2446 τεταριχευμένος,

83 2455 195 2534 ἀντεῖχέ
206 2481 237 2515 τε
250 2455 296 2514 καὶ
312 2454 390 2514 οῦδὲν
407 2455 548 2533 διεχέετο,)
563 2456 693 2513 ἐκέλευσέ
707 2481 756 2530 μιν
771 2456 787 2513 ὁ
802 2461 881 2532 Καμ-

83 2541 178 2619 βύσης
193 2547 375 2610 κατακοῦσαι,
396 2541 593 2616 ἐντελλόμενος
609 2541 658 2599 οῦκ
675 2541 750 2600 ὅσια·
772 2543 884 2618 Πέρσαι

83 2628 139 2708 γάρ
152 2629 216 2689 θεάν
236 2629 381 2704 νομίζουσι
400 2627 469 2686 εἶναι
482 2633 547 2704 πῦρ·
568 2627 601 2687 τά
624 2627 660 2686 ὦν
673 2630 830 2687 κατακαίειν
848 2655 882 2710 γε

84 2716 149 2778 τοῦς
175 2716 287 2793 νεκρούς
313 2715 438 2790 οῦδαμῦς
459 2719 488 2773 ἐν
512 2714 587 2793 νόμω
614 2713 785 2790 ούδετέροισί
811 2721 882 2774 ἐστι·

86 2804 218 2881 Πέρσῃσι
230 2805 290 2879 μὲν,
305 2801 338 2860 δι’
359 2802 427 2878 ὅπερ
447 2802 559 2877 εἴρηται,
575 2803 627 2879 θεῷ
646 2801 677 2859 ού
696 2802 800 2861 δίκαιον
814 2803 883 2862 εἶναι

84 2890 215 2969 λέγοντες
236 2891 327 2965 νέμειν
347 2887 444 2964 νεκράν
465 2888 620 2964 ἀνθρώπου·
654 2890 833 2968 Αἰγυπτίοισι
853 2891 883 2949 δὲ

85 2977 247 3052 νενόμισται
260 2981 315 3053 πῦρ
330 2977 426 3052 θηρίον
439 2975 508 3033 εἶναι
522 2977 655 3053 ἔμψυχον,
669 2975 759 3035 πάντα
773 2977 802 3034 δὲ
815 2977 883 3037 αύτδ

85 3064 243 3123 κατεσθίειν
260 3063 297 3122 τά
316 3087 368 3138 περ
389 3060 423 3121 ἂν
445 3061 525 3138 λάβῃ
546 3063 674 3136 πλησθὲν
695 3062 724 3120 δὲ
744 3062 812 3123 αύτδ
832 3067 884 3138 τῆς

51 3199 54 3204 .
85 3151 177 3225 βορῆς
205 3149 446 3223 συναποθνήσκειν
474 3152 514 3227 τῷ
546 3150 768 3228 κατεσθιομένω·
813 3149 905 3206 ὀἴκων
955 3166 965 3199 ‘x

81 3235 204 3311 θηριῦισι
217 3235 304 3313 νόμος
317 3236 449 3315 οὐδαμῶς
468 3238 529 3316 σφί
545 3243 614 3299 ἐστι
631 3237 685 3298 τὸν
702 3237 790 3297 νἐκυν
802 3230 930 3290 mvn»
