2040 3464
137 102 168 147 36
441 106 622 152 ἨΡΟΔΟΤΟΤ
899 101 933 166 [Ῑ.

587 183 714 205 ’stt
868 183 876 205 Ι

137 182 231 256 Μῆδοι
252 183 314 241 ἐπεί
330 209 361 242 τε
382 183 453 243 εἶδον
473 182 557 243 νύκτα
577 211 638 243 αντι
657 208 762 260 ημερης
777 209 932 264 γινομενην,

134 273 184 344 τῆς
199 270 292 348 μάχης
310 296 341 330 τε
359 271 525 341 ἐπαύσαντο,
547 272 592 330 καὶ
611 272 724 348 μᾶλλόν
743 297 771 329 τι
793 272 933 330 ἔσπευσαν

136 358 181 414 καὶ
206 357 362 436 άμφότεροι
388 358 496 435 εἰρήνην
520 363 646 418 ἑωυτοῖσι
671 360 812 440 γενέσθαιζ
855 362 882 418 οἱ
904 359 934 418 δέ

135 445 371 521 συμβιβάσαντες
392 445 491 509 αύτούς
511 446 586 522 ἦσαν
607 448 673 505 οἵδε·
702 447 847 511 Συέννεσίς
866 472 898 505 τε
916 444 933 506 ό

135 533 224 602 Κίλιξ
235 534 281 591 καὶ
295 534 462 611 Λαβύνητος
477 534 492 594 ὁ
507 534 697 610 Βαβυλώνιος
719 532 799 594 οὗτοί
812 541 870 610 σφι
886 535 932 595 καὶ

135 619 167 678 τό
186 620 279 696 ὅρκιον
295 626 321 681 οἱ
339 623 512 685 σπεύσαντες
528 623 660 703 γενέσθαι
678 622 753 697 ῆσαν
772 623 818 680 καὶ
835 620 933 702 γάμων

134 708 298 790 ἐπαλλαγὴν
309 711 453 785 ἐποίησαν·
469 709 624 769 Ἅλυάττεα
636 708 692 791 γάρ
704 712 827 791 ἔγνωσαν
837 710 932 770 δοῦναι

133 794 185 870 τῆν
193 796 331 877 θυγατέρα
339 797 625 878 ἈρύηνινἈστυάγεϊ
634 802 672 876 τῷ
682 798 833 875 Κυαξάρεω
843 799 929 857 παιδί.

133 880 197 942 άνευ
209 884 264 964 γάρ
277 884 427 965 ἀναγκαίης
445 889 561 963 ἰσχυρῆς
579 885 740 962 συμβάσιες
754 886 867 964 ἰσχυραὶ
880 885 931 944 ούκ

134 971 264 1032 ἐθέλουσι
287 974 445 1050 συμμένειν.
487 973 566 1049 ὅρκια
590 974 619 1031 δὲ
642 974 764 1032 ποιέεται
786 977 873 1033 ταῦτα
894 973 931 1033 τά

133 1060 210 1119 ἔθνεα
224 1059 259 1119 τά
272 1088 325 1138 περ
337 1087 368 1120 τε
379 1061 527 1136 Ἕλληνες·
549 1061 594 1119 καὶ
611 1061 681 1137 πρός
699 1061 832 1129 τούτοισι,
848 1061 931 1122 ἐπεάν

131 1146 195 1210 τούς
214 1151 368 1228 βραχίονας
386 1148 570 1224 ἐπιτάμωνται
592 1155 619 1212 ἐς
638 1148 689 1224 τῆν
709 1149 880 1228 όμοχροιίην,
896 1149 929 1210 τό

133 1235 201 1311 αἷμα
214 1235 395 1315 ἀναλείχουσι
408 1237 550 1312 ἀλλήλων.

85 1323 123 1384 θὸ
173 1328 277 1384 Τοῦτον
290 1325 323 1401 δῆ
339 1325 376 1384 ὧν
388 1324 437 1385 τδν
449 1323 608 1405 Ἀστυάγεα
622 1327 722 1401 Κῦρος,
735 1323 814 1384 ἐόντα
829 1329 928 1385 ἑαυτοῦ

132 1413 338 1490 μητροπάτορα,
356 1412 617 1496 καταστρεψάμενος
636 1414 703 1491 ἐσχε
721 1411 754 1472 δι’
772 1414 862 1488 αἰτίην
877 1414 930 1490 τῆν

132 1501 185 1581 ἐγώ
205 1506 234 1561 ἐν
250 1507 327 1560 τοῖσι
344 1500 436 1560 ὀπίσω
454 1500 568 1581 λύγοισι
588 1501 728 1576 σημανέω
748 1500 784 1560 τὰ
805 1505 929 1577 Κροῖσος

133 1590 356 1666 ἐπιμεμφόμενος
369 1594 407 1667 τῷ
421 1588 512 1666 Κύρῳ,
524 1590 550 1650 ἐς
562 1614 593 1648 τε
606 1588 641 1647 τά
651 1588 811 1667 χρηστήρια
824 1591 929 1666 ἐπεμπε

132 1680 156 1734 εἰ
173 1676 356 1752 στρατεύηται
377 1678 422 1735 ἐπὶ
440 1677 562 1752 Πέρσας,
580 1677 626 1734 καὶ
647 1676 680 1752 δῆ
698 1678 743 1734 καὶ
761 1676 929 1754 ἀπικομένου

130 1768 262 1841 χρησμοῦ
273 1764 411 1842 κιβδήλου
422 1765 541 1826 ἐλπίσας
550 1763 621 1841 πρδς
631 1768 730 1824 ἑωυτοῦ
739 1764 789 1824 τόν
797 1767 930 1843 χρησμόν

132 1851 209 1921 εἶναι,
227 1851 406 1929 ἐστρατεύετο
427 1857 453 1914 ἐς
473 1851 524 1925 τῆν
540 1852 674 1928 Περσέων
691 1855 801 1929 μοῖραν.
844 1853 879 1916 ώς
899 1855 928 1915 δὲ

131 1937 246 1999 άπίκετο
259 1941 304 1998 ἐπὶ
316 1940 365 1999 τόν
373 1939 463 1999 Ἅλυν
476 1939 631 2015 ποταμόνό
646 1944 778 2016 Κροῖσος,
791 1941 825 2000 τό
838 1943 928 2001 ἐνθεῦ·

130 2053 184 2096 τεν,
207 2027 241 2090 ώς
262 2030 314 2104 μὲν
334 2027 388 2109 ἐγώ
410 2029 492 2109 λέγω,
514 2026 584 2086 κατά
608 2027 657 2091 τοὶς
681 2027 782 2091 ἐούσας
803 2029 927 2109 γεφύρας

130 2114 281 2190 διεβίβασε
296 2115 346 2176 τὸν
359 2115 489 2192 στρατόν·
510 2115 546 2178 ώς
563 2115 592 2173 δὲ
608 2115 624 2174 ό
640 2115 750 2178 πολλός
764 2115 850 2198 λόγος
863 2116 927 2176 Ἑλ-

130 2203 229 2278 λήνων,
240 2208 336 2280 Θαλῆς
347 2207 373 2263 οἱ
383 2204 402 2281 ,α’
414 2202 557 2280 Μιλήσιος
570 2203 730 2279 διεβίβασε.
762 2203 927 2280 άπορέοντος

129 2291 184 2372 γάρ
209 2293 335 2369 Κροίσου
358 2291 426 2354 ὅκως
450 2295 477 2350 οἱ
500 2290 668 2367 διαβήσεται
691 2290 742 2350 τόν
764 2291 891 2368 ποταμόν
911 2293 928 2353 ὁ

130 2379 258 2456 στρατός,
273 2379 316 2460 (ού
328 2379 384 2459 γάρ
397 2378 431 2453 δῆ
449 2379 520 2439 εἶναί
535 2405 572 2436 κω
588 2383 687 2438 τοῦτον
699 2379 748 2438 τόν
761 2378 863 2457 χρόνον
878 2381 928 2444 τάς

129 2466 253 2548 γεφύρας
265 2467 385 2548 ταύτας)
400 2468 511 2547 λέγεται
524 2466 662 2543 παρεόντα
674 2466 723 2526 τόν
737 2470 835 2541 Θαλῆν
849 2473 878 2526 ἐν
891 2475 929 2548 τῷ

130 2557 316 2635 στρατοπέδῳ,
327 2560 445 2631 ποιῆσαι
459 2554 531 2632 αὐτῷ
541 2554 590 2614 τᾶν
599 2555 726 2630 ποταμόν
738 2554 768 2623 ἐξ
780 2554 930 2632 ἀριστερῆς

128 2643 221 2724 χειρός
233 2645 332 2726 ῥέοντα
344 2648 395 2702 τοῦ
409 2646 531 2719 στρατοῦ
544 2643 590 2700 καὶ
604 2647 633 2700 ἐκ
645 2642 734 2717 δεξιῆς
746 2642 827 2719 ῥέειν·
849 2649 928 2718 ποιῆ-

129 2757 179 2790 σαι
202 2732 232 2790 δὲ
259 2730 319 2790 ὧδε·
347 2730 450 2790 ἄνωθεν
476 2734 525 2789 τοῦ
550 2729 742 2805 στρατοπέδου
766 2729 927 2806 ἀρξάμενον,

130 2818 248 2898 διώρυχα
260 2820 369 2895 βαθέην
382 2818 515 2895 ὀρύσσειν
528 2817 632 2897 άγοντα
645 2818 798 2894 μηνοειδέα,
814 2817 883 2882 ὅκως
895 2818 929 2880 ἂν

127 2907 161 2966 τό
179 2908 369 2984 στρατόπεδον
387 2906 529 2982 ἱδρυμένον
546 2904 616 2963 κατά
633 2906 719 2965 νώτου
736 2904 825 2981 λάβοι
842 2907 929 2986 ταύτῃ

129 2996 199 3054 κατά
224 2995 277 3071 τῆν
299 2994 419 3072 διώρυχα
446 2992 648 3069 ἐκτραπόμενος
674 2998 704 3052 ἐκ
730 2998 784 3052 τῶν
807 2993 929 3073 οἷρχαίων

116 3083 251 3157 ῥεέθρων,
266 3084 314 3141 καὶ
333 3081 409 3142 αὖτις
426 3078 670 3156 παραμειβόμενος
686 3081 719 3140 τδ
737 3083 929 3159 στρατόπεδον

106 3169 139 3224 ἐς
155 3168 195 3224 τά
208 3169 320 3249 αρχαΐα
338 3168 498 3246 ἐσβάλλοι·
520 3168 604 3240 ὥστε,
618 3170 678 3228 ἐπεί
693 3195 726 3228 τε
745 3172 791 3228 καλ
807 3173 929 3247 ἐσχίσθη

89 3248 225 3325 'firma
239 3258 260 3316 α’
272 3259 423 3337 ποταμός,
437 3258 597 3339 ἀμφοτέρῃ
611 3256 755 3336 διαβατὸς
767 3257 888 3332 ἐγένετο.
920 3259 946 3313 ολ
