2040 3464
92 110 232 160 151-1541
413 112 575 159 ΕΥΤΕΡΙΙΗ.
845 108 892 155 185

89 188 192 266 χρόνου
206 188 235 247 δὲ
249 187 281 247 ού
294 192 406 248 πολλοῦ
420 188 587 259 διελθόντος,
599 188 735 269 ἀναγκαίη
749 193 892 267 κατέλαβε

87 274 182 339 Ἴωνάς
196 302 228 335 τε
248 276 294 335 καὶ
313 279 411 352 Κᾶρας
429 274 529 352 ἄνδρας
548 276 618 335 κατά
635 277 718 352 ληίην
732 274 892 336 ε’κπλιύσαν·

89 390 147 432 τας,
162 363 359 441 ἀπενειχθῆναι
373 368 400 425 ἐς
417 364 569 442 Αἴγυπτον·
592 363 729 439 ἐκβάντας
745 364 775 422 δὲ
793 369 820 426 ἐς
838 367 892 444 γῆν

90 453 135 509 καὶ
150 450 337 512 ὁπλισθέντας
350 454 447 529 χαλκῷ
460 451 595 530 ἀγγέλλει
610 455 665 510 τῶν
678 477 719 513 τις
732 452 891 531 Αἰγυπτίων

90 543 117 601 ἐς
132 539 169 599 τά
185 539 252 597 ἕλεα
272 537 438 613 άπικίμενος
458 543 496 616 τῷ
510 541 685 618 Ψαμμιτίχῳ,
700 539 748 620 (ὥς
764 537 814 598 ούκ
828 538 891 599 ίδών

89 626 225 702 πρότερον
244 630 342 704 χαλκῷ
362 625 462 701 ἄνδρας
489 625 697 706 ὁπλισθέντας)
720 626 755 688 ὥς
774 626 890 705 χάλκεαι

90 712 185 789 ἄνδρες
218 713 366 793 ἀπιγμένοι
396 713 451 772 α’πδ
484 712 634 789 θαλάσσης
659 719 831 790 λεηλατεῦσι
857 715 891 776 τό

89 803 192 862 πεδίον·
214 802 230 862 ὁ
251 803 289 870 δὲ,
305 800 402 878 μαθων
422 801 455 861 τό
476 803 648 879 χρηστήριον
669 803 888 878 ἐπιτελεύμενον,

90 890 164 966 φίλα
181 916 212 949 τε
227 893 304 949 τοῖσι
319 887 401 948 Ἴωσι
421 890 467 947 καὶ
488 891 585 966 Καρσὶ
602 891 725 949 ποιέεται
739 891 787 948 καί
799 896 891 963 σφεας

88 977 200 1057 μεγάλα
218 976 436 1055 ὑπισχνεύμενος
449 978 538 1035 πείθει
556 977 615 1052 μετ’
629 981 729 1037 ἑωυτοῦ
747 978 888 1057 γενέσθαι·

90 1064 125 1127 ὦς
138 1066 167 1124 δὲ
181 1067 283 1134 ἔπεισε,
297 1062 367 1124 ούτω
380 1063 439 1140 ἅμα
456 1069 532 1123 τοῖσι
552 1064 612 1140 μετ’
628 1069 727 1124 ἑωυτοῦ
747 1067 887 1141 βουλομέ-

88 1178 163 1213 νοισι
190 1152 370 1233 Αἰγυπτίοισι
397 1151 443 1209 καὶ
462 1155 539 1211 τοῖσι
560 1152 733 1229 ἐπικούροισι
753 1153 890 1230 καταιρέει

88 1239 153 1302 τούς
165 1242 316 1315 βασιλέας.

129 1328 282 1404 Κρατήσας
305 1327 335 1386 δὲ
358 1326 501 1407 Αἰγύπτου
524 1326 620 1403 πάσης
644 1327 659 1386 ὁ
683 1327 935 1405 Ψαμμίτιχος,153

88 1417 204 1492 ε’ποίησε
217 1421 255 1494 τῷ
267 1416 418 1494 Ἡφαίστῳ
428 1415 591 1491 προπύλαια
605 1420 634 1474 ε’ν
648 1416 759 1491 Μέμφι,
770 1415 806 1474 ταὶ
819 1416 889 1492 πρός

88 1503 168 1562 νότον
187 1503 288 1580 ἄνεμον
306 1504 490 1580 τετραμμένα·
512 1501 601 1577 αὐλήν
614 1529 645 1561 τε
663 1507 701 1580 τῷ
714 1501 793 1573 Ἀπι,
808 1508 837 1562 ἐν
852 1508 888 1581 τῇ

87 1591 219 1667 τρέφεται
240 1590 322 1650 ε’πεοῖν
344 1595 420 1667 φανῇ
438 1590 454 1649 ὁ
470 1589 562 1658 Ἀπις,
581 1589 748 1666 οἰκοδόμησε
768 1592 889 1650 ε’ναντίον

87 1682 142 1737 τῶν
162 1679 351 1754 προπυλαίων,
367 1677 464 1736 πᾶσάν
481 1703 513 1736 τε
533 1678 704 1753 περίστυλον
723 1682 824 1737 ἐοῦσαν
842 1679 888 1738 καὶ

87 1764 179 1825 τύπων
200 1766 299 1841 πλέην·
327 1765 388 1824 ἀντὶ
409 1766 439 1824 δὲ
460 1764 565 1835 κιόνων,
587 1765 728 1825 ύπεστᾶσι
749 1766 888 1825 κολοσσοὶ

88 1853 310 1931 δυωδεκαπήχεες
323 1858 358 1928 τῆ
370 1852 453 1930 αύλῇ·
472 1852 487 1911 ὁ
502 1853 531 1911 δὲ
540 1852 624 1914 Ἀπις
638 1852 708 1912 κατά
721 1853 772 1928 τὴν
785 1853 887 1929 Ἑλλή-

87 1966 140 2000 νων
155 1941 294 2022 γλῶσσάν
313 1947 375 2000 ε’στι
389 1940 531 2015 Ἔπαφος.
573 1945 655 2000 Τοῖσι
676 1942 705 2000 δὲ
721 1942 801 2003 Ἴωσι
822 1943 868 2002 καὶ
878 1945 933 2002 154

88 2032 163 2087 τοῖσι
186 2030 287 2106 Καρσὶ
313 2033 391 2088 τοῖσι
418 2029 745 2109 συγκατεργασαμένοισι
772 2030 844 2109 αύτῷ
871 2029 888 2089 ό

87 2117 264 2195 Ψαμμίτιχος
280 2117 376 2176 δίδωσι
392 2116 499 2194 χοίρους
516 2121 659 2191 ἐνοικῆσαι
676 2117 784 2181 α’ντίους
800 2117 888 2194 αἶλλή-

87 2208 152 2274 λων,
165 2209 215 2263 τοῦ
235 2205 343 2263 Νείλου
360 2204 392 2263 τό
411 2205 501 2280 μέσον
520 2206 638 2282 ἔχοντος,
654 2210 729 2264 τοῖσι
748 2205 888 2282 ούνόματα

88 2293 168 2367 ε’τέθη
186 2291 375 2368 Στρατόπεδα·
396 2290 511 2353 τούτους
527 2317 559 2350 τε
577 2292 611 2366 δή
629 2299 684 2368 σφι
700 2293 766 2355 τούς
780 2293 888 2371 χώρους

88 2379 184 2439 δίδωσι
199 2381 245 2438 καὶ
262 2379 357 2438 τᾶλλα
374 2378 410 2438 ταὶ
427 2379 569 2457 ύπέσχετο
585 2379 677 2438 πάντα
697 2379 826 2452 οἷπέδωκε,
842 2380 888 2439 καὶ

88 2467 122 2542 δη
147 2469 193 2526 καὶ
217 2468 317 2529 παῖδας
339 2469 489 2544 παρέβαλε
512 2466 623 2525 αὐτοῖσι
646 2468 814 2546 Αἰγυπτίους
836 2467 888 2542 τήν

88 2553 215 2614 Ἑλλάδα
237 2560 376 2636 γλῶσσαν
400 2553 622 2613 ἐκδιδάσκεσθαι·
650 2553 706 2613 αἶπό
730 2554 759 2612 δὲ
784 2554 888 2614 τούτων

88 2643 263 2719 ἐκμαθόντων
277 2643 330 2718 την
346 2646 486 2722 γλῶσσαν
504 2645 530 2701 οἶ
546 2646 595 2702 νῦν
616 2643 743 2718 ἑρμηνέες
760 2646 789 2700 ε’ν
805 2641 887 2722 Αἰγύ-

86 2757 146 2810 πτῳ
160 2729 303 2812 γεγόνασι.
338 2734 365 2789 οἱ
383 2731 412 2789 δὲ
427 2729 520 2792 Ἴωνές
530 2755 561 2789 τε
572 2730 617 2787 καὶ
631 2733 657 2788 αἶ
672 2734 765 2806 Κᾶρες
774 2729 888 2794 τούτους

86 2817 151 2880 τούς
174 2817 281 2896 χοίρους
302 2818 420 2893 οἴκησαν
440 2816 543 2894 χρόνον
566 2818 610 2876 ε’πὶ
631 2816 752 2876 πολλόν·
780 2819 835 2877 εἰσὶ
858 2817 888 2877 δὲ

88 2901 164 2964 οὗτοι
180 2909 207 2963 οἱ
224 2909 310 2983 χῶραι
328 2906 400 2982 πρός
418 2904 576 2979 θαλάσσης,
594 2904 691 2984 ὀλίγον
710 2905 801 2982 ἔνερθε
819 2912 887 2965 Βου·

87 2991 209 3067 βάστιος
219 2993 326 3061 πόλιος,
336 2992 382 3051 ε’πὶ
391 2996 428 3070 τῳ
437 2993 592 3070 Πηλουσίῳ
600 2993 758 3072 καλεομένῳ
767 2993 888 3069 στόματι

87 3083 137 3137 τοῦ
148 3080 264 3139 Νείλου·
284 3078 399 3151 τούτους
410 3083 462 3155 μὲν
477 3079 510 3154 δη
522 3078 612 3159 χρόνῳ
623 3079 741 3158 ὕστερον
755 3081 900 3157 βασιλεύς

82 3166 208 3241 Ἀμασις
219 3167 414 3243 ἐξαναστήσας
428 3167 556 3230 ἐνθεῦτεν
573 3169 725 3229 κατοίκισε
738 3167 929 3239 &NK-'wem

77 3252 213 3328 φυλακήν
222 3257 327 3316 ἑωυτοῦ
339 3256 512 3338 ποιεύμενος
525 3259 601 3341 πρὸς
616 3257 801 3342 Αἰγυπτίων.
831 3249 952 3307 εούτιυα
