2040 3464
112 104 254 171 ιιι-ιιι]
456 109 568 156 mm.
877 107 909 151 οι

111 184 249 259 κρίνοντες
259 185 323 246 οὕτε
331 185 444 264 πρῶρην
454 186 629 267 συνάγοντες,
642 185 707 243 ἀλλ’
718 183 838 245 ἀσπίδος
850 180 913 259 τρύ·

110 298 166 331 πον
179 275 346 350 κυκλοτερέα
359 274 537 349 ποιήσαντες·
556 274 601 332 καὶ
613 272 740 348 καλάμης
753 270 914 345 πλήσαντες

110 362 169 419 πᾶν
180 359 214 419 τῦ
230 365 332 419 πλοῖον
346 365 438 432 τοῦτο,
454 360 556 420 α’πιᾶσι
574 360 643 418 κατοὶ
658 358 707 418 τδν
723 357 850 434 ποταμὸν
863 357 912 431 φέ-

110 448 213 523 ρεσθαι
229 449 351 524 φορτίων
368 447 537 522 πλήσαντες·
558 447 686 523 μάλιστα
700 447 728 505 δὲ
741 437 917 522 βίκουςφοι-

110 535 232 610 νικηίους
245 534 400 615 κατάγουσι
413 535 488 594 οἴνου
504 535 616 596 πλέους·
639 534 758 594 ἰθύνεται
772 533 801 591 δὲ
813 532 869 592 ῦπό
881 557 913 590 τε

111 621 160 680 δύο
172 621 329 697 πλήκτρων,
344 623 389 680 καὶ
403 622 451 681 δύο
469 621 574 699 ἀνδρῶν
588 621 678 698 ὀρθῶν
694 619 842 679 ἑστεώτων·
864 619 910 678 καὶ

110 707 126 766 ὁ
136 710 189 784 μὲν
200 709 254 767 ἔσω
265 709 340 767 ἕλκει
349 709 381 769 τέ
392 713 535 786 πλῆκτρον
545 708 561 768 ὅ
573 710 601 768 δὲ
613 710 663 777 ἔξω
674 708 761 768 ῶθέει.
789 706 911 766 ποιέεται

111 795 141 854 δὲ
155 797 201 854 καὶ
214 796 302 872 κάρτα
311 796 424 876 μεγάλα
433 801 521 855 ταῦτα
530 797 566 856 τά
578 801 666 855 πλοῖα
680 797 726 854 καὶ
739 794 863 865 ἐλάσσω,
876 793 912 854 τά

110 883 140 941 δὲ
148 885 271 964 μέγιστα
279 884 368 944 αὐτῶν
378 889 423 942 καὶ
431 887 665 962 πεντακισχιλίων
672 884 815 943 ταλάντων
822 883 913 964 γόμον

111 972 178 1048 ἔχει·
200 977 228 1031 ἐν
239 971 346 1050 ἑκάστῳ
360 973 389 1030 δὲ
399 973 489 1050 πλοίῳ
500 972 561 1034 ὄνος
572 972 639 1043 ζωός
650 973 748 1040 ἔνεστι,
760 977 789 1030 ε’ν
799 971 828 1029 δὲ
836 974 912 1029 τοῖσι

109 1059 210 1133 μέζοσι
222 1065 346 1121 πλεῦνες·
370 1059 453 1118 ἐπεάν
468 1058 503 1119 ῶν
517 1059 667 1120 ἀπίκωνται
679 1060 812 1120 πλέοντες
823 1064 849 1120 ἐς
859 1057 912 1132 τήν

110 1147 279 1220 Βαβυλῶνα,
298 1148 343 1205 καὶ
362 1147 521 1206 διαθέωνται
538 1147 587 1207 τὸν
606 1147 720 1223 φόρτον,
740 1147 840 1222 νομέας
860 1148 911 1221 μὲν

110 1237 160 1291 τοῦ
173 1234 275 1292 πλοίου
290 1235 335 1292 καὶ
348 1234 400 1308 τήν
414 1234 544 1310 καλάμην
554 1240 650 1293 πᾶσαν
661 1233 707 1292 ἀπ’
720 1233 757 1292 ῶν
768 1233 909 1309 ἐκήρυξαν,

110 1320 158 1382 τοὶς
174 1320 203 1379 δὲ
216 1321 349 1398 διφθέρας
360 1321 540 1390 ἐπισάξαντες
554 1323 599 1380 ἐπὶ
612 1321 676 1383 τοῦς
689 1320 776 1390 ὄνους,
791 1319 911 1378 α’πελαύ-

111 1433 192 1467 νουσι
212 1413 240 1470 ἐς
258 1410 323 1472 τοῦς
337 1409 507 1485 Ἀρμενίους·
529 1409 582 1468 dud
596 1407 645 1469 τὸν
663 1408 791 1484 ποταμὸν
805 1407 860 1488 γάρ
877 1407 911 1483 δή

112 1495 162 1554 οῦκ
176 1495 221 1555 οἶαί
233 1498 266 1556 τέ
277 1502 338 1556 ἐστι
351 1498 447 1556 πλέειν
460 1497 550 1558 οῦδενὶ
564 1497 665 1575 τρόπῳ,
679 1496 734 1555 ύπδ
748 1495 848 1574 τάχεος
860 1500 911 1554 τοῦ

112 1588 250 1660 ποταμοῦ·
272 1584 317 1643 διοὶ
330 1585 385 1664 γάρ
398 1589 487 1643 ταῦτα
500 1586 546 1644 κὰὶ
560 1585 610 1644 οῦκ
624 1590 653 1642 ἐκ
667 1583 757 1653 ξύλων
770 1588 912 1642 ποιεῦνται

111 1670 148 1730 τά
167 1676 263 1743 πλοῖα,
284 1672 350 1730 ἁλλ’
365 1678 394 1731 ἐκ
415 1673 575 1749 διφθερέων·
598 1672 681 1731 ἐπεάν
701 1673 731 1731 δὲ
750 1670 814 1734 τοῦς
832 1669 912 1735 ὅνους

113 1758 275 1822 ἐλαύνοντες
284 1759 434 1820 ἀπίκωνται
444 1760 534 1820 ὀπίσω
545 1766 572 1823 ἐς
581 1761 646 1823 τοῦς
654 1760 822 1837 Ἀρμενίους,
836 1758 913 1818 ἅλλα

112 1845 206 1926 τρόπῳ
221 1852 259 1926 τῷ
275 1847 348 1926 αὐτῷ
362 1852 504 1907 ποιεῦνται
519 1853 617 1909 πλοῖα,
657 1846 693 1907 τά
708 1850 760 1924 μὲν
778 1847 811 1923 δὴ
824 1851 912 1906 πλοῖα

113 1933 227 1994 αὐτοῖσί
237 1941 298 1994 ἐστι
310 1939 434 1995 τοιαῦτα.
463 1934 583 2012 Ἐσθῆτι
597 1937 626 1996 δὲ
642 1936 735 2015 τοιῇδε
748 1939 889 2013 χρέωνται,
902 1938 957 1995 195

114 2022 208 2082 κιθῶνι
217 2024 363 2099 ποδηνεκέϊ
372 2025 463 2102 λινέῳ·
478 2025 524 2082 καὶ
534 2025 579 2083 ἐπὶ
589 2028 687 2083 τοῦτον
698 2023 788 2083 ἄλλον
798 2024 912 2099 εἰρίνεον

114 2110 216 2170 κιθῶνα
232 2110 376 2183 ἐπενδύνει,
394 2113 440 2170 καὶ
458 2113 603 2191 χλανίδιον
620 2111 720 2171 λευκδν
739 2110 912 2188 περιβαλλό·

112 2222 203 2273 μενος,
219 2198 386 2275 ῦποδήματα
405 2200 475 2278 ἔχων
487 2199 629 2278 ἐπιχώρια,
643 2198 831 2276 παραπλήσια
843 2203 912 2276 τῇσι

113 2287 265 2365 Βοιωτίῃσι
275 2286 393 2363 ἐμβάσι·
411 2291 547 2364 κομῶντες
558 2289 587 2347 δὲ
596 2287 647 2350 τάς
657 2287 784 2363 κεφαλάς
796 2288 913 2365 μίτρῃσι

113 2371 283 2445 οἷναδέονται,
294 2376 496 2451 μεμυρισμένοι
508 2380 565 2435 πᾶν
574 2374 607 2434 τά
618 2380 710 2451 σῶμα·
724 2375 870 2454 σφρηγῖδα
884 2375 914 2433 δὲ

112 2460 232 2524 ἕκαστος
244 2465 309 2541 ἔχει,
323 2464 369 2521 καὶ
382 2468 526 2540 σκῆπτρον
535 2464 739 2541 χειροποίητον·
753 2460 795 2520 ἐπ’
806 2460 912 2540 ἑκάστῳ

112 2548 143 2607 δὲ
159 2549 292 2630 σκήπτρῳ
309 2553 406 2609 ἔπεστι
425 2552 612 2626 πεποιημένον
628 2549 646 2626 ἢ
661 2554 755 2627 μῆλον
768 2547 786 2624 ἢ
799 2548 881 2625 ῥόδον
894 2547 912 2625 ἢ

113 2637 207 2713 κρίνον
219 2636 237 2714 ἢ
251 2639 340 2702 αἰετὸς
352 2638 370 2715 ἦ
381 2639 455 2698 ἄλλο
465 2666 501 2699 τι·
516 2638 580 2699 άνευ
590 2638 644 2720 γάρ
659 2637 798 2714 ἐπισήμου
812 2634 845 2695 οῦ
858 2643 914 2712 σφι

111 2723 198 2801 νόμος
210 2727 272 2786 ἐστὶ
285 2727 357 2805 ἔχειν
369 2732 523 2804 σκῆπτρον·
543 2725 613 2801 αῦτη
625 2729 677 2802 μὲν
690 2725 724 2801 δή
737 2731 793 2800 σφι
806 2723 915 2800 ἄρτισις

111 2807 178 2882 περὶ
189 2807 222 2867 τῦ
236 2812 320 2885 σῶμα
333 2808 403 2867 ε’στί.

153 2893 248 2970 Νόμοι
261 2896 290 2954 δὲ
303 2895 414 2954 αῦτοῖσι
428 2892 481 2954 ῶδε
491 2895 681 2954 κατεστέαται·
699 2893 715 2953 ὁ
728 2895 780 2970 μὲν
799 2889 893 2966 σοφῶ-
903 2893 961 2953 196

111 3007 196 3043 τατος
213 2981 266 3050 ὅδε,
282 2982 352 3042 κατοὶ
366 2980 480 3064 γνώμην
495 2982 547 3060 τὴν
563 2980 767 3062 ήμετέρην,τῶ
778 2978 932 3039 mxx-m·

99 3072 174 3143 ριῶν
185 3068 310 3133 Ἑνετούς
322 3072 504 3152 πυνθάνομαι
514 3075 659 3156 χρῆσθαι·
682 3071 759 3133 κατιὶ
773 3067 876 3145 κῶμας
887 3057 977 3158 ὶκία-ι

90 3176 167 3216 Μῖ
177 3152 260 3227 ἅπαξ
267 3165 325 3220 τοῦ
337 3162 419 3230 ἔτεος
432 3165 571 3229 ἑκάστου
585 3166 729 3229 ἐποιέετο
742 3158 826 3221 τάδε·
845 3151 889 3210 ὣς
897 3143 937 3201 {w
951 3161 988 3192 ω’

79 3241 219 3364 τψήενοι
235 3252 376 3327 γινοίατο
391 3256 504 3342 γάμων
524 3257 658 3340 ὡραῖαι,
678 3252 805 3318 “utrm
825 3243 912 3304 «χω
931 3241 1011 3285 mw.
