2040 3464
149 107 182 152 ιο
458 108 639 156 Ἦνοιουοτ
908 107 944 170 [ι.

146 181 270 260 κατάπερ
282 183 302 257 ἡ
314 185 462 264 Αἰγυπτίη,
477 185 679 260 κατατέτμηται
694 190 721 247 ἐς
735 183 879 264 διώρυχας·
899 188 943 247 καί

145 268 165 344 ἦ
187 272 308 351 μεγίστη
328 276 383 330 τῶν
403 272 540 350 διωρύχων
564 273 625 331 ἐστὶ
646 273 853 348 νηυσιπέρητος,
875 275 944 350 πρὸς

145 355 228 432 ἥλιον
239 359 412 434 τετραμμένη
425 359 474 418 τόν
484 357 649 437 χειμερινόν·
666 359 758 436 ἐσέχει
772 359 801 417 δὲ
815 364 841 421 ἐς
854 357 944 422 ἄλλον

145 443 272 521 ποταμόν
293 450 322 503 ἐκ
342 450 392 505 τοῦ
411 445 573 522 Εὐφρήτεω,
591 451 619 509 ἐς
637 444 686 506 τόν
704 446 808 525 Τίγριν,
829 447 893 523 παρ’
913 447 945 508 ὃν

145 535 231 593 Νῖνος
243 531 325 594 πόλις
344 533 447 608 οἴκητο·
469 534 578 592 ἔστιδὲ
597 534 707 611 χωρέων
726 532 796 608 αὕτη
814 533 944 596 οἱπασέων

145 623 241 696 μακρῷ
264 618 366 695 ἀρίστη
387 625 441 680 τῶν
462 619 542 695 ἡμεῖς
565 620 644 695 ἴδμεν
665 619 814 696 Δήμητρος
838 623 944 698 καρπόν

145 709 279 783 ἐκφέρειν·
308 708 344 767 τοὶ
364 708 419 789 γάρ
442 707 476 783 δη
497 707 575 766 ἄλλα
597 707 709 785 δένδρεα
733 707 796 767 οὐδὲ
815 714 944 786 πειρᾶται

145 794 234 874 ἀρχὴν
248 797 350 872 φέρειν,
362 796 424 855 οὔτε
435 796 537 870 συκέην
547 794 610 854 οὔτε
621 794 747 870 ἄμπελον
761 794 824 854 οὔτε
838 798 943 874 ἐλαίην·

144 882 193 941 τόν
213 883 243 941 δὲ
261 888 312 958 τῆς
332 883 480 960 Δήμητρος
501 881 608 959 καρπόν
629 881 680 941 ὦδε
700 882 792 963 οἶγαθή
818 887 943 961 ἐκφέρειν

145 971 215 1041 ἐστὶ,
235 968 308 1029 ιύστε
327 972 372 1030 ἐπὶ
387 969 516 1046 διηκόσια
533 973 584 1047 μὲν
601 969 634 1029 τό
656 970 788 1046 παράπαν
807 970 943 1043 ἀποδιδοῖ,

145 1057 228 1117 ἐπεάν
245 1058 274 1118 δὲ
293 1056 396 1136 άριστα
414 1058 484 1133 αὕτη
503 1062 603 1133 ἑωυτῆς
617 1058 713 1136 ἐνείκῃ,
735 1059 780 1116 ἐπὶ
795 1060 943 1135 τριηκόσια

145 1146 264 1222 ἐκφέρει·
284 1146 320 1205 τά
338 1147 367 1205 δὲ
384 1145 482 1222 φύλλα
499 1145 596 1205 αὐτόθι
611 1149 666 1205 τῶν
679 1170 710 1204 τε
723 1150 816 1222 πυρῶν
830 1148 875 1205 καὶ
888 1153 942 1208 τῶν

128 1233 258 1309 ,κριθέων
272 1233 305 1293 τό
322 1233 429 1297 πλάτος
443 1235 547 1315 γίνεται
567 1235 708 1310 τεσσέρων
728 1233 860 1296 εὐπετέως
879 1235 942 1295 δακ·

144 1319 243 1380 τύλων·
264 1325 294 1379 ἐκ
312 1322 341 1379 δὲ
357 1322 476 1402 κέγχρου
493 1321 538 1380 καὶ
554 1321 687 1400 σησάμου
701 1319 770 1380 ὅσον
785 1348 813 1381 τι
830 1322 941 1400 δένδρον

143 1409 265 1488 μέγαθος
287 1409 392 1488 γίνεται
413 1408 626 1485 ἐξεπιστάμενος
645 1407 757 1484 μνήμην
774 1407 806 1467 ού
823 1410 941 1485 ποιήσο·

142 1521 202 1571 μαι,
224 1496 253 1555 εὗ
271 1496 345 1559 εἷδιδς
360 1496 403 1556 ὅτι
418 1501 494 1556 τοῖσι
514 1495 554 1572 μή
575 1495 754 1576 ἀπιγμένοισι
772 1501 800 1559 ἐς
818 1496 870 1571 τήν
886 1505 941 1557 Βα-

143 1584 284 1659 βυλωνίην
297 1583 391 1662 χιύρην
405 1585 451 1641 καὶ
464 1584 501 1643 τά
514 1584 642 1661 εῗρημένιι
656 1587 767 1660 καρπῶν
781 1583 900 1662 ἐχόμενα
913 1592 942 1650 ἐς

143 1669 275 1746 άπιστίην
288 1671 400 1745 πολλὴν
413 1670 535 1730 άπῐκται.
571 1671 700 1748 χρέονται
713 1671 742 1729 δέ
756 1669 834 1731 οὐδὲν
847 1674 940 1752 ἐλαίῳ,

144 1757 208 1817 ἀλλ’
229 1764 259 1816 ἐκ
278 1764 333 1817 τῶν
353 1759 490 1835 σησάμων
510 1764 658 1821 ποιεῦντες.
692 1759 747 1818 εἶσὶ
761 1759 791 1817 δέ
809 1766 865 1835 σφι
878 1764 940 1835 φοί-

142 1871 213 1908 νικες
230 1847 383 1920 πεφυκότες
403 1845 456 1906 dv&
470 1851 526 1906 πιῖν
544 1845 576 1906 τά
595 1847 698 1916 πεδίον,
715 1849 742 1905 οἱ
760 1851 876 1911 πλεῦνες
893 1847 940 1908 αὖ·

128 1938 196 1992 πῶν
217 1933 400 2011 καρποφόροι,
425 1940 455 1993 ἐκ
477 1939 531 1994 τῶν
558 1936 604 1992 καὶ
630 1936 708 1993 σιτία
731 1936 777 2001 καὶ
798 1934 873 1995 οἶνον
893 1938 940 1997 καὶ

141 2021 208 2097 μέλι
229 2026 379 2081 ποιεῦνται·
409 2021 473 2085 τούς
494 2023 599 2081 συκέων
620 2021 724 2099 τρόπον
745 2023 939 2099 θεραπεύουσι,

141 2107 227 2168 τότε
248 2108 332 2179 ἅλλα,
357 2110 403 2168 καὶ
425 2110 556 2184 φοινίκων
581 2109 645 2172 τούς
671 2110 784 2186 ἔρσενας
800 2109 938 2187 Ἕλληνες

141 2198 282 2268 καλέουσι,
295 2196 399 2257 τούτων
410 2198 459 2257 τόν
473 2197 580 2275 καρπόν
595 2197 753 2274 περιδέουσι
764 2201 833 2275 τῇσι
845 2201 937 2274 βαλα·

141 2284 291 2361 νηφόροισι
303 2290 356 2345 τῶν
371 2287 509 2360 φοινίκων,
525 2285 569 2345 ἶνα
581 2287 701 2364 πεπαίνῃ
721 2286 753 2344 τέ
768 2291 825 2361 σφι
844 2285 860 2345 ὁ
881 2287 939 2364 ψὴν

139 2371 191 2448 τήν
209 2372 338 2448 βάλανον
359 2373 478 2434 ἐσδύνων
499 2374 544 2432 καὶ
564 2373 603 2450 μη
625 2373 747 2452 ἀπορρέῃ
767 2372 783 2432 ό
805 2374 938 2450 καρπόςό

139 2464 189 2518 τοΐ
203 2462 336 2536 φοίνικος·
357 2466 446 2539 ψῆνας
460 2460 515 2543 γάρ
533 2461 568 2537 >δὴ
588 2462 724 2538 φορέουσι
740 2466 768 2520 ἐν
784 2464 822 2538 τῷ
842 2466 939 2542 καρπῷ

141 2550 167 2606 οἱ
181 2550 298 2624 ἔρσενες,
313 2549 434 2626 κατάπερ
449 2549 482 2623 δή
496 2551 523 2607 οἱ
536 2548 658 2608 ὄλυνθοι.

95 2636 151 2694 194
190 2634 229 2695 Τό
251 2636 281 2694 δέ
301 2636 428 2695 ἁπάντων
450 2638 546 2711 θῶυμα
568 2634 703 2716 μέγιστόν
725 2636 777 2712 μοί
800 2640 863 2695 ἐστι
881 2641 938 2698 τῶν

137 2721 224 2800 ταύτῃ
244 2723 315 2799 μετά
334 2749 368 2803 γε
388 2724 473 2799 αὐτὴν
492 2723 545 2797 τήν
564 2723 657 2793 πόλιν,
675 2723 792 2801 ἔρχομαι
808 2722 937 2799 φράσων.

138 2809 174 2869 τά
187 2815 274 2868 πλοῖα
288 2811 399 2869 αὐτοῖσί
414 2816 475 2869 ἐστι
489 2809 525 2868 τοὶ
539 2810 609 2869 κατὰ
620 2810 669 2870 τόν
682 2811 809 2888 ποταμόν
821 2811 937 2887 πορευό-

129 2922 205 2970 μενα
227 2903 255 2960 ἐς
274 2897 326 2973 τήν
348 2899 515 2973 Βαβυλῶνα,
545 2896 624 2956 ἐόντα
645 2899 820 2975 κυκλοτερέα,
844 2897 937 2959 πάντα

120 2982 254 3044 σκύτινα·
277 2984 366 3047 ε’πεοῖν
379 2985 436 3070 γάρ
454 2991 482 3047 ἐν
499 2984 759 3064 τοῖσιἊρμενίοισι
774 2990 851 3046 τοῖσι
871 3011 937 3046 κατ-

108 3063 220 3144 ύπερθε
231 3071 403 3154 Ἀσσυρίων
413 3073 792 3156 οἰκημένοισινομέαςλτέης
799 3070 953 3146 ταμόμενοι

93 3155 299 3235 ποιήσωνται,
324 3168 538 3247 περιτείνουσι
558 3165 696 3228 τούτοισι
711 3158 853 3236 &ss&sz
870 3178 973 3252 (ΠΨ

80 3243 219 3312 ΠΡῖδας
239 3253 519 3338 ἕξωθενῖἐδάφεος
536 3257 665 3338 τρόπον,
682 3248 754 3313 οίιτε
768 3241 904 3311 πρύμνην
924 3259 997 3292 m·
