2040 3464
92 107 169 172 ι-ο]
428 109 562 158 οιιιιιι.
845 107 889 154 201

47 224 49 227 ·
93 190 120 246 οἱ
130 185 230 262 Φάνης,
242 187 289 248 καὶ
301 185 414 267 γνώμην
425 186 516 251 ἱκανός
529 186 576 246 καὶ
584 185 620 245 τά
630 185 754 262 πολέμια
764 183 894 261 ἄλκιμος·

93 272 173 336 οὗτος
181 273 197 333 ὁ
206 273 298 350 Φάνης
307 273 487 350 μεμφόμενός
497 273 547 333 κού
556 299 584 333 τι
592 271 708 349 Ἀμάσι,
720 271 894 347 ἐκδιδρήσκει

92 362 183 440 πλοίῳ
199 361 231 431 ἐξ
243 361 386 442 Αἰγύπτου
403 361 579 438 βουλόμενος
598 360 746 437 Καμβύσῃ
759 360 851 418 ἐλθεῖν
867 362 895 422 ἐς

92 447 206 529 λόγους·
233 448 280 508 οἶα
303 449 333 508 δὲ
357 449 437 508 ἐόντα
461 447 545 508 αύτόν
569 454 599 508 ἐν
620 451 698 507 τοῖσι
722 445 895 522 ἐπικούροισι

93 535 183 616 λόγου
200 534 233 596 ού
245 540 366 613 σμικροῦ
379 535 566 611 ἐπιστάμενόν
578 560 610 594 τε
625 533 662 593 τά
674 534 738 610 περὶ
751 533 894 613 Αἴγυπτον

93 620 283 699 ἀτρεκέστατα
298 622 460 700 μεταδιώκει
477 623 493 681 ὁ
508 621 641 698 Ἀμασις,
659 621 786 695 σπουδήν
801 619 893 679 ποιεύ-

92 735 177 786 μενος
188 714 270 771 ἑλεῖν·
288 709 450 788 μεταδιώκει
463 710 501 780 δέ,
515 714 571 770 τῶν
585 708 719 787 εὐνούχων
732 708 782 768 τόν
793 707 893 768 πιστά·

92 822 178 858 τατον
194 797 367 861 ἀποστείλας
383 796 489 874 τριήρεϊ
507 797 565 856 κατ’
580 795 673 856 αὐτόν·
693 795 724 859 δς
742 795 827 872 αἱρέει
844 820 894 870 μιν

94 889 124 943 έν
136 886 234 964 Λυκίῃ,
248 885 318 945 ἑλών
330 885 360 945 δὲ
376 884 426 945 οὐκ
444 883 568 965 άνήγαγε
584 889 611 947 ἐς
627 885 778 963 Αἴγυπτον·
800 883 892 960 σοφίῃ

93 970 149 1051 γάρ
166 998 215 1048 μιν
231 974 367 1050 περιῆλθε
385 971 401 1032 ό
419 971 520 1048 Φάνης·
542 970 738 1047 καταμεθύσας
756 968 813 1050 γάρ
830 970 896 1033 τούς

95 1058 239 1133 φυλάκους
256 1059 463 1120 ἀπαλλάσσετο
484 1064 513 1122 ἐς
533 1060 658 1135 Πέρσας.
693 1058 844 1135 ὡρμημένῳ
863 1057 894 1116 δὲ

95 1147 299 1223 στρατεύεσθαι
313 1146 461 1225 Καμβύσῃ
475 1146 516 1205 ἐπ’
532 1147 674 1226 Αἴγυπτον
688 1145 734 1203 καὶ
748 1143 896 1220 ἀπορέοντι

94 1233 148 1308 τὴν
170 1235 277 1304 ἔλασιν,
301 1234 370 1298 ὅκως
392 1233 445 1308 την
467 1232 585 1310 ἄνυδρον
609 1233 747 1310 διεκπερᾷ,
770 1230 895 1290 ἐπελθών

97 1321 197 1398 φράζει
224 1325 276 1399 μὲν
305 1323 351 1380 καὶ
381 1320 476 1381 τάλλα
509 1321 546 1379 τά
575 1318 714 1396 Ἀμάσιος
742 1316 895 1399 πρήγματα

97 1410 237 1490 ἐξηγέεται
254 1410 284 1469 δὲ
305 1411 351 1468 καὶ
371 1409 424 1483 την
445 1410 552 1484 ἔλασιν,
572 1407 623 1467 ὧδε
640 1407 803 1483 παραινέων·
823 1406 892 1481 πέμ·

96 1504 189 1573 ψαντα
215 1497 292 1574 παρά
318 1498 369 1557 τόν
392 1495 535 1573 Ἀραβίων
561 1496 689 1571 βασιλέα
713 1494 826 1552 δέεσθαι
845 1491 898 1568 τὴν

97 1583 219 1652 διέξοδόν
240 1588 266 1644 οἱ
285 1584 421 1660 οἶσφαλέα
437 1587 606 1662 παρασχεῖν.
648 1581 748 1658 Μούνῃ
765 1581 793 1639 δὲ
811 1580 924 1658 ταύτῃδ

97 1672 154 1731 εἰσὶ
164 1674 283 1750 φανεραὶ
294 1673 418 1748 ἐσβολαὶ
432 1676 459 1734 ἐς
469 1673 621 1752 Αἴγυπτον·
636 1669 692 1728 άπὸ
706 1668 760 1749 γάρ
771 1668 899 1742 Φοινίκης

96 1760 180 1837 μέχρι
202 1761 289 1838 οὔρων
311 1765 366 1820 τῶν
390 1759 528 1822 Καδύτιος
548 1758 656 1827 πόλιος,
678 1756 697 1832 ἢ
719 1757 780 1815 ἐστὶ
804 1754 899 1832 Σύρων

96 1851 152 1907 τῶν
171 1852 372 1908 Παλαιστινῶν
399 1847 582 1923 καλεομένων·
616 1843 673 1903 οἷπό
695 1844 724 1903 δὲ
752 1841 898 1910 Καδύτιος,

98 1933 199 2011 ἐούσης
217 1935 319 1998 πόλιος
334 1934 383 2016 (ὦς
404 1935 466 2010 ἐμοὶ
485 1933 585 2012 δοκέει)
605 1932 728 2009 Σαρδίων
748 1931 780 1990 ου’
799 1933 900 2008 πολλῷ

98 2022 264 2092 ἐλάσσονος,
275 2022 332 2083 άπὸ
345 2021 447 2097 ταύτης
460 2020 496 2081 τά
510 2021 629 2099 ἐμπόρια
641 2020 677 2080 τά
691 2021 736 2078 ἐπὶ
751 2018 900 2093 θαλάσσης

97 2111 181 2189 μέχρι
200 2109 330 2186 Ἰηνύσου
349 2108 450 2172 πόλιός
474 2113 535 2168 ἐστι
554 2113 605 2168 τοῦ
624 2108 770 2184 Ἀραβίου·
792 2105 849 2164 άπό
869 2105 899 2164 δέ

96 2195 233 2273 Ἰηνύσου,
261 2197 338 2261 αὖτις
365 2196 459 2273 Σύρων
479 2197 564 2274 μέχρι
592 2195 765 2271 Σερβωνιδος
786 2194 895 2270 λίμνης,

97 2284 163 2361 παρ’
175 2284 211 2361 ἢν
224 2286 258 2360 δὴ
270 2286 304 2345 τό
318 2284 430 2343 Κάσιον
444 2281 507 2359 ὄρος
525 2285 607 2342 τείνει
621 2289 648 2345 ἐς
661 2283 822 2342 θάλασσαν·
842 2279 899 2339 άπό

98 2371 129 2430 δὲ
150 2373 324 2448 Σερβωνίδος
344 2373 453 2447 λίμνης,
473 2376 502 2430 ἐν
520 2375 557 2448 τῇ
578 2371 612 2446 δη
634 2370 720 2450 λόγος
740 2368 791 2427 τόν
813 2366 899 2442 Τυφώ

99 2461 261 2537 κεκρύφθαι,
272 2459 329 2519 αἶπὸ
342 2457 444 2534 ταύτης
456 2457 509 2533 ἤδη
523 2459 673 2539 Αἴγυπτος.
700 2455 734 2515 τό
749 2456 782 2530 δὴ
795 2452 900 2530 μεταξύ

98 2546 227 2623 Ἰηνύσου
238 2548 339 2610 πόλιος
356 2547 403 2605 καὶ
420 2547 533 2604 Κασίου
550 2571 582 2605 τε
600 2544 694 2621 ούρεος
710 2544 756 2600 καὶ
771 2545 821 2617 τῆς
834 2543 900 2616 Σερ-

98 2636 218 2712 βωνίδος
236 2628 345 2711 λίμνης,
366 2634 411 2694 ἐόν
425 2637 509 2694 τοῦτο
530 2632 580 2692 οὐκ
598 2632 696 2711 ὀλίγον
715 2629 817 2708 χωρίον
835 2626 900 2686 ἀλλ’

99 2723 170 2784 ὅσον
182 2748 213 2783 τε
227 2723 272 2781 ἐπὶ
284 2725 357 2798 τρεῖς
375 2721 480 2798 ἡμέρας
498 2720 572 2789 ὁδόν,
591 2718 708 2794 ἄνυδρόν
725 2722 786 2776 ἐστι
800 2714 900 2779 δεινῶς.

98 2809 139 2870 Τό
171 2811 201 2869 δὲ
230 2809 324 2891 ὀλίγοι
359 2812 415 2869 τῶν
448 2813 476 2872 ἐς
504 2809 647 2887 Αἴγυπτον
677 2801 927 2878 ναυτιλλομένωνθ

101 2897 272 2967 ἐννενώκασι,
294 2901 377 2958 τοῦτο
403 2897 520 3004 ἔρχομαι
544 2894 672 3006 φράσων·
707 2897 734 2954 ἐς
758 2891 901 2970 Αἴγυπτον

101 2991 132 3046 ἐκ
157 2990 209 3062 τῆς
233 2985 374 3048 Ελλάδος
400 2984 503 3060 πάσης,
532 2985 578 3042 καὶ
604 3008 682 3057 προς,
708 2985 748 3038 ἐκ
764 2977 901 3051 Φοινίκης,

101 3074 220 3151 κέραμος
241 3072 373 3187 ἐσάγεται
388 3071 548 3149 πλήρης”
520 3096 595 3130 οινου
618 3071 658 3131 δὶς
679 3093 729 3127 του
750 3066 824 3126 ἔτεος
841 3062 902 3122 ἐκά-

101 3187 182 3222 στου·
216 3161 263 3220 καὶ
289 3161 319 3221 ἐν
344 3159 480 3239 κεράμιοι
507 3157 623 3239 οἰνηρον
651 3156 767 3236 άριθμω
793 3151 926 3224 κεἰμευου
991 3191 994 3196 .

93 3246 144 3306 ουἰτ
156 3248 218 3308 ἔστι
235 3247 285 3331 (οἷς
296 3249 380 3333 λόγω
398 3251 504 3333 εἰπεῖν)
518 3250 653 3314 ἰδέσθαι.
698 3269 752 3306 κου
733 3241 861 3316 δῆηι
874 3231 963 3288 ²³³³*
