2040 3464
126 114 157 160 38
433 112 614 158 ἨΡΟΔΟΊῸΤ
889 107 925 174 [Ῐ.

127 191 172 248 καὶ
185 188 203 249 ὅ
217 191 269 264 μὲν
280 193 368 249 ταῦτα
381 191 512 266 φρονέων,
527 189 563 252 οἷς
580 189 694 249 α’πίκετο
708 195 735 252 ἔς
750 188 801 252 τάς
815 187 925 265 Σάρδις,

127 278 231 352 ἔπεμπε
244 276 363 353 κήρυκας
379 279 449 336 κατά
462 277 512 339 τοὶς
525 278 687 354 συμμαχίας
702 277 885 353 προερέοντας
898 283 926 341 ἐς

126 365 253 440 πέμπτον
265 369 342 440 μῆνα
357 366 550 447 συλλέγεσθαι
566 370 594 427 ἐς
610 365 718 439 Σάρδις,
731 363 781 423 τόν
797 363 827 422 δὲ
841 390 926 441 παρε·

126 451 193 512 όντα
204 453 249 511 καὶ
262 452 457 531 μαχεσάμενον
468 452 590 528 στρατόν
602 453 742 530 Πέρσησι,
752 450 782 513 ὃς
793 450 829 525 ἦν
839 451 926 511 αὐτοῦ

127 540 248 610 ξεινικός,
258 540 349 599 πάντα
363 541 441 604 άπεὶς
454 541 625 608 διεσκέδασε,
637 539 744 615 οὐδαμά
755 538 873 602 ἐλπίσας
884 539 926 616 μή

127 654 190 687 κοτε
210 627 264 706 άρα
284 626 491 709 ἀγωνισάμενος
514 627 585 688 οίτω
608 627 812 704 παραπλησίως
832 632 925 705 Κῦρος

127 716 223 776 ἐλάσει
237 716 282 775 ἐπὶ
296 715 406 792 Σάρδις.

78 805 117 866 78
167 808 260 863 Ταῦτα
280 804 468 885 ἐπιλεγομένῳ
488 804 603 882 Κροίσῳ
626 802 660 863 τό
680 801 850 880 προάστειον
867 805 923 863 πάι

126 891 214 968 ὀφίων
241 891 410 968 ἐνεπλήσθη·
439 892 581 968 φανέντων
610 891 640 950 δὲ
667 889 763 964 αὐτῶν,
792 894 819 950 οἶ
845 891 925 950 ἵπποι

126 980 262 1056 μετιέντες
276 979 326 1042 τοὶς
339 980 425 1055 νομοὶς
441 980 574 1056 νέμεσθαι
589 979 746 1055 φοιτέοντες
763 977 925 1054 κατήσθιον.

128 1068 212 1128 ἰδόντι
230 1068 357 1127 δὲταῦτα
376 1069 499 1147 Κροίσῳ,
518 1066 612 1144 ὥσπερ
632 1068 678 1125 καὶ
693 1065 737 1141 ἦν,
754 1067 830 1136 ἔδοξε
845 1068 926 1143 τέρας

120 1156 204 1215 εἶναι·
232 1155 329 1214 αὐτίκα
345 1155 374 1214 δὲ
393 1158 498 1232 ἔπεμπε
519 1154 691 1232 θεοπρόπους
708 1160 735 1217 ἐς
752 1158 807 1214 τῶν
828 1155 924 1235 ἐξηγη·

124 1245 193 1304 τέων
214 1244 413 1320 Τελμησσέων·
438 1242 685 1318 άπικομένοισι’δέ
708 1246 785 1301 τοῖσι
809 1241 926 1320 θεοπρό-

125 1359 214 1403 ποισι,
231 1332 277 1390 καὶ
296 1333 420 1408 μαθοῦσι
436 1330 506 1409 πρός
521 1331 713 1407 Τελμησσέων
730 1329 763 1389 τό
780 1331 856 1389 θέλει
875 1356 926 1406 ση-

170 1421 178 1442 Ι
269 1419 276 1441 ἱ
418 1419 426 1438 ἱ
466 1424 473 1443 ⁵

125 1447 231 1497 μαινειν
243 1447 276 1479 το
291 1419 379 1496 τέρας,
395 1446 444 1478 ουκ
461 1419 600 1500 εξεγένετο
616 1418 732 1496 Κροίσῳ
745 1417 925 1498 άπαγγεῖλαι·

125 1509 191 1583 πρὶν
203 1506 289 1588 γάρῆ
306 1507 398 1566 ὀπίσω
414 1508 506 1582 σφέας
521 1505 688 1565 ἀναπλῶσαι
707 1505 798 1568 ἐςτάς
816 1505 925 1583 Σάρδις,

126 1596 186 1671 ἥλω
200 1595 215 1654 ὁ
230 1599 363 1671 Κροῖσος.
398 1594 580 1670 Τελμησσέες
592 1595 644 1670 μέν
656 1619 700 1652 τοι
712 1592 778 1653 τάδε
792 1595 925 1674 ἔγνωσαν,

126 1682 248 1759 στρατόν
266 1681 425 1759 ἀλλόθροον
445 1681 636 1759 προσδόκιμον
654 1681 723 1741 εἶναι
744 1683 859 1761 Κροίσῳ
881 1684 926 1743 ἐπὶ

124 1770 176 1846 την
198 1768 299 1849 χώρην,
321 1767 488 1829 άπικόαενον
508 1769 538 1827 δὲ
557 1774 656 1829 τοῦτον
680 1770 926 1848 καταστρέψεσθαι

125 1858 189 1920 τούς
216 1856 385 1936 ἐπιχωρίους·
413 1857 542 1936 λέγοντες
569 1856 636 1932 ὅφιν
660 1857 729 1915 εἶναι
751 1862 804 1937 γῆς
829 1859 925 1929 παῖδα,

128 1947 213 2005 ἵππον
222 1946 251 2003 δέ
264 1943 400 2020 πολέμιόν
410 1970 441 2003 τε
455 1945 500 2002 καὶ
514 1943 648 2019 ἐπήλυδα.
680 1946 861 2020 Τελμησσέες
873 1949 926 2023 μέν

128 2060 176 2094 νυν
194 2037 282 2092 ταῦτα
301 2031 480 2106 ὑπεκρίναντο
502 2034 616 2111 Κροίσῳ
631 2031 685 2108 ἤδη
701 2031 830 2108 ἡλωκότι,
847 2033 927 2095 οὐδέν

130 2149 167 2179 κω
181 2120 280 2183 εἰδότες
292 2124 346 2179 τῶν
356 2119 390 2195 ἦν
400 2122 463 2196 περὶ
478 2120 578 2196 Σάρδις
591 2146 620 2179 τε
634 2121 680 2178 καὶ
694 2119 778 2180 αὐτόν
789 2125 925 2198 Κροῖσον.

84 2211 119 2271 79
171 2214 264 2285 Κῦρος
277 2208 313 2277 δέ,
325 2207 422 2267 αὐτίκα
435 2207 638 2270 ἀπελαύνοντος
653 2208 779 2284 Κροίσου
791 2208 863 2284 μετά
873 2209 925 2286 τήν

129 2297 222 2376 μάχην
236 2296 452 2377 τῆν’γενομένην
468 2301 497 2354 ἐν
514 2299 550 2373 τῇ
567 2295 681 2373 Πτερίη,
695 2295 791 2372 μαθιόν
808 2296 843 2359 ὦς
859 2296 926 2357 άπε-

129 2385 220 2448 λάσας
233 2385 336 2461 μέλλοι
350 2388 474 2461 Κροῖσος
490 2383 638 2442 διασκεδᾶν
650 2383 700 2443 τόν
713 2383 843 2459 στρατόν,
857 2386 926 2460 βου·

128 2473 276 2549 λευόμενος
285 2471 393 2549 εὕρισκε
401 2471 519 2552 πρῆγμά
527 2474 553 2529 οἱ
562 2470 631 2530 εἶναι
640 2471 762 2530 ἐλαύνειν
771 2471 805 2534 οἷς
815 2470 927 2533 δύναιτο

127 2560 249 2639 τάχιστα
262 2560 307 2619 ἐπὶ
316 2558 366 2623 τὰς
377 2558 486 2636 Σάρδις,
493 2557 584 2635 πρὶνῆ
594 2559 627 2617 τό
639 2559 765 2634 δεύτερον
773 2558 927 2635 ἁλισθῆναι

126 2653 181 2708 τῶν
196 2649 293 2708 Λυδῶν
307 2647 360 2722 την
376 2645 499 2722 δύναμιν.
541 2645 577 2709 ὥς
592 2645 623 2704 δέ
638 2650 664 2704 οἱ
680 2651 767 2706 ταῦτα
783 2647 866 2717 ἔδοξε,
881 2648 927 2707 καὶ

128 2738 217 2796 ἐποίεε
233 2735 303 2795 κατοὶ
320 2734 415 2814 τάχος·
436 2733 542 2796 ἐλάσας
556 2733 611 2814 γάρ
627 2735 677 2793 τόν
693 2733 816 2809 στρατόν
834 2739 861 2797 ἐς
875 2735 928 2811 την

128 2824 240 2898 Λυδίην,
254 2821 337 2884 αὐτός
352 2821 472 2902 ἅγγελος
490 2823 605 2899 Κροίσῳ
624 2822 767 2896 ἐληλύθεε.
809 2823 928 2882 ἐνθαῦτα

129 2916 253 2987 Κροῖσος
269 2916 297 2972 ἐς
314 2909 432 2985 οἷπορίην
450 2909 563 2983 πολλὴν
579 2908 737 2989 ἀπιγμένος,
753 2908 787 2972 ὥς
805 2913 832 2968 οἱ
852 2911 928 2987 παραὶ

128 2997 212 3068 δόξαν
222 3001 289 3076 ἐσχε
302 2997 338 3055 ταὶ
350 2995 502 3075 πρήγματα
514 2995 532 3070 ἦ
546 2995 582 3058 οἷς
595 2996 677 3059 αὐτός
691 2996 841 3067 κατεδόκεε,
853 2997 928 3074 ὅμως

115 3085 185 3146 τοιίς
204 3083 319 3148 Λυδοιίς
340 3084 424 3164 ἐξῆγε
448 3088 475 3147 ἐς
498 3082 600 3162 μάχην.
641 3083 676 3158 ἦν
700 3085 729 3142 δὲ
753 3088 852 3144 τοῦτον
875 3086 928 3147 τόν

95 3167 215 3241 χρόνον
233 3172 319 3237 ἔθνος
339 3172 424 3232 οὐδὲν
446 3177 476 3234 ἐν
495 3177 533 3254 τῇ
552 3171 641 3250 ’Λσίη
657 3170 727 3230 οἴιτε
746 3171 929 3246 ἀνδρειότερον

87 3247 162 3309 οὔτε
175 3254 392 3338 ἀλκιμώτερον
406 3267 464 3324 τοῦ
479 3262 599 3324 Λυδίου·
621 3260 642 3336 ἠ
658 3259 692 3319 δὲ
711 3257 790 3334 μάχη
803 3256 899 3328 σφέων
913 3256 951 3327 ἦς
