2040 3464
129 114 161 156 ⁴1}
431 113 615 160 ‘HPOAOTOT
892 108 929 172 [1.

129 191 170 249 ι’τι
187 191 232 249 καὶ
250 195 278 254 ἐς
296 195 344 267 ἐμὲ
362 191 437 267 ἦσαν
455 193 501 251 ἐπὶ
516 197 567 252 τοῦ
584 190 712 267 σήματος
728 189 793 249 ἅνω·
810 191 860 248 καί
875 201 932 266 σφι

128 277 281 360 γράμματα
301 281 509 350 ἐνεκεκόλαπτο,
530 280 566 339 τά
595 281 710 338 ἔκαστοι
733 278 932 357 ἐξεργάσαντο·

131 365 178 423 καὶ
193 367 322 440 ἐφαίνετο
341 367 526 444 μετρεόμενον
540 368 574 427 τό
593 371 649 426 τῶν
668 365 835 426 παιδισκέων
851 368 934 445 ἔργον

130 452 177 511 ἐῶν
185 454 331 532 μέγιστον.
359 459 409 514 τοῦ
419 456 475 535 γάρ
488 455 523 531 δη
534 455 632 514 Λυδῶν
642 454 732 529 δήμου
745 457 775 511 αἶ
785 454 933 532 θυγατέρες

130 541 311 615 πορνείονται
327 545 418 601 πᾶσαι
434 544 630 624 συλλέγουσαι
645 546 734 616 σφίσι
748 541 859 617 φερνάς,
873 545 901 603 ἐς
917 540 933 601 ὃ

131 624 166 686 ἂν
178 629 369 703 συνοικήσωσι
382 634 464 689 τοῦτο
477 632 633 689 ποιέουσαι·
655 627 796 687 ἐκδιδόασι
809 628 839 686 δὲ
852 627 933 689 αὐταὶ

131 714 240 778 ἑωυτάς.
271 715 290 792 ἡ
299 720 351 792 μὲν
364 716 398 794 δη
412 719 539 794 περίοδος
551 722 602 777 τοῦ
612 717 739 792 σήματος
753 716 809 774 εἰσὶ
822 716 933 774 στάδιοι

131 803 163 871 ἐξ
175 804 221 861 καὶ
234 801 283 863 δίο
296 807 415 882 πλέθρα·
432 805 466 866 τό
480 805 510 864 δὲ
524 805 602 882 εὖρός
616 811 678 864 ἐστι
690 804 801 880 πλέθρα
809 805 931 880 τριακαί·

131 890 206 948 δεκα.
247 893 333 968 λίμνη
354 893 384 952 δὲ
404 895 496 973 ἔχεται
516 897 567 953 τοῦ
590 893 717 969 σήματος
739 890 859 973 μεγάλη,
879 891 932 966 τήν

130 979 249 1057 λέγουσι
263 980 351 1039 Λυδοὶ
371 980 481 1041 άείναον
498 981 576 1041 εἶναι·
598 983 727 1039 καλέεται
748 979 778 1037 δὲ
793 979 863 1055 αὕτη
879 985 933 1038 Γυ·

130 1067 207 1145 γαίη.
240 1072 324 1127 τοῦτο
337 1071 388 1144 μὲν
401 1069 435 1145 δη
449 1068 560 1129 τοιοῦτό
573 1074 643 1128 ἐστι.

83 1154 122 1213 94
171 1154 257 1213 Λυδοὶ
271 1155 301 1214 δὲ
314 1157 427 1232 νόμοισι
436 1160 488 1232 μὲν
498 1156 725 1233 παραπλησίοισι
737 1156 872 1234 χρέωνται
886 1155 933 1214 καὶ

125 1237 273 1318 Ἕλληνες·
307 1246 391 1322 χωρὶς
403 1243 422 1321 ἢ
436 1244 480 1304 ὅτι
496 1245 532 1303 τά
546 1244 635 1320 θήλεα
647 1245 731 1303 τέκνα
749 1243 931 1319 καταπορνεύ-

130 1356 204 1389 ουσι.
232 1335 337 1407 πρῶτοι
347 1332 376 1391 δὲ
387 1331 545 1409 ἀνθρώπων,
556 1337 611 1392 τῶν
620 1332 700 1407 η’μεῖς
710 1331 796 1406 ἴδμεν,
805 1330 931 1406 νόμισμα

129 1423 238 1495 χρυσοῦ
257 1420 303 1477 καὶ
322 1418 444 1500 άργόρου
463 1419 617 1499 κοψάμενοι
639 1419 806 1497 ἐχρήσαντο·
826 1422 933 1494 πρῶτοι

130 1505 160 1564 δὲ
175 1506 220 1564 καὶ
234 1506 357 1583 κάπηλοι
371 1509 507 1588 ἐγένοντο.
550 1508 624 1583 φασὶ
638 1508 668 1566 δὲ
684 1506 762 1566 αὐτοὶ
775 1506 870 1575 Λυδοὶ,
885 1507 932 1565 καὶ

129 1591 181 1657 ταὶς
193 1596 322 1676 παιγνίας
330 1594 380 1659 τάς
394 1599 442 1655 νῦν
450 1596 539 1671 σφίσι
547 1621 578 1655 τε
589 1595 636 1654 καὶ
643 1595 769 1669 Ἕλλησι
780 1593 933 1652 κατεστεῶ-

60 1757 62 1762 .
129 1705 184 1744 σας
205 1685 310 1742 ἑωυτῶν
331 1681 468 1760 ἐξεύρημα
488 1684 629 1763 γενέσθαι·
650 1681 708 1759 ἅμα
730 1683 760 1740 δὲ
779 1681 881 1767 ταύτας
900 1709 933 1742 τε

129 1769 304 1845 ἐξευρεθῆναι
336 1771 412 1848 παρά
439 1773 527 1846 σφίσι
553 1772 672 1852 λέγουσι
698 1771 745 1828 καὶ
774 1771 932 1846 Τυρσηνίην

129 1854 285 1915 ἀποικίσαι·
307 1855 359 1917 ῶδε
372 1859 436 1935 περὶ
449 1858 539 1917 αὐτῶν
552 1859 691 1939 λέγοντες·
713 1857 757 1916 ἐπὶ
766 1855 869 1920 ”Arvas
881 1862 932 1918 τοῦ

132 1943 233 2003 Μάνεω
246 1947 385 2020 βασιλέος
399 1947 543 2022 σιτοδηίην
560 1945 678 2024 ἰσχυρὴν
692 1945 744 2005 <ivd
762 1944 814 2021 τήν
827 1946 930 2022 Λυδίην

131 2033 228 2090 πᾶσαν
249 2034 389 2112 γενέσθαι·
411 2035 457 2093 καὶ
472 2036 537 2097 τούς
552 2034 659 2096 Λυδούς
676 2034 742 2096 τέως
757 2036 809 2110 μὲν
827 2033 933 2113 διάγειν

130 2120 324 2196 λιπαρέοντας·
338 2121 409 2198 μετὰ
419 2123 457 2192 δὲ,
467 2121 502 2185 ῶς
513 2121 544 2181 οὐ
555 2121 703 2191 παύεσθαι,
712 2120 781 2180 άκεα
791 2121 932 2196 δίζησθαι·

130 2205 222 2268 ἄλλον
245 2208 274 2267 δὲ
295 2208 369 2269 άλλο
390 2212 618 2290 ἐπιμηχανᾶσθαι
639 2208 737 2269 αὐτῶν·
759 2209 933 2285 ἐξευρεθῆναι

133 2294 167 2370 δή
183 2294 219 2355 ῶν
232 2296 296 2357 τότε
310 2299 356 2357 καὶ
369 2302 423 2358 τῶν
444 2299 538 2375 κύβων
552 2298 598 2357 καὶ
615 2302 670 2357 τῶν
684 2296 872 2378 ἀστραγάλων
886 2299 933 2357 καὶ

130 2387 181 2458 τῆς
199 2387 324 2463 σφαίρης
342 2387 389 2446 καὶ
406 2390 461 2447 τῶν
479 2385 589 2446 άλλέων
603 2386 716 2446 πασέων
731 2385 879 2465 παιγνιέων
896 2387 933 2445 τά

131 2472 204 2530 εἴδεα
222 2474 298 2550 πλην
318 2480 443 2535 πεσσῶν·
465 2473 569 2534 τούτων
588 2474 643 2555 γάρ
665 2473 702 2532 ῶν
720 2473 773 2549 τήν
794 2472 933 2549 ἐξεύρεσιν

131 2559 181 2619 οὐκ
196 2566 363 2638 οἰκηῖοῦνται
372 2564 467 2623 Λυδοί·
481 2564 584 2623 ποιέειν
594 2564 623 2621 δὲ
637 2560 689 2621 ὦδε
702 2561 773 2639 πρός
785 2561 835 2621 τόν
848 2561 932 2637 λιμιῗν

132 2649 300 2726 ἐξευρόντας·
334 2652 386 2728 την
412 2656 463 2729 μὲν
491 2653 585 2729 ἑτέρην
608 2655 662 2711 τῶν
682 2650 806 2727 ἡμερέων
825 2651 933 2720 παίζειν

131 2741 226 2797 πᾶσαν
251 2739 295 2799 ἵνα
319 2740 352 2815 δὴ
373 2740 414 2817 μη
443 2741 563 2816 ζητέοιεν
590 2740 677 2798 σιτία·
708 2738 760 2814 την
787 2738 816 2796 δὲ
838 2738 933 2813 ἑτέρην

133 2827 278 2885 σιτέεσθαι
291 2830 463 2905 παυομένους
472 2833 527 2887 τῶν
536 2827 692 2907 παιγνιέων·
712 2825 827 2904 τοιούτῳ
837 2824 932 2904 τρόπῳ

131 2911 235 2994 διάγειν
254 2913 296 2972 ἐπ’
318 2916 380 2975 ἑτεα
393 2916 463 2975 δυῶν
483 2916 581 2975 δέοντα
597 2916 695 2974 εἴκοσι·
718 2915 821 2972 ἐπείτε
839 2914 868 2972 δὲ
882 2911 932 2973 οόκ

132 2999 236 3061 ἀνιέναι
255 3002 288 3062 τό
310 3004 395 3064 κακόν
415 3002 480 3062 ἀλλ’
501 3004 546 3061 ἐπὶ
570 3006 683 3079 μᾶλλον
704 3003 744 3061 ἔτι
770 3001 932 3077 βιάζεσθαι,

129 3087 202 3146 οὕτω
222 3089 257 3165 δη
278 3090 328 3150 τόν
345 3092 474 3168 βασιλέα
495 3089 592 3161 αὐτῶν,
614 3091 662 3150 δύο
683 3090 782 3167 μοίρας
803 3089 933 3149 διελόντα

111 3173 219 3233 Λυδῶν
237 3176 358 3251 πάντων,
379 3183 531 3258 κληρῶσαι
550 3179 603 3257 τὴν
619 3181 668 3257 μὶν
683 3180 730 3238 ἐπὶ
751 3183 822 3254 μονῇ
835 3178 886 3252 τήν
903 3179 934 3237 δὲ

16 3250 21 3275 ¹
95 3257 151 3313 ‘'W‘'
160 3262 253 3345 ἶῖὅὸμ
266 3272 304 3328 ἐκ
318 3275 372 3348 τῆς
385 3272 497 3352 χώρης·
520 3271 571 3333 καλ
585 3272 633 3332 ἐπὶ
648 3273 698 3348 μὶν
712 3271 751 3346 τῇ
763 3270 852 3343 μένειν
867 3264 950 3320 uino&
