2040 3464
96 114 209 180 εο-οι]
445 115 560 163 mm.
867 115 897 161 ιι

96 198 266 275 ραμείναντα
286 196 333 255 καὶ
350 194 547 256 σκυλεύσαντα
566 192 631 256 τοῶς
650 194 758 253 ἐκείνων
779 191 899 268 νεκρούς.

96 286 180 348 τέλος
208 285 246 353 δὲ,
277 288 308 342 ἐκ
336 287 387 358 τῆς
415 283 503 359 ἔριδος
529 280 721 356 συμπεσόντες
751 279 896 359 ἐμάχοντο·

95 370 241 433 πεσόντων
249 372 279 429 δὲ
292 372 338 430 καὶ
350 369 516 446 ἀμφοτέρων
528 372 651 440 πολλῶν,
663 369 756 427 ἐνίκων
765 367 898 426 Λακεδαι-

95 458 198 536 μόνιοι.
239 458 362 540 Ἀργεῖοι
387 460 440 535 μέν
459 484 508 518 νυν
528 455 584 515 οἷπὸ
607 456 707 515 τούτου
726 460 776 515 τοῦ
795 455 899 534 χρόνου

97 546 324 625 κατακειράμενοι
350 546 400 609 τάς
426 544 561 620 κεφαλάς,
587 544 722 620 πρότερον
748 543 898 624 ἐπάναγκες

96 639 243 711 κομῶντες,
269 634 438 710 ἐποιήσαντο
464 632 551 708 νόμον
576 658 607 691 τε
633 633 678 689 καὶ
700 631 829 708 κατάρην,
855 631 897 707 μή

97 722 233 800 πρότερον
250 723 362 800 θρέψειν
378 721 467 798 κόμην
484 720 617 800 Ἀργείων
633 720 745 796 μηδένα,
762 719 831 795 μηδὲ
847 719 897 782 τοὶς

98 809 228 889 γυναῖκάς
248 816 304 886 σφι
324 807 562 888 χρυσοφορήσειν,
579 808 644 883 πρὶν
658 806 691 865 ἂν
712 808 816 882 Θυρέας
833 806 896 865 ἀνα·

95 896 254 958 σώσωνται.
295 895 507 972 Λακεδαιμόνιοι
535 895 565 953 δὲ
592 894 627 954 τά
657 896 765 954 ἐναντία
793 894 897 954 τούτων

96 986 190 1046 ἔθεντο
203 985 298 1063 νόμον,
311 984 343 1044 οὗ
357 984 411 1065 γάρ
426 987 562 1059 κομῶντες
575 982 631 1059 πρό
644 981 750 1050 τούτου,
765 981 820 1040 «Iud
833 982 895 1040 τού-

95 1098 146 1132 του
159 1078 258 1150 κομῶν.
299 1072 348 1132 τόν
366 1072 396 1130 δὲ
412 1073 459 1131 ἕνα
477 1072 595 1151 λέγουσι
612 1069 662 1128 τόν
680 1070 895 1145 περιλειφθέντα

95 1164 151 1220 τῶν
172 1162 346 1239 τριηκοσίων,
374 1157 538 1236 Ὀθρυάδην,
567 1158 769 1236 αἰσχυνόμενον
795 1157 895 1216 ἀτονο-

96 1250 188 1309 στέειν
209 1255 237 1313 ἐς
260 1248 400 1326 Σπάρτην,
420 1250 476 1307 τῶν
499 1249 527 1304 οἱ
550 1247 741 1322 συλλοχιτέων
765 1244 895 1320 διεφθορ-

96 1338 192 1407 nim,
211 1336 296 1396 αὐτοῦ
310 1362 359 1412 μιν
380 1340 409 1394 ἐν
428 1338 497 1414 τῇσι
517 1334 640 1410 Θυρέῃσι
662 1332 896 1408 καταχρήσασθαι

95 1424 205 1485 ἐωυτόν.
245 1423 383 1484 Τοιούτων
396 1423 510 1481 δέτοῖσι
518 1420 712 1496 Σπαρτιήτῃσι
726 1418 895 1478 ἐνεστεώτων
904 1423 942 1480 83

94 1511 265 1593 πρηγμάτων
276 1510 328 1588 ἧκε
340 1510 356 1571 ό
370 1510 523 1587 Σαρδιηνὸς
536 1509 631 1585 κήρυξ,
642 1507 770 1581 δεόμενος
781 1508 895 1586 Κροίσῳ

93 1601 226 1676 βοηθέειν
235 1599 467 1677 πολιορκεομένῳ1
482 1598 547 1657 οἶδὲ
558 1597 631 1672 ὅμως
645 1597 706 1653 ε’πεί
716 1621 747 1653 τε
761 1595 895 1653 ἐπύθοντο

93 1693 144 1748 τοῦ
160 1689 285 1765 κήρυκος,
300 1687 421 1764 ὁρμέατο
436 1686 576 1762 βοηθέειν·
599 1685 647 1743 καί
665 1689 720 1759 σφι
737 1682 791 1758 ήδη
811 1709 894 1758 παρε-

94 1777 321 1854 σκευασμένοισι,
332 1777 378 1834 καὶ
394 1779 460 1835 νεῶν
471 1775 589 1833 ἐουσέων
600 1773 722 1848 ἑτοίμων,
733 1771 804 1845 ἦλθε
818 1771 895 1849 άλλη

94 1863 221 1946 α’γγελίη,
237 1864 273 1927 οἷς
283 1863 390 1939 ήλώκοι
402 1863 435 1922 τό
454 1866 547 1940 τεῖχος
565 1865 619 1920 τῶν
632 1861 729 1919 Λυδῶν
743 1862 788 1917 καὶ
802 1862 893 1938 ἔχοιτο

94 1957 220 2028 Κροῖσος
240 1952 398 2033 ζωγρηθείς.
420 1949 490 2008 οὕτω
508 1950 542 2024 δή
562 1947 638 2008 οὗτοι
657 1951 717 2024 μὲν,
741 1950 893 2025 συμφορήν

92 2041 278 2117 ποιησάμενοι
291 2038 427 2119 μεγάλην,
441 2039 604 2096 ἐπέπαυντο.

134 2128 249 2206 Σάρδιες
265 2128 295 2186 δὲ
311 2128 429 2202 ἥλωσαν
448 2123 509 2184 ῶδε.
554 2123 647 2199 ἐπειδή
666 2125 890 2201 τεσσερεσκαιδε·
901 2128 938 2186 84

92 2214 163 2293 κάτη
185 2218 292 2297 ἐγένετο
310 2215 401 2291 ήμέρη
418 2214 640 2290 πολιορκεομένῳ
658 2215 780 2292 Κροίσῳ,
800 2218 892 2289 Κῦρος

91 2309 128 2384 τῇ
141 2307 309 2383 στρατιῇτῇ
324 2306 424 2361 ἑωυτοῦ
437 2303 594 2379 διαπέμψας
609 2303 707 2363 ἱππέας
720 2306 842 2377 προεῖπε,
853 2306 892 2378 τῷ

91 2392 190 2472 πρώτῳ
210 2392 341 2467 ἐπιβάντι
357 2394 407 2450 τοῦ
422 2390 529 2467 τείχεος
547 2389 620 2465 δῶρα
638 2389 745 2448 δώσειν·
774 2390 845 2465 μετά
861 2390 890 2448 δὲ

90 2485 182 2550 τοῦτο,
196 2479 401 2556 πειρησαμένης
414 2482 464 2552 τῆς
479 2481 612 2554 στρατιῆς
628 2476 663 2540 ώς
679 2477 711 2536 οὐ
727 2477 890 2555 προεχώρεε,

91 2570 210 2629 ἐνθαῦτα
222 2572 277 2626 τῶν
290 2566 385 2625 ἄλλων
402 2566 591 2641 πεπαυμένων,
606 2565 675 2640 α’νήρ
694 2565 807 2641 Μάρδος
821 2571 891 2623 ἐπει-

89 2661 160 2733 ρᾶτο
183 2656 374 2732 προσβαίνων,
400 2657 438 2732 τῷ
461 2653 566 2729 οὕνομα
588 2652 623 2727 ἦν
642 2653 794 2729 Ὑροιάδης,
821 2653 891 2711 κατα

88 2747 174 2803 τοῦτο
187 2747 239 2818 τῆς
254 2742 423 2818 οἷκροπόλιος
442 2746 478 2819 τῇ
499 2740 586 2804 οὐδεὶς
606 2742 735 2799 ἐτέτακτο
754 2740 890 2814 φύλακος·

90 2831 123 2890 οὗ
134 2830 190 2912 γάρ
203 2830 239 2906 ἦν
252 2830 340 2890 δεινόν
353 2829 423 2889 κατοὶ
436 2833 519 2888 τοῦτο
532 2828 572 2906 μή
586 2829 645 2906 ἁλῷ
659 2829 732 2887 κοτέ·
749 2827 891 2904 ἀπότομός

89 2945 120 2979 τε
132 2919 188 3000 γάρ
202 2924 264 2978 ἐστι
275 2917 362 2996 ταύτῃ
375 2917 394 2993 ή
411 2916 563 2995 οἷκρόπολις
581 2917 627 2975 καὶ
643 2916 760 2995 ἄμαχος·
780 2919 815 2992 τῇ
829 2915 890 2974 οὐδὲ

90 3007 204 3083 Μήλης,
224 3005 241 3066 ό
263 3005 398 3082 πρότερον
426 3004 565 3080 βασιλευς
589 3004 721 3080 Σαρδίων,
744 3003 833 3080 μούνη
856 3003 890 3063 οὔ

88 3094 243 3172 περιήνεικε
254 3093 305 3153 τόν
317 3094 419 3152 λέοντα
434 3091 484 3151 τόν
497 3094 524 3150 οἱ
539 3090 557 3165 ἡ
573 3091 707 3166 παλλακή
724 3091 805 3159 ἔτεκε,
820 3097 888 3150 Τελ-

85 3183 223 3257 μησσέων
234 3179 407 3242 δικασάντων
421 3180 458 3245 ῶς
470 3179 712 3263 περιενειχθέντος
723 3183 776 3241 τοῖι
785 3179 911 3241 Nam

77 3266 113 3324 ro*
127 3271 220 3345 τεῖχος
237 3269 354 3331 ἔσονται
374 3270 497 3353 Σάρδιες
518 3271 683 3355 ἀνάλωτοι.
727 3269 802 3335 ὅδε
811 3267 938 3341 &mm
