2040 3464
83 113 207 178 97-100]
431 115 544 163 KAEIss.
851 114 882 161 51

83 191 179 253 ἄλλων
189 189 285 268 ἧσσον
298 193 491 269 ἐπιμέλεσθαι·
510 192 680 269 πειθομένων
693 191 724 250 δὲ
736 192 783 251 καὶ
794 193 882 250 ταῦτα

82 284 137 339 τῶν
145 279 259 356 Μήδων,
270 281 423 356 οἰκοδομέει
432 282 527 358 τείχεα
535 277 648 357 μεγάλα
658 304 689 338 τε
700 279 746 337 καὶ
757 277 884 355 καρτερά,

83 366 213 427 ταῦτατά
221 371 269 427 νῦν
278 367 443 448 Ἀγβάτανα
451 369 592 443 κέκληται,
601 367 695 444 ἕτερον
704 367 785 447 ἑτέρῳ
794 366 886 447 κύκλῳ

83 458 245 515 ἐνεστεῶτα.
285 454 481 533 μεμηχάνηται
499 455 529 513 δὲ
548 454 619 513 οὕτω
635 459 718 514 τοῦτο
736 455 769 514 τδ
785 458 887 533 τεῖχος,

83 541 187 603 ιῖστεά
204 544 296 619 ἔτερος
308 546 358 602 τοῦ
377 544 471 620 ἐτέρου
490 541 592 605 κύκλος
609 547 685 602 τοῖσι
703 546 886 620 προμαχεῶσι

82 629 217 707 μούνοισί
235 635 298 689 ἐστι
317 629 501 708 ὑψηλότερος.
542 629 575 688 τὸ
597 631 649 705 μέν
671 656 721 688 κου
741 656 769 689 τι
792 631 837 688 καὶ
853 630 887 691 τδ

83 718 187 797 χωρίον
203 718 361 795 συμμαχέει
382 715 505 780 κολωνὸς
522 717 567 776 ε’δν
583 716 657 777 ὥστε
677 723 787 777 τοιοῦτο
810 718 887 788 εἶναι,

84 806 118 864 τὸ
131 806 162 865 δέ
175 807 221 865 καὶ
233 805 347 882 μᾶλλόν
360 830 388 865 τι
402 804 579 880 ἐπετηδεύθη,
593 805 700 864 κύκλων
718 805 817 865 ἐόντων
832 810 888 865 τῶν

85 892 267 954 συναπάντων
283 891 362 952 ἐπτά·
384 896 413 952 ἐν
430 892 460 950 δέ
476 893 678 971 τῷτελευταίῳ
695 892 731 952 τά
744 892 887 968 βασιλήῖα

86 982 176 1040 ἔνεστι
190 981 237 1039 καὶ
251 983 278 1040 οἱ
291 980 438 1056 θησαυροί.
478 979 512 1038 τά
526 979 556 1037 δὲ
572 979 661 1040 αὐτῶν
677 981 813 1061 μέγιστόν
826 986 887 1040 ἐστι

85 1071 178 1147 τεῖχος
200 1066 271 1127 κατά
290 1066 341 1126 τδν
361 1065 499 1143 Ἀθηνέων
523 1066 626 1128 κύκλον
648 1069 776 1143 μάλιστά
797 1095 832 1144 κη
853 1068 886 1128 τά

85 1157 217 1236 μέγαθος.
246 1159 296 1214 τοῦ
308 1157 360 1231 μὲν
371 1155 405 1230 δὴ
417 1154 529 1231 πρώτου
539 1155 642 1214 κύκλου
653 1159 680 1214 οἱ
692 1157 887 1235 προμαχεῶνές

86 1247 142 1303 εἰσι
150 1244 253 1303 λευκοί·
267 1246 318 1303 τοῦ
325 1242 355 1301 δέ
363 1243 490 1318 δευτέρου
500 1243 626 1318 μέλανες·
640 1243 735 1320 τρίτου
745 1244 774 1301 δὲ
783 1243 886 1302 κύκλου

86 1333 232 1407 φοινίκεοι·
256 1329 390 1406 τετάρτου
407 1330 437 1389 δὲ
454 1331 571 1390 κυάνεοι·
594 1331 722 1406 πέμπτου
739 1331 768 1388 δὲ
785 1331 886 1390 σανδα-

85 1417 202 1494 ράκινοι.
244 1417 315 1477 οὕτω
330 1417 441 1477 πάντων
457 1421 512 1478 τῶν
528 1416 635 1476 κύκλων
649 1420 676 1475 οἱ
691 1422 887 1496 προμαχεῶνες

85 1505 249 1584 ἠνθισμένοι
271 1505 326 1564 εἰσὶ
348 1505 534 1583 φαρμάκοισι·
563 1504 612 1563 δύο
634 1505 664 1564 δὲ
685 1507 712 1563 οἱ
733 1510 887 1565 τελευταῖοι

87 1579 144 1653 εἰσί
156 1594 172 1654 ὁ
184 1596 236 1670 μέν
250 1594 511 1674 καταργυρωμένους
524 1592 540 1652 ὁ
554 1592 583 1651 δέ
594 1594 888 1672 κατακεχρυσωμένους

87 1682 157 1761 ἔχων
168 1681 234 1745 τούς
246 1685 456 1759 προμαχεῶνας.

127 1773 222 1829 Ταῦτα
234 1772 286 1846 μὲν
300 1769 334 1845 δή
347 1769 364 1828 ό
379 1768 501 1845 Δηῖόκης
511 1772 599 1848 ἑωυτῷ
611 1795 642 1829 τε
657 1770 758 1848 ἐτείχεε
768 1770 814 1828 καὶ
824 1769 887 1847 περὶ
896 1770 933 1830 99

85 1857 123 1918 τά
136 1861 237 1917 ἑωυτοῦ
250 1859 332 1917 οἰκία·
352 1856 403 1917 τδν
421 1858 451 1916 δὲ
470 1857 560 1917 ἄλλον
578 1858 667 1933 δῆμον
682 1856 764 1933 πέριξ
778 1857 887 1917 ἐκέλευε

86 1945 120 2006 τδ
131 1949 223 2026 τεῖχος
233 1946 337 2005 οἰκέειν.
368 1944 601 2021 οἰκοδομηθέντων
611 1946 641 2004 δέ
650 1945 768 2014 πάντων,
778 1944 887 2021 κόσμον

87 2032 166 2093 τόνδε
181 2032 303 2109 Δηῖάκης
316 2032 424 2108 πρῶτός
437 2037 499 2091 ἐστι
512 2032 528 2091 ὁ
542 2032 798 2110 καταστησάμενος·
816 2033 888 2110 μήτε

87 2121 192 2181 ἐσιέναι
208 2120 284 2197 παρὰ
299 2121 426 2196 βασιλέα
438 2120 544 2196 μηδένα
559 2120 592 2179 δι’
608 2120 735 2201 άγγέλων
749 2121 778 2178 δὲ
796 2120 886 2180 πάντα

86 2210 230 2289 χρέεσθαι,
244 2209 367 2285 ὁρᾶσθαί
378 2234 409 2267 τε
420 2209 548 2284 βασιλέα
559 2207 615 2268 ύπδ
628 2208 753 2285 μηδενός·
774 2208 844 2285 πρός
856 2234 888 2269 τε

86 2295 214 2357 τούτοισι
233 2299 281 2368 ἔτι,
295 2300 383 2377 γελᾶν
401 2323 432 2356 τε
453 2297 500 2356 καὶ
514 2296 609 2357 πτύειν
625 2296 718 2356 άντίον
734 2297 780 2355 καὶ
797 2296 888 2356 ἅπασι

88 2384 158 2445 εἶναι
170 2385 253 2445 τοῦτό
265 2411 299 2467 γε
312 2384 440 2462 αἰσχράν.
473 2389 561 2444 ταῦτα
573 2385 603 2443 δὲ
616 2386 680 2461 περὶ
693 2384 793 2444 ἐωυτύν
806 2385 888 2460 ἐσέμ-

21 2532 26 2540 ,
87 2497 150 2533 νυνε
167 2473 253 2533 τῶνδε
272 2473 381 2541 εἵνεκεν,
395 2473 464 2535 ὅκως
477 2469 511 2532 εἰν
523 2472 564 2550 μὴ
578 2471 693 2549 ὁρῶντες
707 2475 733 2531 οἱ
746 2472 887 2548 ὁμήλικες,

87 2560 178 2624 ἐόντες
191 2559 349 2637 σύντροφοί
364 2585 395 2619 τε
409 2561 500 2638 ἐκείνῳ
517 2561 563 2618 καὶ
579 2561 666 2636 οἰκίης
682 2559 714 2619 ού
734 2560 886 2636 φλαυροτέ·

87 2672 146 2726 ρης,
160 2647 222 2708 ούδέ
240 2653 268 2711 ές
284 2647 471 2728 ἀνδραγαθίην
488 2647 657 2724 λειπόμενοι,
674 2648 825 2706 λυπεοίατο
842 2647 888 2704 καὶ

87 2734 307 2812 ἐπιβουλεύοιεν,
332 2734 398 2794 ἀλλ’
422 2735 540 2813 ἑτεροῖός
563 2742 621 2811 σφι
645 2736 735 2793 δοκέοι
757 2734 825 2793 εἶναι
847 2735 888 2811 μη

88 2823 185 2900 ὁρῶσι.
216 2823 297 2882 Ἐπεί
308 2849 339 2883 τε
352 2823 382 2881 δέ
395 2827 482 2883 ταῦτα
495 2823 665 2899 διεκόσμησε
679 2823 725 2880 καὶ
739 2820 867 2899 ἐκράτυνε
878 2824 935 2881 100

88 2911 188 2972 ἐωυτδν
200 2915 236 2989 τῇ
249 2911 395 2988 τυραννίδι,
408 2911 445 2987 ἦν
459 2911 493 2970 τά
510 2911 614 2969 δίκαιον
632 2909 790 2986 φυλάσσων
804 2914 888 2988 χαλε·

88 3000 149 3063 πός·
171 3000 216 3058 καὶ
235 2998 286 3062 τάς
304 3024 336 3058 τε
355 2999 433 3061 δίκας
448 2998 607 3079 γράφοντες
622 2998 689 3057 εἵσω
704 2997 769 3074 παρ’
786 3001 888 3058 ἐκεῖνον

88 3090 309 3165 ἐσεπέμπεσκον,
318 3086 364 3146 καὶ
377 3088 479 3149 ἐκεῖνος
488 3085 630 3162 διακρίνων
639 3084 689 3149 τοίς
699 3086 889 3163 ἐσφερομένας

87 3177 272 3252 ἐκπέμπεσκε.
312 3177 401 3234 ταῦτα
417 3176 470 3254 μὲν
487 3173 560 3236 κατὰ
574 3173 627 3240 τὰς
646 3173 730 3238 δίκας
744 3174 845 3234 ἐποίεε·
867 3173 910 3229 τὶ

75 3261 108 3321 δέ
119 3262 155 3336 «λη’
166 3262 245 3321 α’λλα
260 3265 459 3343 ἐκεκοσμέατό
474 3269 516 3328 οἱ·
531 3266 557 3328 εἰ
571 3292 640 3329 τινα
653 3255 934 3332 ’πυνθάνοιτοἱιβύυε
