2040 3464
85 105 197 170 72-74]
433 105 546 154 κκοκι.
858 107 890 154 ιι

85 186 170 248 ἐόντα
195 188 323 264 Κροίσου
346 189 398 264 μὲν
419 186 552 267 γαμβρόν
575 185 680 262 Μήδων
703 185 733 245 δὲ
755 186 891 262 βασιλέα,

86 280 183 354 Κῦρος
198 275 215 335 ὁ
233 275 399 352 Καμβύσεω
415 273 677 351 καταστρεψάμενος
694 273 759 353 εἶχε,
775 272 888 355 γενόμε·

86 389 137 423 νον
154 363 289 444 γαμβρόν
306 364 421 441 Κροίσῳ
443 359 502 421 ὦδε.
545 362 672 424 Σκυθέων
690 366 745 421 τῶν
765 362 890 438 νομάδων

87 453 150 526 είλη
164 451 269 528 ἀνδρῶν
286 450 480 519 στασιάσασα,
494 449 635 524 ύπεξήλθε
653 455 680 512 ἐς
695 453 750 529 γῆν
762 448 813 524 τήν
827 457 888 527 Μη-

86 538 176 614 δικήν·
208 537 365 616 ἐτυράννευε
393 538 423 597 δὲ
449 537 500 597 τόν
526 537 629 615 χρόνον
657 537 756 597 τοῦτον
784 538 889 614 Μήδων

87 627 238 703 Κυαξάρης
251 627 266 685 ά
280 625 426 704 Φραόρτεω
438 628 488 685 τοῦ
503 623 637 700 Δηῖόκεω·
658 623 689 687 ὃς
700 624 765 688 τούς
778 625 888 690 Σκύθας

85 713 201 776 τούτους
212 714 245 774 τό
259 717 311 790 μὲν
322 718 433 791 πρῶτον
445 715 570 790 περιεῖπε
584 711 622 782 εὖ,
634 711 669 775 αἷς
682 711 777 776 ἐόντας
790 714 889 776 ἱκέτας·

86 801 162 861 ὥστε
174 802 204 861 δὲ
217 804 281 878 περὶ
294 804 406 860 πολλοῦ
419 800 581 877 ποιεόμενος
599 799 705 870 αύτούς,
719 799 819 864 παῖδάς
833 808 889 878 σφι

85 890 228 965 παρέδωκε
239 889 291 966 τήν
304 887 443 969 γλῶσσάν
458 913 489 948 τε
506 890 648 964 ἐκμαθέειν
662 889 708 947 καὶ
723 888 774 964 τήν
788 890 889 968 τέχνην

86 981 142 1036 τῶν
153 976 248 1046 τόξων·
270 976 373 1055 χρόνου
383 976 413 1034 δὲ
425 977 584 1056 γενομένου,
596 976 642 1034 καὶ
654 977 708 1035 αἰεὶ
721 977 888 1052 φοιτεόντων

86 1068 142 1125 τῶν
162 1066 289 1129 Σκυθέων
310 1063 352 1123 ἐπ’
372 1063 461 1145 άγρην
481 1064 527 1121 καὶ
548 1065 604 1122 αἰεί
620 1090 648 1123 τι
669 1063 817 1142 φερόντων,
841 1068 890 1125 καί

87 1178 152 1211 κοτε
166 1153 310 1229 συνήνεικε
329 1155 402 1212 ἑλεῖν
418 1158 511 1227 σφεας
526 1152 621 1228 μηδέν·
646 1151 839 1228 νοστήσαντας
858 1154 888 1213 δέ

87 1239 186 1303 αὐτούς
196 1245 303 1319 κεινῇσι
315 1240 399 1320 χερσὶ
409 1239 424 1298 ὁ
436 1239 592 1316 Κυαξάρης,
602 1239 647 1319 (ἦν
657 1239 719 1320 γάρ,
731 1240 766 1302 ὦς
777 1240 885 1311 διέδεξε,

86 1327 174 1409 ὀργήν
194 1328 297 1407 ἅκρος,)
313 1328 436 1406 τρηχέως
456 1327 544 1404 κάρτα
564 1329 698 1404 περιέσπε
719 1326 830 1404 άεικείη·
861 1333 887 1387 οί

86 1415 117 1474 δέ
142 1420 229 1475 ταῦτα
254 1416 325 1493 πρὸς
349 1414 499 1491 Κυαξάρεω
522 1414 666 1484 παθόντες,
692 1414 764 1473 ὥστε
789 1414 887 1484 άνάξια

59 1572 63 1577 ⁹
85 1506 183 1579 σφέων
209 1504 299 1563 αὐτῶν
325 1502 494 1565 πεπονθότες
527 1501 702 1576 ἐβούλευσαν
731 1506 786 1561 τῶν
811 1503 888 1579 παρά

86 1592 175 1668 σφίσι
188 1592 392 1668 διδασκομένων
408 1591 515 1650 παίδων
531 1591 580 1648 ἕνα
596 1589 762 1666 κατακόψαι·
787 1591 885 1650 σκευά-

85 1705 187 1744 σαντες
199 1680 229 1739 δέ
241 1679 326 1739 αὐτόν
342 1679 436 1755 ὥσπερ
448 1677 570 1737 ἐώθεσαν
584 1677 629 1735 καὶ
642 1677 677 1737 τά
691 1679 774 1756 θηρία
788 1679 886 1739 σκευά·

85 1769 150 1838 ζειν,
178 1767 319 1845 Κυαξάρεῖ
346 1767 440 1827 δοῦναι
464 1766 596 1843 φέροντες
622 1765 657 1828 οἷς
683 1765 771 1846 άγρην
795 1767 885 1843 δῆθεν,

85 1854 180 1919 δόντες
192 1856 229 1925 δέ,
244 1856 297 1932 τήν
312 1855 451 1933 ταχίστην
465 1855 628 1931 κομίζεσθαι
643 1855 719 1931 παρά
732 1854 887 1915 Ἃλυάττεα

84 1943 134 2004 τόν
156 1944 335 2021 Σαρδυάττεω
358 1948 385 2006 ἐς
401 1942 511 2019 Σάρδις.
552 1946 640 2002 ταῦτα
656 1943 702 2000 καὶ
719 1943 752 2018 δή
769 1944 885 2024 ἐγένετο·

86 2033 132 2090 καὶ
150 2030 206 2113 γάρ
222 2030 371 2108 Κυαξάρης
388 2032 435 2088 καὶ
452 2032 479 2089 οἱ
493 2029 642 2107 παρεόντες
658 2029 817 2106 δαιτυμόνες
831 2038 886 2091 τῶν

85 2124 172 2196 κρεῶν
184 2118 286 2180 τούτων
300 2117 451 2178 ἐπάσαντο·
483 2118 529 2175 καὶ
543 2120 570 2176 οἱ
586 2116 691 2181 Σκύθαι
703 2123 790 2176 ταῦτα
806 2120 886 2195 ποιή-

85 2233 185 2270 σαντες
200 2206 357 2266 Ἀλυάττεω
377 2206 464 2265 ἱκέται
480 2206 615 2285 ἐγένοντο.
657 2205 737 2263 Μετά
755 2206 784 2264 δὲ
799 2211 931 2268 ταῦταῊ

84 2295 130 2376 (ού
142 2295 198 2377 γάρ
216 2295 249 2370 δή
267 2293 283 2354 ό
299 2294 454 2369 Ἃλυάττης
471 2293 590 2362 ἐξεδίδου
607 2290 673 2356 τούς
688 2293 797 2357 Σκύθας
816 2296 885 2364 ἐξαι-

85 2383 176 2443 τέοντι
197 2380 349 2461 Κυαξάρεϊ)
363 2381 488 2458 πόλεμος
507 2383 585 2440 τοῖσι
604 2380 724 2440 Λυδοῖσι
745 2384 790 2440 καὶ
809 2387 887 2443 τοῖσι

85 2469 213 2546 Μήδοισι
227 2468 351 2550 ἐγεγόνεε
365 2468 406 2528 ἐπ’
427 2470 488 2528 έτεα
501 2469 591 2528 πέντε·
613 2473 642 2528 ἐν
655 2473 732 2528 τοῖσι
748 2470 886 2534 πολλάκις

84 2561 137 2635 μὲν
151 2561 178 2617 οἱ
191 2559 286 2634 Μῆδοι
301 2556 367 2621 τούς
382 2556 489 2619 Λυδούς
506 2556 645 2631 ἐνίκησαν,
661 2557 800 2620 πολλάκις
813 2557 843 2616 δὲ
859 2562 887 2617 οἱ

84 2643 173 2704 Λυδοὶ
195 2643 260 2706 τούς
283 2643 408 2718 Μήδους·
442 2648 471 2703 ἐν
492 2644 530 2713 δὲ,
552 2645 597 2701 καὶ
617 2645 803 2722 νυκτομαχίην
825 2646 887 2705 τινά

85 2730 263 2807 ἐποιήσαντο.
307 2731 473 2808 διαφέρουσι
487 2731 518 2790 δέ
535 2737 591 2805 σφι
605 2732 650 2790 ἐπὶ
666 2733 729 2806 ἴσης
741 2732 791 2792 τόν
803 2731 888 2792 πόλε-

86 2836 148 2890 μον,
168 2824 207 2898 τῷ
227 2820 294 2898 ἕκτῳ
315 2820 369 2878 ἔτεϊ
389 2821 543 2896 συμβολῆς
562 2819 719 2900 γενομένης,
744 2820 888 2895 συνήνεικε

86 2907 160 2967 ὥστε
175 2912 225 2982 τῆς
241 2907 335 2984 μάχης
353 2905 547 2982 συνεστεώσης
565 2907 617 2981 τήν
637 2907 743 2984 ήμέρην
759 2907 889 2983 ἐξαπίνης

86 2994 172 3054 νύκτα
197 2997 339 3074 γενέσθαι.
379 2994 431 3071 τήν
454 2996 484 3054 δέ
506 2995 690 3071 μεταλλαγήν
712 2994 814 3070 ταύτην
836 3001 888 3072 τῆς

86 3081 192 3160 ἡμέρης
204 3087 301 3157 Θαλῆς
318 3082 334 3142 ὁ
353 3081 500 3157 Μιλήσιος
515 3085 591 3141 τοῖσι
603 3081 682 3141 Ἴωσι
698 3081 890 3163 προηγόρευσε

87 3170 211 3239 ἔσεσθαι,
229 3169 312 3248 οὖρον
328 3171 501 3250 προθέμενος
518 3169 645 3232 ἐνιαυτδν
661 3175 764 3231 τοῖιτου
780 3176 810 3230 ἐν
830 3167 917 3246 ἶηὶλχ

76 3257 125 3314 καί
147 3258 259 3336 ἐγένετο
283 3258 305 3336 ἤ
325 3263 498 3342 μεταβολή.
545 3265 574 3325 οἱ
598 3262 634 3324 δὶ
655 3260 750 3324 λυδοί
770 3285 806 3319 τε
832 3256 885 3316 mix
909 3254 945 3310 οἳ
