2040 3464
127 102 231 165 12-16]
476 106 586 155 κκαια
905 114 921 162 ι

122 181 293 259 χρηστήριον
314 184 360 240 καὶ
380 184 569 258 ἐβασίλευσεν
589 184 660 243 οὕτω
683 185 784 265 Γύγης·
804 183 923 244 τοσόνδε

120 269 216 344 μέντοι
232 270 292 328 εἶπε
308 270 327 346 ἦ
346 272 448 344 Πυθίη,
463 271 499 332 ὠς
513 271 717 348 Ἡρακλείδῃσι
729 273 803 333 τίσις
818 272 878 346 ἥξει
895 277 923 336 ές

120 356 171 416 τάν
193 357 321 433 πέμπτον
345 357 485 437 ἀπάγοι·ον
509 357 612 437 Γύγεω.
653 357 753 417 τούτου
772 363 822 417 τοῦ
844 361 923 423 ἔπεος

119 444 210 502 Λυδοί
223 470 254 505 τε
273 445 320 503 καὶ
338 449 365 504 οἱ
382 446 518 520 βασιλέες
532 445 621 504 αὐτῶν
634 445 722 525 λόγον
736 445 833 504 οὐδένα
847 451 922 506 ἐποι-

121 534 209 602 εῦντο,
224 533 290 608 πρὶν
303 532 337 607 δη
351 533 531 608 ἐπετελέσθη.

160 619 219 694 Τὴν
234 622 286 695 μὲν
303 620 336 694 δή
350 620 498 695 τυραννίδα
514 620 585 680 οὕτω
602 622 688 700 ἔσχον
701 625 728 680 οἶ
745 622 918 699 Μερμνάδαι,
930 625 966 684 14

119 705 185 770 mk
197 706 381 783 Ἡρακλείδας
394 706 572 784 ἀπελόμενοι·
590 709 681 789 Γύγης
695 708 724 767 δὲ
737 711 922 785 τυραννεύσας

119 792 268 872 ἀπέπεμψε
286 793 451 870 ἀναθήματα
470 799 498 857 ἐς
516 795 649 871 Δελφούς
669 796 718 855 οὐκ
739 796 833 877 ὀλίγα·
854 797 919 856 ἀλλ’

118 880 176 941 ὅσα
188 885 240 959 μὲν
250 882 371 962 ἀργύρου
385 882 550 958 ἀναθήματα
561 885 622 943 ἔστι
636 887 663 942 οἱ
675 887 798 942 πλεῖστα
809 890 837 943 ἐν
848 889 920 943 ,λελ-

119 974 212 1042 φαῖσι,
223 970 312 1047 πάρεξ
325 971 354 1029 δέ
364 975 414 1028 τοῦ
429 970 558 1050 ἀργύρου,
570 971 677 1050 χρυσάν
691 971 813 1031 ἄπλετον
823 972 919 1048 ἀνέθη·

118 1082 173 1127 κεν,
187 1057 279 1118 ἄλλον
294 1083 325 1118 τε
341 1058 388 1117 καὶ
401 1058 462 1137 (τοῦ
478 1058 607 1134 μάλιστα
625 1058 737 1136 μνήμην
754 1059 831 1128 ἀξιον
846 1063 918 1138 ἔχειν

119 1147 193 1224 ἐστὶ)
214 1146 346 1222 κρητῆρές
367 1149 394 1204 οἶ
420 1144 541 1221 α’ριθμάν
567 1147 598 1216 ἐξ
616 1146 734 1226 χρύσεοι
760 1146 918 1206 ἀνακέαται·

118 1234 219 1292 ἐσπᾶσι
236 1232 355 1293 δὲοῦτοι
372 1238 401 1293 ἐν
412 1238 451 1312 τῷ
467 1235 622 1311 Κορινθίων
636 1235 775 1312 θησαυρῷ,
789 1234 918 1310 σταθμὸν

118 1320 227 1398 ἐχοντες
235 1321 383 1398 τριήκοντα
389 1320 525 1381 τάλαντα·
539 1321 639 1397 ἀληθέϊ
648 1323 677 1379 δὲ
687 1323 763 1402 λόγῳ
773 1323 918 1400 χρεωμένῳ

118 1407 150 1465 οὗ
164 1410 318 1485 Κορινθίων
332 1413 382 1468 τοῦ
401 1408 539 1485 δημοσίου
557 1410 634 1468 ἐστὶν
648 1409 664 1468 6
682 1408 823 1484 θησαυράς
840 1408 918 1467 ἀλλά

118 1498 253 1573 Κυψέλου
267 1501 318 1557 τοῦ
330 1496 486 1559 Ἠετίωνος.
529 1494 609 1559 οὗτος
625 1497 655 1556 δέ
671 1495 687 1556 6
703 1495 794 1576 Γίγης
810 1499 918 1572 πρῶτος

116 1582 273 1660 βαρβάρων
297 1590 353 1644 τῶν
377 1585 458 1661 ἡμεῖς
484 1583 562 1660 ἴδμεν
586 1589 614 1646 ἐς
641 1584 773 1658 Δελφούς
800 1582 916 1658 ἀνέθηκε

116 1669 281 1747 ἀναθήματα
300 1671 371 1750 μετὰ
391 1668 487 1746 Μίδην
503 1676 553 1730 τόν
574 1671 701 1747 Γορδίεω,
723 1671 843 1752 (νμυγίης
861 1673 917 1746 βα·

117 1760 210 1816 σιλέα·
231 1758 347 1835 ἀνέθηκε
368 1759 424 1840 γάρ
445 1760 478 1834 δη
503 1760 549 1818 καὶ
571 1761 665 1836 Μίδης
687 1759 737 1819 τάν
757 1759 914 1836 βασιλήϊον

116 1846 216 1922 θρόνον
230 1852 257 1910 ἐς
272 1847 323 1908 τάν
334 1849 507 1925 προκατίζων
520 1849 633 1919 ἐδίκαζε,
648 1847 729 1908 ἐόντα
742 1846 913 1924 ἀξιοθέητον·

116 1936 204 1993 κεῖται
216 1935 246 1994 δὲ
259 1934 275 1996 6
289 1935 386 2013 θρόνος
399 1934 479 1998 οὗτος
493 1934 560 1996 ἔνθα
573 1962 625 2011 περ
639 1939 666 1995 οἶ
678 1938 729 1994 τοῦ
742 1935 836 2016 Γύγεω
849 1961 913 2012 κρη-

114 2025 205 2098 τῆρες.
232 2022 249 2084 6
263 2024 293 2082 δέ
304 2022 411 2102 χρυσάς
425 2021 505 2087 οὗτος
518 2025 564 2082 καὶ
574 2023 590 2082 6
601 2022 721 2104 ἄργυρος
733 2023 784 2083 τάν
794 2023 810 2082 6
821 2023 913 2104 Γύγης

114 2108 239 2186 ἀνέθηκε,
262 2110 317 2170 dm}
342 2115 465 2187 Δελφῶν
488 2112 618 2170 καλέεται
639 2111 767 2191 Γυγάδας
790 2111 836 2170 ἐπὶ
860 2115 911 2171 τοῦ

114 2196 262 2261 ἀναθέντος
275 2200 438 2275 ἐπωνυμίην.
459 2199 584 2275 ἐσέβαλε
595 2199 647 2274 μέν
658 2225 706 2258 νυν
719 2198 854 2274 στρατιήν
868 2200 914 2257 καὶ

114 2282 203 2355 οὗτος,
217 2287 279 2345 ἐπεί
291 2312 323 2346 τε
339 2285 413 2363 ἦρξε,
428 2288 455 2350 ἐς
467 2312 499 2345 τε
517 2287 649 2361 Μίλητον
662 2287 708 2344 καὶ
726 2291 754 2349 ἐς
774 2286 912 2363 Σμύρνην,

114 2373 160 2431 καὶ
173 2378 347 2450 Κολοφῶνος
362 2373 396 2434 τά
410 2373 482 2433 ἄστυ
499 2374 565 2432 εἷλε.
599 2373 665 2432 ἀλλ’
678 2373 757 2433 οὐδὲν
768 2374 824 2454 γάρ
838 2375 912 2455 μέγα.

114 2461 194 2541 ἔργον
209 2460 257 2521 ἀπ’
276 2461 360 2521 αὐτοῦ
378 2459 453 2520 ἀλλο
472 2463 579 2542 ἐγένετο
598 2461 826 2537 βασιλεύσαντος
844 2461 914 2521 δυῶν

113 2547 210 2608 δέοντα
232 2547 440 2626 τεσσεράκοντα
464 2550 532 2618 ἐτεα,
553 2552 652 2609 τοῦτον
674 2552 727 2626 μὲν
747 2548 913 2627 παρήσομεν

112 2641 238 2697 τοσαῦτα
252 2638 474 2713 ἐπιμνησθέντες,
486 2634 605 2711 Ἀρδυος
619 2637 649 2696 δὲ
661 2641 711 2696 τοῦ
730 2637 824 2718 Γύγεω
839 2635 911 2714 μετά
922 2639 958 2695 15

112 2721 205 2803 Γύγην
224 2724 452 2800 βασιλεύσαντος
469 2724 582 2800 μνήμην
598 2723 763 2802 ποιήσομαι·
785 2721 864 2786 οὗτος
882 2723 912 2782 δέ

112 2813 251 2886 Πριηνέας
259 2837 291 2871 τε
304 2812 370 2882 εἷλε,
382 2816 409 2874 ἐς
421 2811 552 2886 Μίλητόν
562 2837 592 2870 τε
604 2813 737 2887 ἐσέβαλε·
754 2810 800 2869 ἐπὶ
809 2810 908 2869 τούτου

112 2923 143 2956 τε
159 2899 369 2973 τυραννεύοντος
387 2899 519 2974 Σαρδίων,
535 2900 686 2975 Κιμμέριοι
702 2899 733 2967 ἐξ
748 2897 836 2973 ἠθέων
853 2897 909 2957 ὖπά

111 2986 239 3050 Σκυθέων
259 2990 315 3047 τῶν
335 2986 474 3063 Νομάδων
497 2983 705 3056 ἐξαναστάντες,
727 2985 860 3044 ἀπικέατο
881 2991 908 3049 ἐς

110 3072 163 3150 πῆν
175 3072 283 3150 Ἀσίην,
297 3074 344 3133 καὶ
357 3073 458 3150 Σάρδις
470 3075 548 3150 πλην
560 3078 611 3150 τῆς
624 3073 797 3150 ἀκροπόλιος
809 3073 901 3131 εἶλον,

145 3160 265 3239 ΙἌρδυος
277 3161 308 3222 δέ
314 3161 551 3240 βασιλεύσαντος
566 3163 628 3228 ἓνδς
640 3153 996 3232 δἐονταπευτέηκουςαΧΜ

102 3248 163 3308 ἔτεα
175 3250 323 3323 ἐξεδέξατο
340 3254 533 3333 Σαρδυάττης
549 3252 725 3332 δ’λρδυος,
740 3248 791 3307 καλ
802 3239 971 3318 ἷλδῆὢω
