2040 3464
145 110 193 158 ιιι
442 109 626 158 Ἣνοιοιοτ
891 108 941 174 [τι

144 187 285 263 εἰρινέοισι
302 188 399 262 εἵμασι
415 186 566 262 θαφθῆναι,
581 188 643 247 ἔστι
658 189 689 247 δὲ
704 188 769 266 περὶ
782 185 872 248 αύτιῧν
886 191 942 266 ῖμὸς

145 274 230 355 λόγος
243 273 403 354 λεγόμενος.

97 365 135 423 82
186 363 243 420 Καὶ
256 362 321 421 τόδε
335 361 411 420 ἄλλα
422 362 605 443 Αἰγυπτίοισί
615 368 676 423 ἔστι
690 362 864 440 ἐξευρημένα·
883 365 942 440 μείς

144 476 175 510 τε
189 452 234 508 καὶ
246 450 337 527 ἡμέρη
351 449 455 525 ἑκάστη
470 452 539 510 θεῶν
553 450 615 509 ὅτευ
629 450 699 511 ἔστί·
717 451 763 509 καὶ
776 455 812 529 τῇ
826 451 942 515 ἕκαστος

144 537 233 615 ήμέρη
245 537 401 619 γενόμενος,
416 537 522 596 ὁτέοισι
539 537 686 618 ἐγκυρήσει
704 538 751 596 καὶ
766 537 835 602 ὅκως
849 542 942 598 τελευ-

143 624 225 700 τήσει
233 627 278 683 καὶ
289 624 379 686 ὁκοῖός
389 650 431 687 τις
442 626 530 683 ἔσται·
545 625 591 682 καὶ
599 624 725 684 τούτοισι
734 629 790 684 τῶν
798 624 939 700 Ἑλλήνων

145 717 172 772 οἱ
186 719 214 772 ἐν
227 712 341 787 ποιήσει
353 712 497 792 γενόμενοι
511 712 679 789 ἐχρήσαντο.
709 712 812 789 τέρατά
824 739 855 772 τε
868 714 943 773 πλέα

143 807 199 876 σφι
220 800 364 878 ἀνεύρηται
379 797 398 874 ἢ
414 803 490 858 τοῖσι
510 799 627 858 ἄλλοισι
647 798 738 858 ἅπασι
758 799 941 876 ἀνθρώποισι·

142 889 292 968 γενομένου
318 885 373 967 γὰρ
400 887 522 964 τέρατος,
550 887 737 962 φυλάσσουσι
766 887 942 967 γραφόμενοι

142 975 328 1051 τώποβαῖνον·
351 975 396 1032 καὶ
409 973 443 1048 ήν
457 1000 520 1033 κοτε
533 973 651 1050 ὕστερον
667 974 868 1052 παραπλήσιον
879 976 941 1035 τού-

143 1090 180 1143 τῳ
202 1065 324 1145 γένηται,
350 1059 419 1119 κατὰ
445 1061 533 1121 τώυτό
557 1062 703 1138 νομίζουσι
727 1061 940 1138 ἀποβήσεσθαι.

96 1155 135 1210 83
145 1152 274 1225 Μαντικῆ
296 1151 325 1208 δὲ
349 1149 460 1208 αύτοῖσι
483 1147 533 1208 ὧδε
554 1149 699 1209 διακέεται·
720 1149 870 1226 ἀνθρώπων
889 1154 942 1227 μὲν

144 1239 233 1298 οὐδενὶ
253 1239 421 1316 προσκέεται
441 1237 460 1311 ῆ
479 1237 572 1315 τέχνη,
588 1242 642 1298 τῶν
663 1239 692 1296 δὲ
713 1240 782 1298 θεῶν
801 1239 940 1315 μετεξετέ-

142 1353 227 1403 ροισι·
250 1328 296 1385 καὶ
307 1326 363 1407 γοὶρ
376 1324 533 1401 Ἡρακλέος
550 1326 684 1401 μαντήϊον
701 1325 798 1386 αὐτόθι
818 1327 879 1385 ἐστὶ
895 1328 942 1385 καὶ

143 1413 323 1476 ’Λπόλλωνος
337 1414 382 1471 καὶ
395 1412 544 1487 Ἀθηναίης
557 1415 603 1471 καὶ
615 1413 777 1489 Ἀρτέμιδος
787 1415 832 1471 καὶ
840 1412 941 1490 Ἀρεος

143 1505 189 1562 καὶ
204 1503 278 1572 Διός,
295 1502 352 1580 καὶ,
363 1500 411 1580 ὅγε
428 1501 555 1576 μάλιστα
574 1506 603 1560 ἐν
618 1506 687 1579 τιμῇ
701 1500 816 1581 ἄγονται
830 1502 941 1562 πάντων

142 1596 197 1650 τῶν
220 1591 366 1666 μαντηίων,
392 1592 500 1662 Λητοῦς
525 1593 553 1647 ἐν
576 1593 680 1647 Βουτοῖ
701 1589 771 1647 πόλι
795 1590 865 1648 ἐστι’.
907 1589 941 1649 ού

142 1681 236 1754 μέντοι
250 1678 282 1735 οἵ
291 1703 325 1757 γε
338 1675 472 1751 μαντήῖαί
484 1681 539 1750 σφι
553 1676 623 1734 κατα
637 1676 724 1736 τώυτό
740 1679 848 1745 ἑστᾶσι,
862 1676 939 1737 α’λλᾶ

95 1764 135 1825 34'
143 1766 274 1841 διάφοροί
290 1769 353 1823 εἶσι.
387 1763 424 1820 Ἡ
442 1763 471 1820 δὲ
486 1764 592 1839 ἰητρικῆ
608 1763 678 1823 κατὰ
691 1763 756 1822 τόδε
770 1770 826 1839 σφι
842 1765 939 1824 δέδασ-

142 1881 196 1912 ται·
210 1858 275 1929 μιῆς
283 1852 386 1911 νούσου
397 1852 513 1913 ἕκαστος
525 1852 615 1928 ἰητρός
627 1857 695 1921 ἐστι,
705 1852 750 1909 καὶ
761 1850 793 1910 ού
804 1852 938 1912 πλεόνων·

141 1941 232 2000 πάντα
253 1940 275 1998 δ’
293 1939 471 2015 ἰητρῶνέστὶ
491 1939 574 1996 πλέα·
597 1942 623 1997 οἱ
642 1941 694 2015 μὲν
711 1939 766 2019 γὰρ
783 1938 940 2016 ὀφθαλμοῖν

143 2030 231 2106 ἰητροὶ
246 2027 419 2096 κατεστέασι,
435 2030 462 2085 οἱ
481 2026 510 2084 δὲ
526 2031 660 2101 κεφαλῆς,
675 2030 702 2085 οἱ
721 2027 750 2084 δὲ
764 2026 890 2086 ὀδόντων·
912 2032 939 2089 οἱ

83 2130 85 2135 “
142 2117 171 2174 δὲ
184 2121 237 2176 τῶν
252 2114 322 2174 κατοὶ
336 2115 427 2190 νηδύν,
442 2117 469 2173 οἱ
482 2114 511 2172 δὲ
524 2119 579 2173 τῶν
593 2114 721 2188 ἀφανέων
734 2114 852 2174 νούσων.

95 2209 131 2265 85
182 2209 285 2280 Θρῆνοι
305 2203 334 2261 δὲ
355 2203 401 2260 καὶ
420 2204 511 2277 ταφαί
529 2208 625 2278 σφεων
644 2204 699 2260 εἰσὶ
719 2202 787 2260 αἵδε·
807 2206 885 2262 τοῖσι
904 2202 939 2264 ἂν

142 2291 311 2372 ἀπογένηται
322 2297 351 2349 ἐκ
361 2295 416 2349 τῶν
426 2291 517 2349 οἰκίων
528 2288 670 2366 ἅνθρωπος
680 2294 730 2348 τοῦ
740 2316 782 2353 τις
793 2291 838 2349 καὶ
852 2290 939 2372 λόγος

139 2380 166 2458 ᾗ,
182 2380 215 2440 τό
230 2381 302 2452 θῆλυ
316 2379 395 2459 γένος
413 2381 470 2436 πᾶν
485 2378 518 2436 τό
536 2383 566 2436 ἐκ
582 2382 637 2436 τῶν
651 2379 743 2436 οἰκίων
758 2376 862 2438 τούτων
879 2378 938 2438 κατ’

141 2469 177 2528 ὧν
189 2467 334 2527 ἐπλάσατο
347 2466 398 2541 τήν
410 2465 537 2541 κεφαλήν
550 2470 631 2543 πηλιῆ
644 2464 661 2540 ἢ
674 2467 718 2523 καὶ
730 2465 764 2525 τό
775 2465 938 2542 πρόσωπον·

142 2555 258 2615 κᾶπειτα
272 2560 300 2614 έν
313 2559 389 2614 τοῖσι
403 2555 515 2612 οἰκίοισι
528 2557 665 2612 λιποῦσαι
677 2554 727 2612 τᾶν
740 2553 844 2630 νεκρόν,
858 2554 939 2614 αὐταὶ

141 2645 194 2703 dv&
207 2644 258 2718 τῆν
271 2644 356 2702 πόλιν
366 2641 577 2719 στρωφώμεναι,
588 2641 737 2701 τύπτονται
751 2642 940 2718 ἐπεζωσμέναι

141 2732 187 2790 καὶ
205 2732 358 2808 φαίνουσαι
374 2729 439 2792 τούς
457 2729 569 2806 μαζούς·
591 2728 645 2788 σύν
659 2729 690 2788 δέ
710 2734 766 2805 σφι
784 2733 813 2789 αἱ
831 2731 939 2808 προσή·

141 2845 240 2879 κουσαι
253 2823 353 2877 πᾶσαι·
375 2818 505 2893 ἑτέρωθεν
519 2817 548 2874 δὲ
565 2819 591 2875 οἱ
605 2816 699 2894 ἄνδρες
714 2817 864 2877 τύπτονται
877 2823 938 2878 ε’πε-

141 2909 276 2983 ζωσμένοι
290 2907 336 2964 καὶ
352 2904 438 2964 οὗτοι·
460 2904 542 2963 ε’πειὶν
556 2905 585 2963 δὲ
600 2909 686 2964 ταῦτα
702 2905 853 2981 ποιήσωσι,
867 2905 938 2965 οὕτω

94 3000 130 3056 86
142 3002 168 3058 ἐς
185 2994 237 3070 τῆν
255 2994 416 3072 ταρίχευσιν
437 2993 592 3069 κομίζουσι.
624 2993 692 3051 Εἰσὶ
713 2993 743 3051 δὲ
763 2992 791 3052 οἳ
809 2992 852 3052 ἐπ’
866 2992 939 3073 αύτῷ

137 3082 227 3161 τούτῳ
249 3083 388 3151 κατέαται,
414 3082 460 3139 καὶ
482 3082 583 3159 τέχνην
606 3081 703 3158 έχουσι
724 3080 827 3157 ταύτην
850 3078 936 3142 οὗτοι·

42 3204 49 3263 η
120 3170 212 3228 ἐπεαύι
223 3177 284 3246 σφι
297 3170 429 3251 κομισθῇ
443 3169 540 3248 νεκρὰς
553 3167 698 3230 δεικνύασι
713 3172 792 3229 τοῖσι
804 3169 940 3245 κομίσασι

104 3256 340 3339 παραδειῆματα
354 3266 465 3343 νεκρῶν
479 3261 585 3335 ξύλινα
599 3263 636 3341 τῆ
650 3263 753 3342 γραφῇ
770 3256 952 3335 μεμιμημένοι
