2040 3464
84 111 224 174 140-145]
389 112 614 160 ΜΕΛΠΟΜΕΝΗ,
759 137 760 140 “
839 114 884 163 337

84 219 171 268 μενοι,
193 193 238 249 καὶ
258 191 291 251 τά
314 192 439 266 δεύτερον
456 192 580 266 ἥμαρτον
593 197 648 250 τῶν
662 194 805 269 Περσέων.
840 195 886 251 καὶ

83 284 168 339 τοῦτο
188 282 239 356 μὲν
261 279 296 341 οἷς
318 279 411 340 ἐόντας
431 278 527 341 Ἴωνας
549 281 716 355 ἐλευθέρους,
739 283 885 344 κακίστους

83 394 115 426 τε
137 370 182 426 καὶ
206 366 424 442 ἀνανδροτάτους
449 369 575 441 κρίνουσι
598 367 666 425 εἶναι
689 367 816 426 ἁπάντων
839 368 884 428 άν-

84 455 209 531 θριόπων·
240 459 322 513 τοῦτο
344 454 373 512 δὲ
394 454 429 516 οἷς
451 454 556 512 δούλων
582 453 701 536 [Ἱώνων]
727 455 776 514 τόν
796 455 884 535 λόγον

83 544 249 619 ποιεύμενοι,
286 542 445 616 ἀνδράποδα
476 542 672 618 φιλοδέσποτα
706 550 779 616 φασι
815 544 885 604 εἶναι,

84 632 130 689 καὶ
150 631 276 708 ἄδρηστα
296 631 434 706 μάλιστα.
468 635 556 690 ταῦτα
574 633 625 707 μὲν
649 630 682 706 δὴ
708 632 834 710 Σκύθῃσι
855 638 882 696 ἐς

78 719 175 781 Ἴωνος
190 719 366 794 άπέρριπται.

125 811 243 883 Δαρεῖος
264 807 293 864 δὲ
317 805 362 864 διά
384 810 435 882 τῆς
456 807 577 881 Θρηίκης
598 807 789 884 πορευόμενος,
812 807 930 867 εἰσ-143

84 896 156 953 ίκετο
185 900 211 957 ἐς
240 894 351 969 Σηστόν
381 899 431 969 τῆς
464 894 660 970 Χερσονήσου.
703 896 826 954 ἐνθεῦτεν
853 896 882 954 δέ

83 981 165 1044 αὑτός
184 986 236 1059 μὲν
257 982 338 1057 διέβη
358 987 427 1059 τῇσι
448 982 530 1056 νηυσὶ
550 986 577 1044 ἐς
597 982 649 1057 τὴν
669 980 777 1057 Ἀσίην,
792 983 883 1042 λείπει

84 1071 113 1129 δὲ
137 1070 297 1150 στρατηγόν
322 1076 350 1129 ἐν
376 1074 412 1148 τῇ
437 1070 560 1148 Εὐρώπῃ
589 1070 774 1149 Μεγάβαζον,
797 1071 883 1149 ἄνδρα

83 1159 208 1234 Πέρσην·
229 1163 267 1236 τῷ
282 1158 399 1233 Δαρεῖός
417 1184 480 1216 κοτε
497 1157 577 1216 ἐδωκε
590 1158 672 1237 γέρας
685 1158 791 1216 τοιόνδε
805 1159 883 1221 εἴπας

83 1250 112 1304 ἐν
134 1247 266 1324 Πέρσῃσι
288 1248 361 1307 ἔπος·
391 1245 553 1322 (ὁρμημένου
575 1246 694 1321 Δαρείου
717 1244 795 1321 ῥοιάς
813 1246 882 1321 τριό-

81 1359 149 1412 γειν,
172 1333 207 1396 ὦς
234 1332 325 1401 ἄνοιξε
351 1332 474 1410 τάχιστα
498 1332 550 1407 τήν
573 1331 685 1409 πράτην
707 1336 762 1390 τῶν
785 1335 881 1408 ῥοιέων

83 1421 170 1496 εἴρετο
187 1420 272 1480 αὐτόν
290 1421 305 1481 ὁ
321 1420 459 1494 α’δελφεὸς
473 1418 659 1495 Ἀρτάβανος,
673 1419 689 1479 ὅ
707 1446 734 1478 τι
752 1420 881 1495 βούλοιτ’

82 1507 116 1567 ἅν
140 1512 167 1567 οἱ
189 1513 311 1568 τοσοῦτο
333 1510 443 1582 πλῆθος
467 1508 599 1586 γενέσθαι
620 1507 685 1567 ὅσοι
707 1513 736 1566 ἐν
758 1512 794 1586 τῇ
817 1511 881 1587 ῥοιῇ

83 1595 191 1665 κόκκοι;
215 1601 332 1672 Δαρεῖος
349 1596 378 1654 δὲ
398 1595 465 1664 εἶπε,
482 1595 671 1676 Μεγαβάζους
689 1595 723 1655 ἄν
741 1600 767 1654 οἱ
783 1597 882 1655 τοσού-

81 1710 146 1747 τους
167 1685 286 1790 άμιθμον
309 1684 440 1764 γενέσθαι
465 1683 625 1794 βουλεσθαι
646 1682 802 1760 μᾶλλον
785 1710 803 1758 η
830 1711 881 1760 την

81 1771 241 1830 ειΕλλάδα
223 1770 359 1880 ρπήκοον.
401 1776 430 1829 ἐν
447 1775 499 1846 μὲν
521 1771 555 1846 δη
575 1773 706 1848 Πέρσῃσι
727 1772 815 1830 ταῦτά
832 1799 881 1847 μιν

83 1861 161 1922 εἶπας
189 1860 278 1965 ἐτίμα·
313 1859 377 1919 τότε
404 1859 433 1917 δὲ
463 1858 547 1918 αὐτόν
574 1859 692 1917 υπέλιπε
723 1860 882 1940 στρατηγόν

82 1950 182 2025 ἔχοντα
205 1974 256 2022 της
280 1952 414 2024 στρατιῆς
438 1974 488 2022 της
512 1950 613 2006 εωυτοῦ
640 1946 712 2006 οκτώ
738 1949 881 2024 μυριάδας.

83 2035 173 2098 Οὗτος
186 2037 215 2094 δὲ
229 2036 244 2095 ὁ
259 2037 430 2117 Μεγάβαζος
444 2037 521 2097 εἶπας
534 2035 643 2094 τόδετὸ
658 2037 722 2099 ἔπος
736 2037 862 2095 ἐλείπετο
872 2039 929 2095 144

82 2123 221 2184 ἀθάνατον
242 2124 353 2202 μνήμην
371 2125 440 2200 πρὸς
460 2124 701 2199 Ἑλλησποντίων.
735 2125 882 2205 γενόμενος

81 2212 137 2293 γάρ
158 2218 187 2272 ἐν
207 2214 355 2291 Βυζαντίῳ,
377 2212 493 2271 ἐπύθετο
518 2213 700 2271 ἑπτακαίδεκα
721 2214 795 2271 έτεσι
815 2212 882 2289 πρό-

80 2327 163 2377 τερον
183 2301 395 2379 Καλχηδονίους
416 2300 565 2361 κτίσαντας
586 2298 638 2374 τήν
662 2299 755 2377 χώρην
780 2303 882 2370 Βυζαν·

81 2389 156 2447 τίων·
190 2388 345 2465 πυθόμενος
372 2389 402 2446 δὲ
429 2389 491 2462 ἔφη,
519 2398 536 2421 “
546 2387 756 2464 Καλχηδονίους
782 2392 882 2448 τοῦτον

80 2476 132 2535 τόν
151 2477 253 2555 χρόνον
273 2476 421 2583 τυγχάνειγ
442 2476 537 2535 ἐόντας
556 2473 706 2550 τυφλούς·”
728 2474 760 2533 οὐ
774 2476 830 2583 γάρ
849 2475 882 2535 ἂν

81 2590 132 2623 του
157 2564 306 2627 καλλίονος
327 2563 478 2639 παρεόντος
502 2564 601 2632 κτίζειν
623 2563 723 2640 χώρου,
749 2568 798 2622 τόν
821 2568 881 2622 αἰσ-

81 2653 163 2730 χίονα
184 2654 307 2723 ἑλέσθαι,
330 2656 353 2709 εἰ
372 2678 412 2727 μη
404 2649 507 2725 ἦσαν
530 2650 644 2725 τυφλοί.
687 2648 765 2713 οὗτος
790 2651 883 2710 δὲων
852 2650 866 2674 ’

81 2739 147 2799 τότε
167 2768 182 2800 ο
175 2740 375 2820 Μεγάβαζος
394 2763 553 2817 στρατηγος
569 2738 724 2813 λειφθεὶς’
712 2764 740 2797 εν
756 2742 791 2814 τῇ
805 2739 883 2817 χώρη

80 2826 321 2903 Ἑλλησποντίων,
332 2826 397 2888 τούς
410 2825 450 2902 μή
463 2826 628 2902 μηδίζοντας
641 2827 856 2902 κατεστρέφετο.

124 2913 216 2977 Οὗτος
238 2916 289 2992 μέν
313 2940 361 2974 νυν
382 2918 470 2973 ταῦτα
494 2913 630 2990 ἔπρησσε·
658 2913 707 2997 τόν
729 2912 812 2972 αὐτόν
833 2914 930 2974 δὲ145

81 3008 183 3064 τοῦτον
210 3003 311 3082 χρόνον
338 3002 464 3147 ἐγίνετδο
470 3002 516 3058 ἐπὶ
543 3002 655 3076 Λιβύην
682 3001 771 3065 ἄλλος
798 2994 897 3078 στραῖ

81 3117 144 3199 τιης
166 3092 254 3173 μέγας
280 3089 435 3157 στάλος,δ
438 3088 466 3147 ιοὶ
493 3089 639 3164 πρόφασιν
661 3089 713 3164 τὴν
735 3089 789 3170 ε’γώ
809 3088 881 3198 11⁹qu-

81 3205 210 3285 γησομαι
233 3176 495 3258 προδιηγησάμενος
519 3177 656 3253 πρότερον
681 3177 758 3234 τάδε·
788 3200 845 3233 των
865 3181 907 3228 'm

77 3293 129 3342 της
147 3265 264 3398 {pyum
282 3268 445 3344 ἐπιβατέων
460 3266 572 3327 παίδων
585 3265 704 3337 παῖδες,
715 3257 935 3330 εξελασδέντεὶ

145 3351 161 3396 2

975 3222 993 3365 1
