2040 3464
141 109 189 156 ινα
438 110 622 172 ΉΡοΔοτοτ
872 107 940 174 [111.

140 184 231 244 πάντα
254 185 351 265 ἡλικίῃ
375 187 421 245 καὶ
448 187 525 265 θυμῷ
549 178 687 262 ἐπίτρεπε,
712 185 778 245 ἀλλ’
801 187 868 266 ἴσχε
894 189 941 247 καὶ

141 271 343 348 καταλάμβανε
363 272 495 332 σεωυτόν.
536 272 643 352 οἷγαθόν
662 298 698 342 τι,
718 272 840 351 πρόνοον
862 273 942 334 εἶναι·

141 359 236 434 σοφόν
256 360 286 418 δὲ
305 361 324 435 η’
340 361 492 437 προμηθίη.
528 361 565 420 σύ
585 361 615 419 δὲ
636 362 748 424 κτείνεις
766 363 819 437 μὲν
839 360 942 439 ἄνδρας

142 452 264 506 σεωυτοῦ
277 449 421 523 πολιήτας,
436 448 477 506 ἐπ’
492 447 606 526 οὐδεμιῇ
620 449 694 527 αἰτίῃ
708 447 844 527 ἀξιόχρεῳ
861 450 942 510 ἑλών·

141 535 254 597 κτείνεις
268 534 296 593 δὲ
309 536 419 598 παῖδας.
450 534 484 610 ἢν
495 535 524 594 δὲ
537 536 634 594 πολλοὶ
647 539 762 594 τοιαῦτα
776 537 880 615 ποιέῃς,
890 536 942 613 ὅρα

142 621 210 685 ὅκως
226 622 266 698 μή
280 649 332 682 σευ
345 623 558 698 ἀποστήσονται
574 623 696 699 Πέρσαι.
731 623 793 698 ἐμοὶ
806 624 836 682 δὲ
848 624 943 700 πατήρ

141 709 194 771 σός
210 714 303 785 Κῦρος
317 711 477 769 ἐνετέλλετο
490 708 588 770 πολλοὶ
602 710 720 768 κελεύων
733 712 768 768 σὲ
781 711 943 781 νουθετέειν,

143 796 189 854 καὶ
202 797 386 857 ὑποτίθεσθαι
400 796 415 856 ὅ
428 822 456 856 τι
469 795 504 856 ἂν
518 797 635 874 εῦρίσκω
649 796 781 876 άγαθόν.”
814 797 830 858 ὁ
843 801 896 874 μὲν
908 798 943 874 δή

144 883 253 943 εῦνοιαν
267 885 373 959 φαίνων
387 885 577 959 συνεβούλευέ
589 887 616 943 οἱ
628 889 724 944 ταῦτα·
745 885 761 944 ὁ
776 883 798 943 δ’
808 884 943 962 ἀμείβετο

142 972 248 1030 τοῖσδε·
264 982 281 1007 “
290 971 326 1030 σῦ
342 974 387 1030 καὶ
398 973 460 1049 ἐμοὶ
473 976 582 1051 τολμᾷς
591 973 805 1048 συμβουλεύειν,
814 973 844 1036 ὃς
854 999 944 1052 χρησ·

146 1063 199 1121 τιῦς
217 1062 269 1135 μὲν
286 1059 338 1134 τήν
354 1064 476 1119 σεωυτοῦ
494 1060 615 1136 πατρίδα
634 1060 846 1137 ἐπετρόπευσας,
864 1061 894 1120 εῦ
915 1062 944 1120 δὲ

143 1150 182 1224 τῷ
205 1146 290 1222 πατρὶ
313 1151 351 1225 τῷ
375 1151 431 1224 ἐμῷ
454 1147 690 1223 συνεβούλευσας,
715 1147 833 1207 κελεύων
860 1147 944 1208 αύτδν

143 1232 264 1310 Ἀράξεα
284 1235 412 1311 ποταμόν
430 1235 568 1310 διαβάντα
590 1235 658 1294 ἰέναι
677 1236 722 1293 ἐπὶ
740 1237 943 1316 Μασσαγέτας,

143 1323 325 1398 βουλομένων
339 1322 448 1382 ἐκείνων
461 1322 615 1398 διαβαίνειν
626 1327 654 1385 ἐς
666 1322 717 1397 τὴν
727 1322 881 1399 ήμετέρην;
899 1324 945 1382 καὶ

145 1409 201 1468 α’πό
211 1412 263 1484 μὲν
273 1410 395 1469 σεωυτόν
405 1408 513 1472 ὤλεσας
522 1414 572 1485 τῆς
582 1414 705 1468 σεωυτοῦ
715 1411 846 1485 πατρίδος
856 1416 945 1474 κακῶς

145 1498 280 1573 προστάς·
308 1497 365 1556 οἷπδ
390 1498 420 1556 δέ
442 1496 551 1560 ὤλεσας
574 1501 676 1572 Κῦρον,
697 1496 863 1573 πειθόμενόν
886 1524 944 1558 σοι·

145 1583 211 1643 ἀλλ’
226 1585 258 1643 οῦ
271 1612 299 1644 τι
311 1587 425 1664 χαίρων·
446 1586 508 1644 ἐπεί
521 1611 565 1644 τοι
581 1587 626 1647 καὶ
643 1585 733 1643 πάλαι
747 1591 774 1647 ἐς
787 1587 821 1644 σέ
834 1586 945 1662 προφά-

145 1673 208 1735 σιός
232 1699 279 1732 τευ
307 1673 422 1749 ἐδεόμην
450 1672 666 1749 ἐπιλαβέσθαι·”
697 1677 785 1732 ταῦτα
812 1673 842 1731 δὲ
867 1675 945 1738 ε’ίπας

146 1761 291 1835 ἐλάμβανε
304 1763 336 1820 τῦ
348 1760 430 1828 τόξον
441 1761 476 1824 ως
491 1761 699 1830 κατατοξεύσων
710 1760 802 1821 αύτόν·
819 1766 946 1838 Κροῖσος

147 1847 176 1906 δὲ
195 1848 357 1924 ἀναδραμὼν
376 1849 434 1906 ἔθεε
451 1849 510 1917 ἐξω·
532 1849 547 1907 ὁ
565 1848 602 1918 δὲ,
620 1850 681 1907 ἐπεί
696 1875 727 1907 τε
743 1849 878 1917 τοξεῦσαι
897 1850 946 1909 οῦκ

147 1935 213 2014 εἶχε,
229 1937 383 1994 ἐνετείλατο
397 1940 474 1994 τοῖσι
488 1935 643 2011 θεράπουσι
656 1936 800 2010 λαβόντας
812 1962 862 2012 μιν
877 1937 946 1995 (ἰπο-

149 2026 261 2082 κτεῖναι·
288 2026 315 2082 οἱ
336 2023 365 2081 δὲ
386 2023 552 2098 θεράποντες
573 2023 752 2099 ἐπιστάμενοι
772 2023 823 2083 τάν
841 2023 948 2099 τρόπον

149 2110 241 2178 αὐτοῦ,
267 2110 492 2188 κατακρύπτουσι
518 2111 568 2170 τῦν
595 2115 722 2186 Κροῖσον
746 2112 792 2170 ἐπὶ
817 2111 887 2189 τῷδε
908 2115 948 2191 τῷ

148 2196 232 2278 λόγῳ,
255 2198 327 2257 ὥστε
348 2202 372 2257 εἷ
391 2202 442 2275 μὲν
462 2198 653 2275 μεταμελήσει
676 2205 714 2277 τῷ
731 2198 881 2278 Καμβύσῃ
902 2199 948 2258 καὶ

150 2287 311 2361 ἐπιζητήσει
333 2287 383 2346 τόν
407 2289 542 2362 Κροῖσον,
567 2289 594 2345 οἶ
618 2285 647 2343 δὲ
673 2285 841 2363 ἐκφήναντες
863 2284 949 2346 αῦτῦν

150 2373 224 2448 δῶρα
242 2373 402 2452 λάμψονται
421 2373 541 2454 ζωάγρια
560 2374 696 2450 Κροίσου·
717 2372 752 2448 ἢν
765 2373 795 2432 δέ
812 2373 852 2450 μή
865 2400 949 2450 μετα-

152 2466 270 2537 μελήται
283 2462 353 2539 μηδὲ
366 2464 442 2540 ποθῇ
455 2488 512 2538 μιν,
525 2459 589 2521 τότε
604 2461 808 2539 καταχρῆσθαι·
825 2461 952 2537 ἐπόθησέ

152 2575 181 2609 τε
195 2549 228 2625 δη
243 2549 259 2609 ό
273 2549 437 2626 Καμβύσης
449 2549 498 2609 τόν
509 2553 636 2626 Κροῖσον
647 2548 678 2607 ού
692 2552 792 2626 πολλῷ
802 2549 952 2624 μετέπειτα

153 2637 241 2717 χρόνῳ
260 2638 386 2714 ὕστερον,
406 2637 451 2695 καὶ
472 2639 499 2696 οἱ
517 2636 683 2713 θεράποντες
703 2636 839 2711 μαθόντες
857 2640 952 2712 τοῦτο,

153 2724 330 2806 ἐπήγγελλον
344 2725 416 2804 αύτῷ
431 2724 466 2788 ὦς
479 2727 594 2800 περιείη·
616 2722 779 2799 Καμβύσης
792 2722 822 2783 δὲ
835 2725 953 2804 Κροίσῳ

99 2877 101 2879 ,
153 2815 203 2880 μὲν
217 2813 388 2888 συνήδεσθαι
407 2814 462 2888 ἔφη
476 2811 622 2888 περιεόντι·
644 2812 762 2874 ἐκείνους
776 2811 874 2888 μέντοι
888 2812 954 2876 τοῦς

155 2900 387 2976 περιποιήσαντας
398 2901 429 2958 ού
441 2899 685 2976 καταπροΐξεσθαι,
695 2897 761 2957 ἀλλ’
769 2899 954 2960 ἀποκτενέειν·

155 2989 200 3046 καὶ
214 2989 330 3063 ἐποίησε
342 2993 439 3047 ταῦτα.

98 3078 130 3135 32
193 3075 226 3136 Ὀ
241 3078 296 3154 μὲν
310 3075 345 3154 δή
359 3080 475 3138 τοιαῦτα
489 3074 587 3134 πολλοὶ
604 3079 630 3137 ἐς
647 3074 763 3149 Πέρσας
776 3098 808 3134 τε
828 3076 875 3135 καὶ
891 3075 956 3140 τοῦς

53 3156 80 3240 λ
138 3163 316 3248 έυμμοίχους
331 3167 507 3248 ἐξεμαίνετο,
521 3163 608 3241 μένων
623 3162 768 3236 ἐνλλέμῲι
778 3161 964 3232 κςλῦύγκαςτι

131 3257 271 3323 παλαιάς
287 3257 422 3342 ἀνοίγων
447 3256 496 3317 καὶ
515 3249 717 3327 σκεπτόμενος
731 3245 800 3304 τοῦς
813 3243 935 3311 vum&
953 3250 990 3304 ἶ*
