2040 3464
83 102 193 167 73-76]
373 101 596 149 ΜΕΛΠΟΜΕΝΠ.
837 102 884 149 309

80 182 197 257 σκάφην
207 183 333 257 κειμένην
345 187 373 240 ἐν
382 183 461 258 μέσῳ
469 185 523 239 τῶν
533 179 623 248 ξύλων
630 205 661 239 τε
669 179 777 239 καὶτῶν
785 180 885 239 πίλων·

79 269 163 328 Ἐστι
183 269 214 327 δέ
233 276 289 343 σφι
310 267 444 341 κάνναβις
465 268 590 342 φυομένη
612 271 641 325 ἔν
658 271 693 344 τῇ
712 265 791 345 χάρη
808 266 931 342 πλήν74

82 355 242 435 παχύτητος
254 354 299 412 καὶ
309 353 446 434 μεγάθεος
457 358 495 431 τῷ
505 355 572 431 λίνῳ
582 353 785 429 ἐμφερεστάτη·
799 354 886 434 ταύτῃ

82 443 112 502 δὲ
125 446 224 520 πολλῷ
238 441 388 518 ὑπερφέρει
401 441 420 516 ή
435 439 577 514 κάνναβις·
592 439 663 514 αὕτη
677 441 723 498 καὶ
742 439 885 520 αύτομάτη

82 531 130 588 καὶ
150 529 320 606 σπειρομένη
342 528 452 603 φύεται·
474 529 520 586 καὶ
541 528 572 595 ἐξ
591 526 676 601 αύτῆς
698 527 814 603 Θρήϊκες
834 531 886 604 μὲν

82 617 129 675 καὶ
143 617 242 692 εἵματα
257 620 400 675 ποιεῦνται
412 619 489 674 τοῖσι
508 615 627 672 λινέοισι
644 609 809 690 ὁμοιότατα·
827 615 885 675 οὐδ’

82 702 117 764 άν
136 703 214 766 ὅστις
226 703 266 779 μή
285 702 373 779 κάρτα
385 703 491 778 τρίβων
505 703 546 775 εἴη
559 701 644 776 αὐτῆς
658 701 792 783 διαγνοίη,
806 703 885 763 λίνου

82 790 101 866 ἢ
122 791 273 866 καννάβιάς
293 795 365 849 ἔστι·
386 788 417 852 ὃς
435 789 464 847 δὲ
480 788 520 865 μή
538 789 593 847 εἶδέ
605 814 643 847 κω
656 789 708 864 τήν
722 790 885 863 κανναβίδα,

82 880 176 937 λίνεον
185 877 299 952 δοκήσει
311 876 420 937 εἶναιτά
431 877 504 952 εἷμα·
519 876 626 952 Ταύτης
638 875 674 934 ὧν
685 880 711 935 οἶ
722 862 886 953 Σκύθαιτῆς
896 879 931 940 75

84 965 236 1041 καννάβιος
248 965 280 1025 τά
294 967 410 1040 σπέρμα
423 964 507 1023 ε’πεοὶν
520 963 643 1040 λάβωσι,
652 963 820 1024 ὑποδύνουσι
830 965 885 1026 ῦπά

82 1053 149 1116 τοῦς
162 1054 271 1121 πίλους,
287 1054 333 1111 καὶ
346 1055 440 1111 ἔπειτα
460 1051 652 1127 ἐπιβάλλουσι
665 1051 698 1110 τι)
712 1054 826 1128 σπέρμα
841 1056 886 1113 ἐπὶ

83 1139 148 1202 τοῦς
161 1139 312 1215 διαφανέας
325 1140 421 1202 λίθους
433 1142 472 1217 τῷ
484 1139 560 1213 πυρί·
581 1139 613 1197 τά
630 1138 660 1196 δὲ
678 1140 810 1215 θυμιήται
830 1146 885 1200 ε’πι-

82 1227 272 1304 βαλλόμενον,
293 1228 339 1285 καὶ
355 1226 457 1302 άτμίδα
474 1227 625 1304 παρέχεται
643 1227 791 1302 τοσαύτην,
812 1227 884 1286 ὥστε

82 1313 236 1389 Ἑλληνική
251 1313 365 1390 οὐδεμία
378 1312 412 1372 άν
423 1339 472 1390 μιν
485 1314 571 1390 πυρίη
584 1313 799 1390 ἀποκρατήσειε·
815 1318 841 1372 οἶ
855 1316 884 1374 δὲ

84 1402 190 1464 Σκύθαι
213 1401 347 1482 ἀγάμενοι
370 1405 406 1478 τῇ
427 1401 512 1478 πυρίη
538 1399 680 1478 ὠρύονται.
722 1400 805 1460 τοῦτό
830 1409 886 1477 σφι

48 1496 51 1500 ’
83 1488 145 1548 άντὶ
158 1493 278 1565 λουτροῦ
293 1489 364 1547 ε’στί·
379 1487 411 1546 οῦ
425 1487 480 1568 γάρ
494 1488 527 1562 δή
542 1492 656 1548 λοῦνται
665 1488 744 1547 ὕδατι
753 1488 786 1548 τά
797 1489 885 1565 παρά-

84 1602 140 1636 παν
147 1576 180 1636 vd
190 1581 282 1653 σῶμα·
293 1580 323 1634 αἱ
331 1576 360 1634 δὲ
368 1580 494 1655 γυναῖκες
503 1574 674 1651 αύτῶν,ῦδωρ
683 1577 883 1654 παραχέουσαι,

85 1663 286 1743 κατασιύχουσι
296 1664 361 1739 περὶ
374 1664 456 1723 λίθον
469 1662 574 1741 τρηχύν
587 1667 637 1737 τῆς
648 1665 831 1740 κυπαρίσσου,
841 1666 887 1723 καὶ

83 1753 190 1828 κέδρου,
208 1752 253 1810 καὶ
275 1751 397 1827 λιβάνου
419 1750 514 1819 ξύλου·
537 1750 582 1808 καὶ
600 1753 693 1809 ἔπειτα
711 1750 744 1809 τά
763 1776 886 1810 κατασω-

83 1839 203 1918 χόμενον
222 1842 312 1912 τοῦτο,
329 1837 405 1917 παχύ
428 1838 482 1908 ἐάν,
503 1838 754 1898 καταπλάσσονται
773 1843 830 1899 πᾶν
849 1840 882 1900 τά

83 1931 167 2002 σῶμα
184 1927 231 1985 καὶ
247 1926 280 1986 τά
298 1926 460 2003 πρόσωπον·
482 1925 527 1984 καὶ
543 1925 602 2002 ἅμα
614 1929 666 2002 μὲν
680 1926 777 2004 εὐωδίη
791 1929 883 2003 σφέας

82 2014 139 2074 οἷπδ
160 2015 260 2074 τούτου
280 2015 364 2092 ἴσχει,
387 2012 446 2089 ἅμα
468 2013 498 2072 δὲ
515 2012 698 2090 ἀπαιρέουσαι
715 2019 751 2093 τῇ
771 2016 881 2094 δευτέρη

82 2102 173 2181 ήμέρη
189 2102 240 2177 τήν
258 2101 460 2161 καταπλαστῦν
477 2102 601 2181 γίνονται
619 2103 738 2180 καθαραὶ
755 2105 801 2161 καὶ
814 2107 886 2180 λαμ-

85 2191 160 2266 πραί.

123 2278 275 2340 Ξεινικοῗσι
293 2276 323 2336 δὲ
340 2278 482 2351 νομαίοισι
499 2278 545 2335 καὶ
564 2273 640 2336 οῦτοι
659 2281 739 2340 αἰνῶς
756 2278 929 2356 χρᾶσθαιίθ

83 2364 229 2446 φεύγουσι,
242 2363 311 2440 μήτι
323 2390 357 2443 γε
371 2364 407 2423 ὧν
420 2364 562 2439 ἀλλήλων,
577 2364 773 2438 Ἑλληνικοῖσι
791 2365 821 2422 δὲ
837 2368 883 2424 καὶ

82 2452 193 2526 ήκιστα,
208 2450 243 2514 ιύς
256 2452 377 2520 διέδεξαν
389 2451 562 2530 Ἀνάχαρσίς
575 2476 606 2510 τε
619 2452 666 2509 καὶ
682 2450 794 2527 δεύτερα
810 2451 886 2515 αὖτις

83 2539 202 2614 Σκύλης.
242 2543 327 2598 τοῦτο
349 2541 401 2616 μὲν
420 2538 477 2619 γάρ
499 2537 676 2617 Ἀνάχαρσις,
701 2541 762 2596 έπεί
781 2564 812 2597 τε
832 2544 886 2619 γῆν

81 2626 194 2700 πολλήν
204 2626 347 2702 θεωρήσας
355 2627 400 2684 καὶ
409 2625 612 2701 ἀποδεξάμενος
620 2624 679 2684 κατ’
684 2625 769 2702 αὐτὴν
778 2628 884 2702 σοφίην

81 2712 195 2788 πολλήν
217 2715 359 2790 ἐκομίζετο
380 2718 407 2776 ές
426 2711 497 2788 ήθεα
516 2713 551 2772 τά
577 2713 710 2785 Σκυθέων,
733 2714 826 2773 πλέων
850 2714 883 2773 δι’

79 2801 297 2876 Ἑλλησπόντου
315 2802 468 2879 προσίσχει
487 2805 514 2862 ἐς
530 2800 658 2873 Κύζικον,
674 2802 728 2871 καὶ,
748 2799 810 2878 εῦρε
827 2803 883 2879 γάρ

82 2891 117 2967 τῇ
128 2889 223 2964 Μητρὶ
232 2893 287 2948 τῶν
298 2889 366 2946 θεῶν
377 2888 530 2968 άνάγοντας
539 2887 604 2951 τοῦς
614 2889 784 2963 Κυζικηνούς
797 2889 882 2966 ὁρτήν

81 2976 171 3054 κάρτα
182 2977 425 3055 μεγαλοπρεπέως,
440 2974 538 3046 εύξατο
553 2980 589 3054 τῇ
605 2976 700 3053 Μητρὶ
717 2976 732 3035 ὁ
748 2976 883 3055 ’Λνάχαρ-

81 3089 136 3133 οἰς,
149 3061 184 3138 ἢν
197 3067 255 3126 σῶς
267 3063 313 3121 καὶ
326 3062 406 3143 ὑγιής
419 3061 604 3143 οἷπονοστήση
618 3069 646 3128 ἐς
662 3067 770 3139 ἑωυτοῦ,
787 3064 882 3125 θύσειν

80 3167 112 3211 τε
126 3150 197 3210 κατά
212 3150 300 3210 ταῦτά
313 3150 382 3210 κατά
396 3151 433 3210 τά
451 3151 503 3228 ὅρα
515 3152 580 3216 τοῦς
593 3153 763 3228 Κυζικηνούς
776 3158 884 3212 ποιεῦν-

80 3264 131 3299 τας
151 3238 196 3296 καὶ
215 3238 371 3318 παννυχίδα
393 3238 523 3316 στήσειν·
553 3240 590 3305 οἷς
607 3241 642 3302 δὶ
659 3239 783 3299 ἀπίκετο
802 3245 837 3296 ἐς
854 3239 911 3298 τὴν
