2040 3464
81 99 223 164 llo-113]
400 99 560 148 αιυαυαιι.
836 101 881 146 ιω

79 179 249 256 όφθαλμοῦς
263 179 455 256 τυφλωθῆναι·
477 178 543 237 δέκα
559 181 612 254 μὲν
628 177 662 253 δή
677 178 739 237 ἔτεα
753 174 825 234 εἶναι’
836 199 883 251 μιν

78 267 198 343 τυφλόν·
220 267 355 346 ἑνδεκάτῳ
370 266 400 325 δὲ
421 267 475 326 έτεῖ
488 265 641 324 ἀπικέσθαι
662 267 689 323 οἶ
702 262 839 340 μαντήϊον
853 266 884 322 ἐκ

80 357 203 417 Βουτοῦς
228 353 339 422 πόλιος,
364 353 400 415 ὦς
426 352 539 428 “ε’ξῆκει
562 354 595 412 τέ
617 355 644 410 οἱ
666 352 684 411 ὁ
706 349 808 430 χρόνος
833 353 884 426 τῆς

79 442 187 519 ζημίης,
196 442 243 500 καὶ
253 441 422 518 ἀναβλέψει,
432 439 563 520 γυναικός
574 438 644 519 οόριρ
658 439 808 517 νιψόμενος
820 438 885 502 τούς

79 529 248 605 ὀφθαλμοῦς
274 529 335 605 ῆτις
357 527 434 604 παραὶ
462 527 513 587 τόν
539 531 641 602 ἑωυτῆς
667 525 754 604 ἄνδρα
779 530 883 603 μοῦνον

79 618 243 692 πεφοίτηκε,
262 615 359 675 ἄλλων
379 614 485 691 ἀνδρῶν
506 618 594 674 ἐοῦσα
614 613 752 692 όπειρος·”
769 615 814 672 καὶ
834 613 884 673 τόν

79 703 189 779 πραότης
201 708 252 779 τῆς
266 707 367 763 ἐωυτοῦ
380 701 511 784 γυναικός
525 702 689 779 πειρᾶσθαι·
709 700 781 778 μετοὶ
795 701 833 770 δὲ,
848 700 883 764 κός

80 791 130 850 οὐκ
151 790 302 866 οἷνέβλεπε,
324 792 423 865 ἐπεξῆς
442 790 556 850 πασέων
575 790 737 867 πειρᾶσθαι·
762 788 884 864 α’ναβλέ-

80 886 173 956 ψαντα
193 879 222 937 δὲ
243 882 413 960 συναγαγεῖν
436 878 486 940 τας
508 881 640 958 γυναῖκας
662 881 718 936 τῶν
739 875 881 953 ἐπειρήθη,

80 966 157 1042 πλῆν
176 965 195 1042 ῆ
211 970 262 1042 τῆς
280 970 319 1045 τῷ
340 966 411 1045 οὔρῳ
432 964 583 1042 νιψόμενος
602 964 754 1042 ἀνέβλεψε,
769 970 796 1028 ἐς
815 965 884 1041 μίαν

80 1053 165 1115 πόλιν
186 1053 205 1130 ῆ
225 1058 276 1114 νῦν
300 1054 429 1113 καλέεται
449 1052 571 1131 Ἐρυθρῆ
598 1055 705 1129 βῶλος·
727 1059 754 1116 ἐς
779 1052 883 1128 ταύτην
934 1076 937 1081 ’

80 1143 282 1211 συναλίσαντα,
296 1141 462 1219 ὑποπρῆσαι
478 1141 572 1204 πόσας
589 1142 644 1200 σθν
661 1139 731 1218 αὐτῇ
749 1145 785 1218 τῆ
804 1139 883 1199 πόλι·

80 1233 131 1304 τῆς
142 1230 174 1289 δὲ
187 1229 337 1308 νιψάμενος
354 1234 392 1309 τῷ
411 1229 482 1308 οὔρῳ
501 1229 652 1306 ἀνέβλεψε,
666 1228 769 1304 ταύτην
782 1227 811 1286 δὲ
825 1228 883 1307 εἶχε

12 1331 15 1336 ’
80 1317 164 1380 αι’τδς
182 1321 309 1398 γυναῖκα.
349 1317 517 1394 ἀναθήματα
537 1318 575 1385 δὲ,
588 1316 745 1397 οἷποφυγών
764 1314 816 1391 τῆν
831 1315 884 1374 πό-

80 1406 133 1481 θην
146 1409 200 1464 τῶν
218 1405 384 1482 ὀφθαλμῶν,
397 1405 476 1464 ἄλλα
495 1430 527 1465 τε
547 1402 600 1463 dud
618 1404 654 1464 τα
675 1403 722 1481 ἱροὶ
742 1403 834 1463 πόντα
845 1403 882 1463 τό

79 1493 188 1574 λόγιμα
208 1492 333 1570 οἷνέθηκε,
353 1495 407 1563 καὶ,
426 1497 476 1552 τοῦ
496 1519 530 1573 γε
550 1492 638 1573 λόγον
657 1492 786 1568 μάλιστα
807 1491 885 1560 αξιόν

81 1586 143 1641 ἐστι
157 1583 238 1660 ἔχειν,
250 1587 279 1644 ἐς
292 1586 342 1641 τοῦ
360 1582 462 1640 Ἡλίου
480 1580 513 1640 τό
530 1579 590 1656 ἱρόν
606 1580 755 1655 α’ξιοθέητα
768 1578 884 1655 ἐνέθηκε

80 1670 150 1749 ἔργα
169 1669 290 1746 όβελοῦς
308 1670 357 1728 δύο
377 1671 509 1738 λιθίνους,
526 1669 558 1738 ἐξ
577 1667 636 1731 ἑνός
655 1668 735 1728 ἐόντα
755 1665 889 1745 ἑκάτερον

80 1759 171 1826 λίθου,
184 1761 274 1835 μῆκος
292 1759 345 1834 μὲν
366 1757 494 1835 ἑκάτερον
514 1757 626 1836 πηχέων
643 1755 740 1816 ἑκατόν
757 1754 834 1834 εὖρος
854 1756 885 1815 δὲ

80 1843 154 1904 όκτο)
167 1847 287 1923 πηχέων.

120 1932 228 1992 Τούτου
254 1934 285 1992 δὲ
313 1932 477 2001 ἐκδέξασθαι
503 1931 555 2008 τῆν
581 1935 740 2010 βασιληῗην
768 1933 931 2012 ἔλεγον112

80 2020 168 2097 ἄνδρα
182 2022 344 2097 Μεμφίτην,
358 2025 396 2098 τῷ
410 2021 479 2078 κατα
492 2021 544 2096 τῆν
559 2026 614 2080 τῶν
626 2021 771 2096 Ἑλλήνων
789 2025 884 2102 γλῶσ-

80 2135 138 2167 σαν
156 2108 262 2185 οὕνομα
278 2110 396 2185 Πρωτέα
416 2108 492 2167 εἶναι·
514 2113 564 2168 τοῦ
584 2113 633 2169 νῦν
650 2109 764 2185 τέμενός
780 2114 842 2168 ε’στι
856 2113 885 2168 ἐν

81 2197 185 2272 Μέμφι
206 2196 295 2273 κόρτα
316 2196 405 2256 καλόν
424 2222 455 2256 τε
478 2198 523 2254 καὶ
547 2196 576 2255 εὖ
597 2195 812 2274 ἐσκευασμένον,
833 2199 884 2256 τοῦ

80 2283 273 2360 Ἡφαιστηΐου
285 2284 355 2360 πρός
371 2283 452 2344 νότον
465 2284 567 2361 ἄνεμον
581 2286 715 2361 κείμενον·
738 2283 883 2364 (περιοικέ·

81 2398 148 2431 ουσι
165 2373 194 2430 δὲ
215 2373 248 2431 τό
264 2372 377 2448 τέμενος
396 2376 479 2432 τοῦτο
493 2373 618 2435 Φοίνικες
636 2372 738 2447 Τύριοι,
754 2371 884 2431 καλέεται

100 2462 112 2518 ἐ
129 2458 147 2519 ό
164 2464 255 2538 χῶρος
272 2458 351 2523 οὗτος
368 2459 385 2518 ό
404 2460 531 2522 συνάπας
545 2461 651 2536 Τυρίων
669 2459 885 2538 στρατόπεδον)

82 2548 144 2607 ἐστι
158 2548 187 2606 δὲ
201 2553 230 2607 ἐν
242 2552 280 2627 τῷ
292 2546 400 2624 τεμένεϊ
416 2552 468 2606 τοῦ
484 2546 614 2624 Πρωτέος
630 2546 691 2622 ἱρόν
704 2547 737 2605 τό
754 2546 885 2606 καλέεται

82 2634 180 2710 ’Ξείνης
196 2635 374 2712 Ἀφροδίτης·
395 2635 605 2711 συμβάλλομαι
623 2635 652 2692 δὲ
672 2638 755 2693 τοῦτο
773 2634 806 2693 τό
824 2633 885 2711 ἱρόν

83 2723 153 2782 εἶναι
165 2723 281 2799 Ἑλένης
294 2726 345 2797 τῆς
360 2722 512 2799 Τυνδάρεω,
527 2724 573 2781 καὶ
589 2723 639 2781 τόν
658 2720 747 2802 λόγον
758 2720 885 2798 οἷκηκοῶς

83 2809 120 2873 ὥς
139 2809 268 2886 διαιτήθη
288 2810 389 2886 Ἑλένη
410 2809 487 2887 παραὶ
508 2808 626 2887 Πρωτέι,
654 2810 700 2867 καὶ
721 2809 755 2884 δή
776 2809 823 2867 καὶ
842 2810 887 2871 ότι

83 2897 180 2975 Ξείνης
199 2897 368 2975 Ἀφροδίτης
385 2898 539 2974 ἐπωνύμιόν
558 2903 628 2956 ἐστι·
653 2896 711 2956 ὅσα
730 2896 786 2978 γᾶρ
806 2896 884 2957 ἅλλα

82 2985 252 3064 Ἀφροδιτης
276 2987 322 3064 ἱροί
343 2993 413 3058 ἐστι,
435 2986 562 3064 οὐδαμῶς
582 2985 685 3062 Ξεόνης
702 2986 886 3046 ἐπικαλέεται.

82 3072 202 3155 Ἔλεγον
216 3074 246 3134 δέ
258 3101 308 3151 μοι
321 3079 348 3134 οἱ
363 3074 432 3151 ἱρέες
445 3074 602 3152 ἱστορέοντι
615 3073 650 3134 τό
663 3074 728 3151 περὶ
740 3073 868 3150 Ἑλένην,
877 3077 936 3135 113

50 3165 53 3170 ’
83 3161 216 3242 γενέσθαι
237 3160 298 3220 ὦδε·
318 3160 506 3243 Ἀλέξανδρον
531 3161 709 3243 ἁρπάσαντα
722 3162 852 3235 Ἕλέυηυ
875 3165 917 3215 ἐις

76 3248 210 3325 Σπιῆοτης
236 3249 398 3316 α’ποπλέειν
425 3259 456 3317 ἐς
480 3253 537 3334 τῆν
567 3257 688 3316 ἐωυτυῖν
727 3251 782 3312 καὶ
809 3269 877 3326 μιν»
897 3241 943 3298 *ὶῦ

977 3364 982 3417 ι
