2040 3464
106 108 166 174 ιιι]
426 113 588 160 mma.
858 117 907 166 ιιτ

104 184 300 265 χρησαμένους
322 188 388 251 τοῦς
410 191 554 263 φυλάκους
578 189 833 265 ὑπερμεθυσθῆναι,
860 191 908 252 καὶ

105 273 291 350 κρατηθέντας
310 275 365 335 ῦπῦ
386 281 436 334 τοῦ
458 275 546 336 ὕπνου
566 275 651 336 αὐτοῦ
675 277 794 353 ἐνθάπερ
814 278 907 340 ἔπινον

105 363 352 437 κατακοιμηθῆναι·
368 362 418 423 τῶν
431 363 469 432 δέ,
483 362 519 426 οἷς
530 364 629 441 πρόσω
642 364 677 439 ῆν
689 369 740 438 τῆς
752 365 858 432 νυκτὸς,
871 366 906 425 τό

104 473 137 507 τε
153 453 237 524 σῶμα
249 453 299 508 τοῦ
316 449 457 525 ἀδελφεοῦ
471 456 630 510 καταλῦσαι
644 453 690 509 καὶ
704 457 759 510 τῶν
773 451 906 526 φυλάκων

105 536 151 593 ἐπὶ
163 537 240 613 λύμη
253 535 363 596 πάντων
376 538 497 613 ξυρῆσαι
511 539 562 601 τάς
579 538 669 607 δεξιάς
681 540 826 615 παρηΐδας·
848 543 905 600 ἐπι·

105 621 189 681 θέντα
208 623 239 682 δὲ
258 623 308 684 τῶν
327 624 407 685 νέκυν
427 627 473 684 ἐπὶ
492 625 557 689 τοῦς
577 623 657 689 ὅνους
677 625 842 686 ἀπελαύνειν
862 627 905 687 ἐπ’

104 710 189 779 οἴκου,
202 711 403 772 ἐπιτελέσαντα
415 717 452 791 τῇ
465 715 550 791 μητρὶ
563 713 599 773 τά
612 713 838 794 προσταχθέντα·
854 714 905 775 τῶν

105 796 135 856 δέ
149 799 285 874 βασιλέα,
299 800 335 864 οἷς
350 800 424 879 αύτῷ
437 801 605 882 ἀπηγγέλθη
618 807 670 862 τοῦ
684 801 779 880 φωράς
794 803 810 862 ὁ
827 802 905 867 νέκυς

104 887 330 964 ἐκκεκλεμμένος,
344 888 420 949 δεινά
432 889 545 948 ποιέειν·
564 890 672 953 πάντας
684 890 715 948 δὲ
726 888 905 966 βουλόμενον

105 974 249 1050 εὑρεθῆναι
262 974 341 1039 ὅστις
358 980 421 1037 κοτὲ
435 977 477 1053 εἴη
491 977 506 1037 ὁ
520 982 608 1037 ταῦτα
622 977 828 1056 μηχανώμενος,
842 1003 902 1038 ποι-

103 1063 177 1133 ῆσαί
185 1089 235 1138 μιν
246 1063 320 1133 τάδε,
335 1066 397 1141 ἐμοὶ
409 1067 461 1140 μέν
474 1064 507 1125 ού
519 1065 617 1125 πιστά·
634 1065 686 1139 τῆν
696 1065 749 1146 [δὲ]
763 1066 902 1145 θυγατέρα

102 1147 155 1221 τῆν
168 1153 269 1210 ἑωυτοῦ
283 1153 396 1211 κατίσαι
409 1151 450 1211 ἐπ’
462 1152 619 1229 οἰκήματος,
631 1153 822 1229 ἐντειλάμενον
833 1153 900 1211 πάν-

103 1260 153 1298 τας
170 1263 201 1296 τε
220 1238 321 1313 ὁμοίως
340 1240 548 1317 προσδέκεσθαι
566 1242 612 1299 καὶ
628 1241 695 1317 πρὶν
713 1240 901 1320 συγγενέσθαι

103 1321 267 1404 α’ναγκάζειν
282 1327 375 1408 λέγειν
391 1327 490 1405 αὐτῇὸ
508 1354 536 1387 τι
552 1329 586 1403 δῆ
602 1333 631 1387 ἐν
648 1332 686 1405 τῷ
697 1329 754 1406 βίῳ
768 1331 901 1407 ἔργασται

103 1410 175 1490 αύτῷ
189 1413 357 1491 σοφώτατον
371 1417 417 1475 καὶ
434 1415 640 1483 α’νοσιιύτοτον;
663 1415 693 1479 ὃς
709 1415 732 1474 δ’
746 1415 779 1474 ὂν
794 1414 900 1495 άπηγή-

102 1524 188 1574 σηται
207 1503 243 1562 τά
264 1504 329 1579 περὶ
348 1503 399 1563 τᾶν
419 1507 500 1578 φῶρα
517 1502 695 1583 γεγενημένα,
713 1506 813 1561 τοῦτον
830 1507 899 1560 συλ·

101 1590 260 1663 λαμβάνειν
283 1592 329 1650 καὶ
351 1592 392 1668 μῆ
413 1590 524 1649 α’πιέναι
548 1591 607 1659 ἔξω·
634 1589 671 1653 ῶς
692 1591 721 1648 δέ
741 1589 793 1664 τῆν
812 1589 897 1648 παῖδα

101 1677 205 1737 ποιέειν
223 1680 259 1738 τά
277 1685 307 1739 ἐκ
326 1685 377 1739 τοῦ
394 1678 499 1755 πατρῦς
515 1678 739 1757 προσταχθέντα,
753 1677 803 1737 τῶν
816 1681 897 1754 φῶρα

101 1766 258 1842 πυθόμενον
270 1772 325 1826 τῶν
338 1767 427 1826 εἵνεκα
440 1771 527 1826 ταῦτα
541 1766 708 1843 ἐπρήσσετο,
718 1763 897 1841 βουληθέντα

101 1855 276 1933 πολυτροπίῃ
286 1860 336 1914 τοῦ
348 1853 487 1930 βασιλέος
496 1853 699 1935 περιγενέσθαι,
707 1854 811 1913 ποιέειν
821 1851 895 1911 τάδε·

100 1946 197 2018 νεκροῦ
207 1941 376 2019 προσφάτου
388 1941 570 2018 ἀποταμόντα
583 1947 612 2001 ἐν
621 1945 658 2020 τῷ
669 1941 732 2020 ῶμῳ
742 1940 793 2016 τῆν
805 1945 895 2019 χεῖρα,

101 2028 170 2088 ἰέναι
182 2029 267 2089 αῦτόν
281 2033 380 2108 ἔχοντα
392 2028 479 2105 αύτῆν
491 2029 546 2087 ύπὸ
559 2033 597 2107 τῷ
611 2028 718 2107 ἱματίῳ·
741 2028 895 2087 ἐσελθόντα

100 2116 130 2174 δὲ
148 2116 184 2180 ῶς
202 2121 253 2177 τοῦ
270 2116 410 2193 βασιλέος
427 2116 479 2192 τῆν
496 2117 634 2198 θυγατέρα
650 2117 696 2175 καὶ
713 2114 896 2193 εἰρωτώμενον

99 2204 187 2282 τάπερ
208 2205 254 2264 καὶ
271 2209 299 2265 οἱ
318 2205 411 2274 ἄλλοι,
428 2203 632 2285 ἀπηγήσασθαι
650 2203 686 2267 ῶς
706 2203 895 2263 α’νοσιώτοτον

100 2295 151 2368 μὲν
160 2295 202 2368 εἴη
213 2292 391 2375 ἐργασμένος,
402 2291 449 2352 ὅτε
461 2296 511 2352 τοῦ
525 2291 663 2367 ἀδελφεοῦ
678 2297 706 2351 ἐν
716 2295 754 2368 τῷ
765 2292 895 2367 θησαυρῷ

98 2383 150 2440 τοῦ
176 2382 315 2456 βασιλέος
339 2380 394 2441 ῦτά
421 2379 513 2461 πάγης
539 2378 656 2441 ἁλόντος
680 2377 820 2453 οἷποτάμοι
843 2377 895 2451 τῆν

99 2467 237 2543 κεφαλήν·
256 2468 423 2544 σοφώτατον
437 2468 475 2537 δὲ,
488 2466 532 2526 ὅτι
544 2465 608 2528 τοῦς
622 2463 764 2540 φυλάκους
778 2488 895 2539 καταμε·

99 2556 188 2620 θύσας
215 2556 381 2616 καταλύσειε
406 2558 456 2615 τοῦ
484 2554 623 2630 ἀδελφεοῦ
650 2549 820 2629 κρεμάμενον
845 2549 895 2608 τάν

99 2643 188 2706 νέκυν·
208 2642 260 2720 τῆν
280 2644 317 2714 δέ,
337 2643 372 2707 ῶς
388 2642 500 2719 ῆκουσε,
520 2640 659 2698 ἅπτεσθαι
680 2636 774 2695 αὐτοῦ·
795 2635 845 2695 τῶν
864 2636 895 2695 δέ

99 2737 182 2808 φῶρα
200 2737 229 2791 ἐν
246 2736 284 2809 τῷ
301 2730 397 2791 σκότεϊ
413 2733 555 2806 προτεῖναι
576 2726 645 2804 αὐτῇ
661 2729 711 2785 τοῦ
728 2727 826 2800 νεκροῦ
843 2722 896 2798 τῆν

98 2823 187 2897 χεῖρα,
200 2819 252 2894 τῆν
265 2819 295 2877 δέ
311 2817 520 2893 ἐπιλαβομένην
533 2816 613 2892 ἔχειν,
628 2813 797 2888 νομίζουσαν
811 2808 896 2869 αὐτοῦ

99 2907 203 2966 ἐκείνου
210 2911 261 2981 τῆς
270 2905 364 2984 χειράς
372 2903 546 2982 ἀντέχεσθαι,
555 2901 605 2960 τῶν
613 2900 642 2959 δὲ
651 2903 733 2975 φῶρα
742 2895 895 2975 προέμενον

98 2991 170 3072 αὐτῇ
180 2993 310 3072 οἴχεσθαι
320 2992 365 3051 διά
379 2992 481 3069 θυρέων
492 2988 641 3068 φεύγοντα·
658 2986 694 3050 ῶς
707 2986 736 3044 δὲ
750 2985 796 3043 καὶ
809 2988 897 3044 ταῦτα

99 3085 127 3142 ἐς
141 3080 191 3140 τὸν
203 3078 331 3156 βασιλέα
348 3078 511 3156 άνενεῖχθαι,
527 3075 720 3152 ἐκπεπλῆχθαι
733 3074 784 3150 μὲν
798 3071 843 3129 ἐπὶ
858 3076 898 3147 τῆ

99 3166 303 3244 πολυφροσύνῃ
324 3191 356 3226 τε
377 3165 425 3225 καὶ
445 3163 542 3244 τόλμῃ
563 3161 742 3241 τάνθρῶπαυ·
767 3157 858 3217 τέλος
870 3155 924 3218 λὶς

88 3253 285 3330 διαπέμπουσα
307 3258 338 3319 ἐς
361 3254 463 3321 πάσας
488 3255 543 3320 τὰς
569 3253 663 3317 πόλις
683 3235 954 3331 ἐπαηηέλλὶῦδ““
