2040 3464
132 117 164 162 τι
444 116 626 164 ἰινοιοτοτ
897 116 929 178 [1.

134 196 227 270 Κᾶρες
240 192 441 269 ἀποδεξάμενοι
455 193 533 253 οὐδὲν
546 193 609 253 οὔτε
627 193 692 253 ὅσοι
709 192 853 270 Ἑλλήνων
867 194 929 254 ταί·

131 307 182 356 την
198 280 250 356 την
266 281 359 359 χώρην
378 282 506 341 οἰκέουσι.
550 282 672 340 οἰκέουσι
685 282 715 340 δὲ
729 283 774 340 καὶ
787 281 872 341 ἄλλοι
885 283 930 341 καὶ

130 368 352 445 Λακεδαιμονίων
368 367 479 428 ἄποικοι
496 369 612 439 Κνίδιοι,
625 373 676 443 τῆς
689 368 782 447 χόρης
798 373 848 445 τῆς
860 377 930 446 σφε-

130 457 211 533 τέρης
231 457 418 532 τετραμμένης
440 462 468 518 ἐς
488 455 598 526 πόντον,
621 456 759 535 ἀργμένης
780 457 810 516 δὲ
832 462 863 516 ἐκ
881 463 931 533 τῆς

130 543 307 623 χερσονήσου
320 548 370 619 τῆς
378 544 547 620 Βυβασσίης
559 544 592 603 τό
606 543 640 617 δη
651 544 783 619 Τριόπιον
792 545 929 615 καλέεται,

132 632 231 707 ἐούσης
245 657 276 691 τε
291 630 386 707 πόσης
402 631 463 712 [τῆς
479 630 613 712 Κνιδίης]
632 631 709 705 πλην
721 631 820 713 ὀλίγης
839 659 930 710 περιρ·

130 720 206 798 ρόου·
224 720 271 802 (τό
283 723 334 797 μὲν
346 719 401 801 γὰρ
413 719 498 795 αὐτῆς
510 719 580 796 πρός
592 722 684 796 βορῆν
697 717 799 796 ἄνεμον
812 719 827 779 ὀ
841 727 931 798 Κερα·

132 807 228 886 μεικός
248 808 354 871 κόλπος
374 807 497 888 ἀπέργει,
518 807 554 867 τοὶ
578 808 608 866 δὲ
630 807 700 884 πρός
720 807 801 867 νότον
820 807 839 883 ἦ
862 809 931 868 κατὰ

125 893 227 972 ’Σύμην
246 922 278 955 τε
299 897 345 954 καὶ
365 895 462 955 Ῥόδον
483 895 641 974 θάλασσα)
665 894 698 954 τό
720 894 757 954 ὧν
779 894 813 970 δὴ
833 894 931 977 ὀλίγον

130 988 221 1054 τοῦτο,
244 983 288 1042 ε’ὀν
310 983 379 1043 ὅσον
399 1009 431 1042 τε
452 984 498 1041 ἐπὶ
517 984 600 1042 πέντε
621 981 731 1052 στάδια,
754 982 883 1060 ὤρυσσον
905 988 930 1044 οἱ

131 1072 240 1131 Κνίδιοι
255 1077 284 1130 ἐν
300 1071 358 1150 ὅσω
368 1071 515 1152 Ἅρπαγος
529 1071 581 1146 την
596 1070 702 1146 Ἰωνίην
716 1073 930 1148 κατεστρέφετο,

130 1160 302 1236 βουλόμενοι
312 1165 400 1234 νῆσον
408 1159 460 1234 τὴν
469 1159 563 1238 χώρην
576 1149 704 1233 ποιῆσαι·
722 1159 798 1220 ε’ντός
809 1160 838 1217 δὲ
850 1160 931 1220 πᾶσά

131 1254 188 1323 σφι
201 1249 315 1329 ἐγίνετο·
335 1252 371 1326 τῇ
383 1247 437 1327 γόιρ
456 1248 474 1321 ἡ
494 1247 593 1323 Κνιδίη
608 1246 686 1325 χώρη
705 1251 733 1308 ἔς
749 1246 801 1322 την
816 1245 931 1324 ἤπειρον

129 1341 254 1415 τελευτᾷ,
268 1335 354 1414 ταύτῃ
373 1335 389 1395 ὁ
408 1333 509 1411 ἰσθμός
527 1340 589 1394 ε’στι
605 1335 654 1393 τόν
672 1332 810 1410 ὤρυσσον·
831 1337 878 1394 καὶ
896 1336 930 1412 δὴ

129 1428 227 1502 πολλῇ
245 1425 318 1503 χειρὶ
336 1424 524 1504 ἐργαζομένων
539 1427 594 1481 τῶν
608 1422 734 1492 Κνιδίων,
748 1426 862 1497 μᾶλλον
874 1424 930 1504 γάρ

130 1537 158 1570 τι
176 1513 221 1570 καὶ
238 1511 376 1587 θειότερον
394 1511 541 1586 ἐφαίνοντο
558 1508 762 1585 τιτρώσκεσθαι
779 1513 805 1568 οἶ
819 1511 931 1591 ε’ργαζό

129 1626 208 1676 μενοι
229 1604 279 1658 τοῦ
304 1598 410 1660 οἰκότος
429 1596 466 1657 τό
491 1624 522 1657 τε
546 1596 623 1655 ἄλλα
646 1602 697 1656 τοῦ
729 1596 859 1673 σώματος
884 1601 931 1659 καὶ

130 1687 257 1764 μάλιστα
276 1687 312 1746 τοὶ
331 1687 396 1762 περὶ
415 1686 480 1748 τούς
499 1685 666 1761 ὀφθαλμοός
687 1687 859 1762 θραυομένης
880 1693 931 1763 τῆς

129 1776 239 1852 πέτρης,
253 1777 375 1851 ἔπεμπον
389 1779 416 1836 ἐς
430 1773 562 1848 Δελφοός
576 1773 748 1850 θεοπρόπους
761 1777 930 1851 ἐπερησομέ-

129 1889 193 1925 νους
204 1863 237 1922 τό
251 1862 386 1932 ἀντίξοον·
407 1862 424 1937 η
442 1863 472 1921 δὲ
486 1863 579 1936 Πυθίη
598 1870 662 1936 σφι,
677 1861 712 1924 ὦς
728 1860 807 1920 αὐτοὶ
821 1863 930 1922 Κνίδιοι

129 1952 256 2032 λέγουσι,
270 1955 326 2030 χρᾷ
340 1956 369 2010 ἓν
381 1952 517 2030 τριμέτρῳ
529 1949 598 2028 τόνῳ
611 1950 687 2008 τάδε·

281 2063 366 2111 Ἰσθμὸν
378 2063 400 2102 δὲ
412 2059 440 2112 μὴ
457 2062 565 2114 πυργοῦτε,
579 2060 626 2111 μηδ’
638 2061 748 2111 ὀρύσσετε·

283 2122 332 2163 Ζεὺς
345 2119 385 2172 γάρ
400 2119 418 2160 κ’
430 2120 488 2170 ἔθηκε
502 2121 574 2170 νῆσον,
588 2118 607 2159 εἶ
621 2119 639 2159 κ’
654 2119 760 2168 ἐβούλετο.

129 2210 240 2270 Κνίδιοι
261 2213 320 2287 μὲν,
343 2214 431 2269 ταῦτα
451 2215 502 2284 τῆς
523 2210 631 2284 Πυθίης
650 2209 807 2288 χρησάσης,
829 2214 880 2269 τοῦ
898 2237 930 2270 τε

130 2297 286 2378 ὀρύγματος
305 2297 464 2357 ἐπαύσαντο
485 2299 531 2355 καὶ
546 2296 680 2378 Ἀρπόγερ
701 2296 805 2356 ἐπιόντι
822 2296 877 2356 σόν
892 2307 930 2377 τῷ

84 2387 140 2448 175
150 2391 261 2464 στρατῷ
279 2386 405 2464 οἷμαχητί
418 2391 510 2460 σφεας
523 2383 622 2447 αὐτους
634 2385 803 2461 παρέδοσαν.
830 2384 930 2445 Ἠσαν

131 2475 161 2533 δὲ
181 2474 327 2550 Πηδασέες
348 2477 484 2534 οἰκοῦντες
505 2472 574 2548 ὑπὲρ
594 2471 822 2549 Ἁλικαρνησσοῦ
844 2474 930 2550 μεσό·

128 2588 219 2643 γαιαν·
248 2565 324 2621 τοῖσι
344 2560 413 2624 ὀκως
432 2586 460 2620 τι
479 2560 583 2637 μέλλοι
604 2559 782 2634 ἀνεπιτήδεον
803 2561 929 2631 ἔσεσθαι,

127 2651 242 2710 αὐτοῖσί
254 2676 285 2709 τε
301 2649 346 2708 καὶ
363 2654 440 2709 τοῖσι
458 2649 632 2725 περιοίκοισι,
649 2647 668 2723 ἦ
687 2650 769 2725 ἱερείη
785 2652 835 2723 τῆς
847 2647 930 2724 Ἀθη-

130 2740 205 2814 ναίης
223 2737 341 2819 πώγωνα
355 2739 445 2818 μέγαν
461 2737 546 2814 ἴσχει·
566 2738 626 2811 τρίς
642 2742 697 2810 σφι
714 2741 797 2795 τοῦτο
811 2738 929 2818 ἐγένετο·

128 2825 205 2886 οὗτοι
220 2831 275 2885 τῶν
294 2826 358 2902 περὶ
375 2825 484 2901 Καρίην
501 2824 607 2901 ἀνδρῶν
624 2825 724 2899 μοῦνοί
741 2850 772 2883 τε
792 2823 930 2902 α’ντέσχον

128 2914 229 2992 χρόνον
248 2914 380 2995 Ἀρπαίγιρ
402 2914 447 2972 καὶ
466 2912 618 2991 πρήγματα
634 2913 780 2990 παρέσχον
797 2917 929 2982 πλεῖστα,

128 3003 192 3079 ὄρος
204 3004 376 3080 τειχίσαντες
388 3006 426 3078 τῷ
439 2999 543 3076 οὔνομά
556 3005 618 3060 ε’στι
631 3000 713 3073 Λίδη.

18 3156 21 3161 ¹
72 3091 137 3144 176
184 3091 337 3164 Πηδασέες
353 3090 408 3166 μέν
424 3114 473 3148 νυν
487 3087 577 3167 χρόνῳ
598 3088 789 3164 ἐξαιρέθησαν.
831 3088 930 3149 Λύκιοι

104 3171 145 3239 δὲ
168 3175 209 3236 ὦς
230 3183 260 3238 ἐς
280 3178 317 3238 ro*
337 3177 465 3242 Ξάνθιον
478 3177 576 3238 πεδίον
590 3175 684 3255 ἤλασε
698 3176 869 3256 &Amos
880 3178 929 3237 τόν

7 3274 13 3359 φ
84 3260 229 3331 Wflwdt‘,
245 3263 420 3337 ὖπεξιόντες
438 3270 491 3330 καὶ
505 3267 673 3351 μαχόμενοι
685 3264 782 3346 ὀλίγοι
793 3263 866 3338 πρὸς
876 3267 944 3319 πολ·
