2040 3464
88 106 227 168 ινα-ιιι]
432 107 545 152 κκατο.
860 107 891 152 τι

87 188 148 243 ἐστι
167 183 225 243 κατ’
237 183 349 259 ἡλικίην
366 209 397 242 τε
415 184 461 240 καὶ
480 183 622 258 φιλότητα
639 181 750 241 εἶλαδόν
763 182 891 262 συγγίνε·

86 272 154 330 σθαι
176 277 203 335 ἐς
222 270 316 340 πόσιν,
339 272 385 329 καὶ
406 269 524 346 ἀνδράσι
542 272 587 328 καὶ
606 270 715 350 γυναιξὶ
735 271 781 328 καὶ
797 271 889 330 παισί.

86 359 264 435 ῖδρυνθέντων
280 359 311 416 δέ
329 364 385 432 σφι
404 361 468 432 ἱρῶν
482 359 611 426 ξεινικῶν,
625 359 773 432 μετέπειτα
787 356 822 420 ώς
835 362 891 432 σφι

86 446 212 516 ἀπέδοξε,
233 445 321 526 (ἔδοξε
343 447 373 504 δὲ
392 449 469 503 τοῖσι
489 447 632 520 πατρίοισι
648 449 752 521 μοῦνον
765 446 891 522 χρᾶσθαι

86 535 199 613 θεοῖσι,)
220 533 342 596 ἐνδόντες
361 533 397 591 τιὶ
418 532 494 591 όπλα
513 532 632 594 ἅπαντες
652 531 769 591 Καύνιοι
782 532 891 608 ἡβηδόν

85 621 234 684 τύπτοντες
255 621 372 697 δούρασι
391 620 440 679 τόν
460 619 529 696 ἠέρα
549 620 633 697 μέχρι
655 618 742 696 σύρων
761 623 815 678 τῶν
832 626 891 679 Κα-

86 709 221 768 λυνδικῶν
242 710 349 778 ἕποντο,
365 709 411 767 καὶ
429 709 540 782 ἔφασαν
559 707 712 782 ἐκβάλλειν
728 706 793 769 τούς
811 707 891 776 ξεινι·

86 796 152 860 κούς
166 796 253 859 θεούς.
280 797 325 854 καὶ
336 794 412 856 οὗτοι
426 798 477 872 μὲν
486 794 618 871 τρόποισι
628 794 780 854 τοιούτοισι
789 796 889 872 χρέων·

85 909 141 943 ται.
184 888 221 944 Οἱ
242 884 271 942 δὲ
283 883 382 943 Λύκιοι
399 888 429 942 ἐκ
447 882 561 958 Κρήτης
572 882 711 960 τώρχαῖον
723 881 868 963 γεγόνασι.
879 887 936 946 173

86 971 138 1046 τήν
149 971 204 1052 γοῖρ
220 971 336 1049 Κρήτην
351 971 425 1049 εἶχον
440 969 473 1029 τό
488 970 610 1029 παλαιόν
623 976 720 1030 πᾶσαν
732 970 888 1048 βάρβαροι·

87 1059 289 1138 διενειχθέντων
310 1060 339 1118 δὲ
361 1064 389 1118 ἐν
406 1058 504 1136 Κρήτη
521 1059 585 1135 περὶ
602 1063 652 1133 τῆς
667 1058 823 1135 βασιληίης
834 1065 889 1119 τῶν

85 1147 221 1224 Εὐρώπης
233 1148 338 1206 παίδων
352 1146 530 1222 Σαρπηδόνος
545 1172 576 1204 τε
597 1147 643 1204 καὶ
663 1148 751 1214 Μίνω,
774 1146 809 1208 ώς
829 1153 888 1207 ἐπε-

86 1235 209 1312 κράτησε
228 1239 264 1313 τῇ
285 1234 387 1294 στάσει
404 1236 506 1304 Μίνως,
528 1233 650 1308 ἐξήλασε
670 1233 753 1292 αὐτόν
770 1260 800 1292 τε
818 1235 888 1313 Σαρ-

87 1323 193 1398 πηδόνα
206 1325 252 1382 καὶ
264 1323 328 1385 τούς
344 1322 502 1385 στασιώτας
516 1321 610 1380 αύτοῖι·
632 1325 658 1380 οἷ
672 1322 701 1379 δὲ
715 1321 888 1388 ἀπωσθέντες

86 1409 219 1471 ἀπίκοντο
238 1415 288 1486 τῆς
300 1410 399 1485 Ἀσίης
419 1416 447 1471 ἐς
466 1415 520 1491 γῆν
539 1408 592 1484 τήν
605 1409 747 1467 Μιλυάδα·
769 1408 820 1483 τήν
832 1410 888 1491 γάρ

85 1503 133 1558 νῦν
146 1499 244 1558 Λύκιοι
261 1499 390 1574 νέμονται
410 1497 478 1573 αύτη
492 1497 523 1557 τό
537 1497 659 1556 παλαιόν
672 1496 706 1572 ἦν
720 1497 841 1559 Μιλυάς·
862 1502 889 1558 οἶ

85 1585 115 1644 δὲ
138 1587 247 1646 Μιλύαι
269 1587 333 1646 τότε
361 1587 485 1660 Σόλυμοι
507 1585 663 1644 ἐκαλέοντο.
696 1586 763 1646 τέως
782 1587 833 1661 μὲν
853 1586 888 1662 δή

85 1674 175 1734 αύτῶν
195 1675 350 1752 Σαρπηδών
368 1674 447 1752 ἦρχε,
469 1676 495 1732 οἱ
516 1674 545 1732 δὲ
567 1674 714 1732 ἐκαλέοντο
734 1672 767 1732 τό
787 1699 839 1751 περ
855 1701 887 1735 τε

85 1761 228 1836 ἠνείκαντο
254 1763 359 1839 οὔνομα
383 1764 428 1820 καὶ
452 1766 500 1821 νῦν
522 1763 562 1820 ἐτι
588 1761 735 1820 καλέονται
758 1760 812 1820 ύπδ
833 1767 888 1823 τῶν

85 1851 230 1925 περιοίκων
251 1854 277 1909 οῖ
297 1850 403 1918 Λύκιοι,
424 1849 571 1925 Τερμίλαι·
596 1848 631 1910 ώς
652 1848 680 1907 δὲ
701 1849 732 1918 ἐξ
750 1847 888 1924 Ἀθηνέων
950 1874 952 1878 ”

85 1937 176 2001 Λύκος
196 1938 212 1998 ὁ
233 1939 387 2000 Πανδίονος
409 1938 569 2006 ἐξελασθεὶς
590 1938 636 1995 καὶ
659 1935 739 2000 οὗτος
762 1936 816 1996 ύπό
837 1943 887 2000 τοῦ

85 2025 225 2101 ἀδελφεοῦ
249 2028 362 2106 Αἰγέως,
384 2025 498 2084 οἶπίκετο
522 2031 549 2087 ἐς
568 2025 633 2088 τούς
652 2026 791 2102 Τερμίλας
810 2028 887 2102 παρὰ

86 2114 262 2190 Σαρπηδόνα,
277 2114 347 2173 οὕτω
365 2113 399 2188 δή
417 2113 486 2173 κατά
498 2117 548 2172 τοῦ
561 2113 655 2171 Λύκου
668 2112 719 2188 τήν
733 2116 887 2190 ἐπωνυμίην

85 2195 183 2261 Λύκιοι
203 2201 256 2262 άνά
275 2201 377 2280 χρόνον
399 2201 569 2276 ἐκλήθησαν·
598 2201 711 2277 νόμοισι
731 2201 760 2259 δὲ
779 2201 816 2260 τά
835 2207 888 2279 μὲν

88 2295 254 2365 Κρητικοῖσι
276 2291 312 2348 τοὶ
333 2290 362 2348 δὲ
386 2294 537 2365 Καρικοῖσι
559 2291 703 2366 χρέωνται·
731 2289 760 2348 ἓν
777 2290 887 2351 δὲτάδε

85 2377 156 2437 ἴδιον
171 2379 340 2455 νενομίκασι,
361 2379 406 2435 καὶ
422 2377 570 2452 οὐδαμοῖσι
591 2377 708 2436 ἄλλοισι
728 2379 886 2454 συμφέρον-

84 2491 132 2524 ται
152 2464 311 2543 α’νθρώπων·
334 2466 467 2525 καλέουσι
487 2464 543 2524 α’πό
559 2469 614 2524 ταῖν
629 2465 754 2541 μητέρων
773 2467 887 2529 ἑωυτούς

85 2554 132 2613 καὶ
149 2553 210 2612 ούκὶ
224 2553 280 2613 άπδ
297 2558 352 2613 τών
367 2555 501 2630 πατέρων·
524 2553 665 2630 εἰρομένου
681 2553 711 2611 δὲ
728 2554 821 2628 ἐτέρου
838 2554 887 2613 τόν

84 2642 210 2716 πλησίον
231 2643 273 2703 τίς
297 2642 356 2716 είη;
388 2641 533 2709 καταλέξει
559 2641 659 2711 ἑωυτόν
681 2639 820 2716 μητρόθεν
842 2642 888 2700 καὶ

84 2733 136 2804 τῆς
151 2730 256 2805 μητρός
275 2729 452 2806 ἀνανεμέεται
468 2730 518 2791 τοῖς
533 2729 664 2805 μητέρας·
687 2729 732 2786 καὶ
745 2726 779 2802 ἢν
791 2728 843 2803 μέν
855 2755 888 2809 γε
901 2746 921 2761 *

85 2817 154 2896 γυνή
169 2817 243 2891 οἷστή
258 2817 348 2896 δούλῳ
361 2816 525 2894 συνοικήσῃ,
544 2820 657 2895 γενναῖα
672 2814 802 2874 τὰτέκνα
815 2816 888 2875 νενό-

85 2931 194 2981 μισται·
225 2904 260 2979 ἢν
286 2905 315 2964 δὲ
342 2905 412 2980 ἀνήρ
438 2904 525 2967 οῖστός
551 2905 596 2962 καὶ
624 2903 638 2962 ὁ
665 2908 774 2979 πρώτος
800 2903 889 2964 αύτῶν

85 2997 202 3074 γυναῖκα
230 2994 320 3068 ξείνην
341 2992 360 3068 ἢ
385 2992 536 3068 παλλακήν
560 2994 618 3070 ἔχη,
641 2990 726 3067 άτιμα
748 2992 784 3050 τοὶ
807 2992 888 3050 τέκνα

88 3082 201 3162 γίνεται.
1001 3155 1004 3159 .

127 3171 164 3230 Οἱ
171 3171 228 3247 μέν
240 3195 289 3231 νυν
301 3174 397 3250 Κοῖρες
408 3169 489 3234 ούδέν
503 3170 640 3251 λαμπρὸν
654 3169 741 3250 ’ἐρηον
757 3160 975 3231 δπολεξδ-ΧἋ

72 3280 162 3328 μενοι,
186 3259 393 3338 ἐδουλώθησαν
416 3263 476 3326 ύπδ
500 3261 678 3345 ελρπόιηου,
709 3256 780 3318 οἶιτε
806 3248 898 3310 αἰττιζι
919 3245 951 3296 εἰς
998 3334 1001 3338 ,
