2040 3464
102 107 210 172 ιιι-οι]
443 111 575 162 emm.
852 112 900 164 τιν

102 186 202 255 κόσιοι,
221 187 339 264 ἑκάστης
358 188 463 266 ἡμέρης
482 190 520 252 εἰς
537 189 689 271 γινόμενος,
709 190 755 250 καί
774 189 901 250 τάλαντα

101 273 232 354 οἷργυρίου
247 276 429 336 πεντακόσια·
450 277 554 337 τούτων
566 277 775 355 τεσσεράκοντα
790 280 841 354 μὲν
854 279 901 337 καί

101 362 199 421 ἑκατόν
227 368 255 426 ές
279 363 332 440 τὴν
358 365 552 441 φρουρέουσαν
581 366 666 424 ἵππον
691 364 743 440 τὴν
769 367 900 442 Κιλικίην

98 448 192 527 χάρην
212 450 403 528 ἀναισιμοῦτο,
424 452 460 511 τά
482 453 512 511 δὲ
531 452 678 528 τριηκόσια
699 453 745 511 καὶ
766 452 899 527 ἑξήκοντα

100 538 207 615 Δαρείῳ
232 539 341 613 ἐφοίτα·
373 539 458 615 νομός
483 539 613 616 τέταρτος
639 537 732 602 οὗτος.Ι
769 539 841 599 Ἀπὸ
869 541 940 604 δὲ9ἰ

99 618 270 694 Ποσειδηίου
291 619 398 688 πόλιος,
420 620 472 694 την
494 619 673 699 Ἀμφίλοχος
696 620 712 679 ό
735 618 898 697 Ἀμφιάρεω

96 703 188 764 οἴκισε
202 705 244 764 ἐπ’
258 704 367 782 ούροισι
380 711 456 766 τοῖσι
471 708 595 767 Κιλίκων
607 734 638 767 τε
655 708 701 766 καί
718 707 820 784 Σύρων,
834 708 897 785 άρξ-
940 745 944 753 ,

97 792 199 868 άμινον
221 792 276 853 dno*
298 794 398 870 ταύτης
421 795 505 872 μέχρι
528 794 679 876 Αἰγύπτου,
701 795 779 870 πλὴν
798 796 897 873 μοίρης

96 882 147 954 τῆς
165 878 315 958 Ἀραβίων,
336 884 434 961 (ταῦτα
453 883 508 963 γυίρ
528 882 564 957 ἦν
583 882 705 962 α’τελέα,)
724 882 896 959 πεντήκοντα

96 967 143 1026 καὶ
163 968 312 1044 τριηκόσια
333 969 458 1029 τάλαντα
479 969 567 1048 φάρος
588 969 632 1045 ἦν.
674 971 735 1030 ἔστι
756 971 786 1030 δὲ
810 977 839 1030 ἔν
857 976 897 1050 τῷ

96 1059 171 1134 νομῷ
182 1057 270 1135 τούτῳ
283 1058 397 1133 Φοινίκη
412 1084 444 1117 τε
460 1063 541 1116 πᾶσα
560 1058 605 1116 καί
624 1059 710 1135 Συρίη
726 1057 745 1134 η’
763 1063 894 1119 Παλαισ-

95 1144 157 1218 τίνη
171 1145 394 1221 καλεομένη,καί
413 1140 536 1222 Κύπρος·
558 1145 642 1223 νομός
660 1146 786 1222 πέμπτος
804 1144 892 1209 οὗτος.

95 1229 143 1288 α’π’
163 1231 306 1313 Αἰγύπτου
330 1233 367 1301 δὲ,
390 1234 436 1291 καί
455 1231 570 1308 Λιβύων
590 1237 644 1291 τῶν
663 1233 825 1311 προσεχέων
845 1237 893 1292 Αἰ-

93 1318 198 1398 γύπτῳ,
222 1321 268 1379 καὶ
290 1319 420 1397 Κυρήνης
440 1346 471 1380 τε
493 1321 539 1378 καὶ
561 1320 679 1397 Βάρκης,
702 1321 741 1396 (ἐς
763 1320 818 1400 γοίρ
844 1321 894 1380 τόν

95 1406 248 1486 Αἰγύπτιον
278 1407 365 1484 νομόν
392 1405 474 1467 αὗται
505 1405 711 1485 ἐκεκοσμέατο)
740 1408 893 1467 ἑπτακόσια

93 1494 213 1570 προσήῖε
228 1495 360 1564 τάλαντα,
375 1496 464 1570 πάρεξ
477 1499 527 1554 τοῦ
541 1500 571 1554 ἐκ
588 1499 639 1571 τῆς
657 1496 775 1571 Μοίριος
791 1496 892 1572 λίμνης

92 1583 238 1661 γινομένου
246 1583 385 1664 άργυρίου,
394 1582 427 1642 τό
439 1585 544 1664 ε’γίνετο
555 1589 585 1642 έκ
595 1587 650 1643 τῶν
661 1583 770 1661 ἰχθύων.
791 1583 891 1644 τούτου

92 1695 124 1728 τε
141 1669 174 1745 δὴ
195 1673 279 1749 χωρὶς
299 1675 349 1730 τοῦ
369 1670 501 1752 άργυρίου
523 1673 569 1730 καὶ
587 1675 637 1730 τοῦ
659 1672 891 1748 ἐπιμετρουμένου

93 1758 173 1817 σίτου
193 1759 313 1834 προσήῖε
337 1759 492 1819 ἑπτακόσια
514 1759 648 1818 τάλαντα·
675 1758 746 1835 πρός
766 1758 821 1838 γάρ
842 1759 890 1818 δύο

93 1847 139 1903 καὶ
160 1847 226 1905 δέκα
245 1847 363 1923 μυριάσι
384 1848 517 1924 Περσέων
537 1872 569 1907 τε
588 1851 665 1906 τοῖσι
687 1852 716 1905 ἐν
735 1855 773 1929 τῷ
796 1855 891 1930 Λευκῷ

91 1934 178 2012 τείχεϊ
195 1939 233 2013 τῷ
252 1940 281 1994 ἐν
297 1936 401 2011 Μέμφι
419 1935 644 2010 κατοικημένοισι
662 1934 888 2012 καταμετρέουσι,

92 2022 138 2078 καί
158 2025 235 2082 τοῖσι
254 2022 357 2082 τούτων
379 2022 560 2099 ἐπικούροισι·
588 2022 673 2099 νομός
697 2023 774 2086 ἕκτος
797 2020 887 2086 οὗτος.

91 2110 267 2191 Σατταγύδαι
287 2111 324 2180 δὲ,
343 2112 389 2169 καί
409 2110 564 2187 Γανδάριοι,
586 2112 632 2170 καί
653 2111 772 2169 Δαδίκαι
791 2136 823 2170 τε
842 2111 887 2169 καί

52 2249 55 2256 .
91 2196 252 2272 Ἀπαρύται,
275 2203 302 2260 ές
323 2197 411 2258 τάϋτό
434 2199 605 2278 τεταγμένοι,
628 2198 822 2275 ἑβδομήκοντα
842 2199 888 2257 καί

91 2286 188 2345 ἔκατόν
203 2286 328 2344 τάλαντα
346 2286 534 2362 προσέφερον·
555 2286 640 2362 νομός
659 2283 739 2348 οὗτος
757 2287 887 2361 ἕβδομος.

90 2372 146 2431 άπό
171 2373 286 2437 Σούσων
312 2374 349 2446 δὲ,
376 2374 421 2432 καί
443 2378 494 2448 τῆς
517 2372 609 2449 άλλης
635 2373 765 2432 Κισσίων
787 2373 887 2450 χώρης,

88 2460 246 2537 τριηκόσια·
270 2461 354 2537 νομός
375 2461 472 2541 ὄγδοος
492 2459 582 2523 οὗτος.
622 2461 695 2521 ‘And
717 2462 933 2536 Βαβυλῶνος9ἰ

89 2549 127 2617 δὲ,
142 2551 189 2608 καί
204 2553 253 2625 τῆς
268 2554 370 2625 λοιπῆς
385 2549 548 2625 Ἀσσυρίης,
561 2549 642 2628 χίλιά
661 2553 687 2608 οἰ
706 2549 824 2624 τροσήῖε
840 2547 887 2607 τά·

88 2641 179 2696 λαντα
202 2637 342 2718 άργυρίου,
366 2638 412 2695 καί
433 2637 529 2699 παῖδες
553 2637 677 2712 ἐκτομίαι
701 2635 887 2696 πεντακόσιοι·

88 2724 174 2801 νομός
195 2725 299 2788 εἴνατος
320 2723 410 2788 οὗτος.
445 2724 500 2783 άπό
522 2725 551 2782 δὲ
568 2723 752 2805 Ἀγβατάνων
773 2722 887 2799 καὶτῆς

87 2817 190 2888 λοιπῆς
211 2810 347 2889 Μηδικῆς,
373 2814 418 2871 καὶ
443 2812 626 2888 Παρικανίων,
652 2813 697 2871 καί
720 2811 887 2888 Ὀρθοκορυ-

86 2901 217 2976 βαντίων,
241 2896 414 2975 πεντήκοντά
436 2925 467 2958 τε
491 2901 536 2958 καὶ
562 2899 730 2976 τετρακόσια
751 2899 885 2958 τάλαντα·

86 2988 173 3063 νομός
196 2988 309 3050 δέκατος
332 2985 422 3050 οὗτος.
464 2987 591 3046 Κάσπιοι
616 2989 645 3046 δὲ
666 2989 712 3046 καὶ
734 2987 886 3056 Παυσίκαι,

87 3076 268 3153 Παντίμαθοί
277 3101 308 3135 τε
326 3076 371 3134 καί
386 3079 526 3152 Δαρεῖται,
542 3081 570 3138 ἐς
584 3074 672 3136 τώυτό
686 3075 887 3153 συμφέροντες,

86 3163 216 3238 διηκόσια
228 3163 354 3232 τάλαντα
367 3163 528 3247 ἀπαγίνεον·
549 3162 640 3242 νομίις
651 3163 803 3223 ἐυδέκατος
813 3159 910 3216 οἶς-τος.

78 3248 139 3309 α’πό
160 3256 345 3331 Βακτριανῶν
369 3253 402 3314 δὲ
431 3254 521 3335 μέχρι
549 3255 683 3333 Αἰγλῶν,
706 3249 857 3324 ἑξήκοντα
887 3238 942 3292 *ὦ
