2040 3464
115 116 165 163 ιιο
422 116 605 163 πινοιοτοι·
851 114 919 181 [111.

115 195 216 273 μένους
227 223 259 256 τε
272 198 318 255 καὶ
331 199 465 272 βοῶντας,
480 194 533 254 α’νό
546 221 577 253 τε
593 196 712 272 ἔδραμον
724 195 812 255 πάλιν
826 196 919 271 οἷμφό·

114 308 191 360 τεροι
213 285 267 352 καὶ,
293 284 329 347 ῶς
352 285 455 359 ἔμαθον
478 283 511 342 τό
538 283 711 359 ποιεύμενον,
735 285 805 360 πρός
829 284 921 359 ἀλκήν

118 370 279 448 ἐτράποντο·
301 371 316 430 ό
330 373 381 447 μὲν
394 370 428 444 δη
447 369 535 430 αὐτῶν
553 370 653 446 φθάνει
670 371 707 429 τοὶ
719 371 789 440 τόξα
807 371 918 430 κατελό·

115 459 235 535 μενος,ό
255 459 285 517 δὲ
302 459 372 535 πρός
389 458 441 533 τήν
459 454 564 536 αἰχμὴν
585 458 728 534 ἐτράπετο·
751 460 871 519 ἐνθαῦτα
890 460 920 519 δὲ

117 547 289 628 συνέμισγον
305 546 471 621 ἀλλήλοισι·
492 550 530 624 τῷ
544 548 596 622 μὲν
616 545 650 620 δὴ
670 547 706 605 τά
726 545 796 616 τόξα
816 546 921 606 άναλα-

116 634 200 712 βάντι
223 635 319 705 αὐτῶν,
345 634 443 694 ε’όντων
464 659 494 693 τε
518 633 608 714 άγχοῦ
631 638 686 693 τῶν
708 635 853 710 πολεμίων
874 637 920 696 καὶ

117 723 332 801 προσκειμένων,
356 721 392 798 ἦν
414 721 527 800 χρηστά
553 721 641 781 οὐδέν·
675 721 693 782 ό
720 722 743 780 δ’
767 723 862 799 ἔτερος
884 728 921 802 τῇ

119 817 208 892 αἰχμῇ
228 812 356 888 ἠμύνετο,
375 810 421 870 καὶ
440 815 524 870 τοῦτο
544 812 596 886 μὲν
607 809 783 886 Ἀσπαθίνην
796 812 874 870 παίει
893 817 921 876 ἐς

117 901 167 960 τόν
186 899 284 977 μηρόν,
301 903 385 959 τοῦτο
407 899 436 958 δὲ
448 897 628 975 Ἰνταφέρνεα
649 904 677 961 ἐς
691 898 741 958 τόν
757 898 921 976 όφθαλμόν·

120 990 166 1047 καὶ
183 987 321 1064 ἐστερήθη
338 989 396 1067 μὲνΙ
406 990 456 1045 τοῦ
470 985 624 1062 ὀφθαλμοῦ
641 993 671 1045 ε’κ
684 990 734 1045 τοῦ
747 986 892 1063 τρώματος
905 987 922 1047 ό

118 1076 303 1152 Ἰνταφέρνης,
329 1074 361 1133 ού
387 1074 484 1151 μέντοι
510 1073 632 1134 ἀπέθανέ
655 1100 697 1155 γε.
738 1078 795 1134 τῶν
814 1077 867 1152 μὲν
886 1075 922 1151 δὴ

119 1164 226 1246 Μάγων
252 1162 363 1239 ούτερος
385 1162 549 1239 τρωματίζει
572 1162 695 1225 τούτους·
727 1161 742 1220 ό
767 1163 797 1222 δὲ
820 1164 922 1240 ἔτερος,

120 1253 181 1312 ε’πεί
190 1252 222 1312 τέ
236 1255 262 1311 οἶ
274 1250 311 1311 τά
323 1250 392 1320 τόξα
411 1249 489 1309 οὐδὲν
504 1250 617 1328 χρηστά
638 1249 755 1330 ἐγένετο,
769 1249 805 1327 ἦν
817 1250 874 1330 γάρ
888 1253 923 1326 δὴ

121 1342 248 1418 θάλαμος
268 1339 373 1418 ἐσέχων
394 1343 421 1400 ε’ς
440 1337 490 1396 τόν
508 1337 653 1412 άνδρεῶνα,
675 1342 703 1399 ε’ς
719 1342 819 1397 τοῦτον
840 1364 923 1398 κατα-

121 1429 226 1510 φεύγει,
241 1427 329 1487 θέλων
350 1425 434 1485 αύτοῦ
454 1427 619 1502 προσθεῖναι
639 1425 689 1488 τάς
710 1425 804 1502 θύρας·
827 1428 877 1485 καί
896 1431 924 1487 οἶ

121 1517 344 1576 συνεσπίπτουσι
363 1518 418 1574 τῶν
439 1513 509 1572 ἔπτοὶ
529 1513 586 1582 δύο,
610 1513 728 1590 Δαρεῖός
746 1539 779 1572 τε
799 1515 846 1572 καὶ
867 1521 925 1574 Γω-

121 1604 221 1681 βρύης·
255 1603 468 1679 συμπλακέντος
495 1601 524 1660 δὲ
551 1603 689 1678 Γωβρύεω
715 1606 753 1680 τῷ
779 1603 880 1684 Μάγῳ,
908 1603 925 1663 ό

123 1697 241 1768 Δαρεῖος
262 1691 398 1753 ἐπεστεῶς
417 1689 524 1765 ἠπόρει,
543 1689 589 1748 οἶα
607 1695 636 1748 ε’ν
652 1689 749 1749 σκότεϊ
766 1693 925 1767 προμηθεό-

122 1807 204 1857 μενος
218 1779 258 1855 μὴ
274 1778 370 1856 πλήξῃ
387 1777 436 1837 τόν
453 1777 598 1854 Γωβρύην·
621 1777 706 1853 ὁρέων
723 1777 753 1837 δέ
770 1803 819 1854 μιν
837 1778 926 1860 α’ργδν

123 1872 281 1928 ἐπεστεῶτα
307 1865 322 1923 ὁ
349 1865 491 1942 Γωβρύης,
513 1866 601 1941 εἴρετο
621 1866 638 1924 ό
657 1891 686 1925 τι
710 1863 742 1924 ού
766 1871 870 1943 χρᾶται
889 1871 926 1946 τῇ

122 1956 187 2036 χερί
194 1981 201 2024 ;
223 1954 238 2012 ὁ
258 1955 287 2012 δὲ
305 1954 374 2011 εἶπε·
396 1964 412 1988 “
421 1953 648 2029 προμηθεόμενος
664 1952 725 2023 σέο,
741 1954 781 2029 μή
799 1953 927 2029 πλήξω·”

124 2042 258 2120 Γωβρύης
274 2042 304 2099 δὲ
320 2041 463 2117 άμείβετο·
485 2051 502 2075 “
513 2039 576 2099 ὤθει
593 2042 639 2099 καὶ
657 2040 690 2099 δι’
708 2040 878 2118 άμφοτέρων
893 2043 926 2103 τό

125 2129 232 2206 ξίφος·”
260 2133 378 2205 Δαρεῖος
404 2129 433 2186 δὲ
460 2129 632 2205 πειθόμενος,
655 2127 712 2188 ῶσέ
731 2155 764 2188 τε
782 2129 816 2189 τό
837 2135 928 2211 ἔγχει·

126 2219 214 2296 ρίδιον
227 2218 272 2277 καὶ
286 2216 365 2295 ἔτυχέ
379 2242 430 2278 κως
443 2221 493 2274 τοῦ
508 2217 621 2296 Μάγου.

79 2310 115 2369 79
165 2306 390 2366 Ἀποκτείναντες
408 2305 437 2362 δὲ
454 2305 518 2366 τούς
536 2305 654 2384 Μάγους
671 2305 717 2362 καὶ
735 2303 929 2382 ἀποταμόντες

126 2396 214 2456 αίτῶν
239 2394 290 2457 τοὶς
316 2393 449 2468 κεφαλάς,
470 2392 535 2454 τούς
561 2396 612 2468 μὲν
638 2394 795 2470 τρωματίας
822 2399 929 2456 ἑωυτῶν

127 2484 211 2543 αὐτοῦ
229 2483 368 2550 λείπουσι,
387 2483 432 2538 καὶ
448 2480 597 2555 ἀδυνασίης
617 2481 717 2540 εἵνεκεν
734 2482 780 2540 καὶ
796 2487 929 2558 φυλακῆς

126 2577 177 2648 τῆς
198 2571 375 2649 ἀκροπόλιος·
417 2572 444 2628 οἱ
466 2569 495 2627 δὲ
518 2568 601 2627 πέντε
629 2569 718 2629 αὐτῶν
742 2571 852 2648 ἔχοντες
874 2577 930 2632 τῶν

128 2661 236 2742 Μάγων
248 2659 298 2721 τάς
311 2656 445 2732 κεφαλάς,
464 2657 541 2715 ἔθεον
558 2657 608 2726 ἔξω
624 2659 684 2734 βοη
704 2683 736 2716 τε
753 2658 799 2716 καὶ
812 2659 931 2741 πατάγῳ

128 2747 288 2829 χρεόμενοι·
316 2747 361 2804 καὶ
382 2744 498 2820 Πέρσας
516 2743 582 2806 τούς
608 2743 714 2806 ἄλλους
735 2745 930 2818 ἐπεκαλέοντο,

129 2835 306 2917 ἐξηγεόμενοί
315 2859 347 2894 τε
359 2833 392 2893 τό
405 2837 523 2912 πρῆγμα
537 2833 582 2890 καὶ
599 2832 766 2896 δεικνύοντες
778 2833 830 2898 τάς
844 2843 931 2912 κεφα·

129 2928 191 2990 λάς·
217 2925 263 2984 καὶ
278 2923 338 3000 ἅμα
358 2923 476 2981 ἔκτεινον
492 2919 584 2980 πάντα
603 2920 666 2979 τινά
685 2925 740 2981 τῶν
755 2921 866 3002 Μάγων
881 2925 933 2984 τόν

131 3021 161 3075 ε’ν
182 3014 252 3073 ποσὶ
270 3010 425 3092 γινόμενον.
467 3011 493 3067 οἱ
512 3009 542 3067 δὲ
558 3008 676 3084 Πέρσαι
695 3008 832 3085 μαθόντες
849 3011 932 3073 τότε

122 3103 243 3188 γεγονός
264 3106 296 3162 ἐκ
311 3103 368 3162 τῶν
387 3096 457 3160 ἑπτά
476 3097 521 3156 καὶ
535 3101 590 3156 τῶν
611 3096 719 3178 Μάγων
737 3097 790 3171 τήν
810 3097 932 3177 ἀπάτην,

108 3195 255 3256 θδικαίευν
271 3194 320 3256 καὶ
340 3191 425 3254 αὐτοὶ
445 3189 529 3264 ἕτερα
546 3189 664 3247 τοιαῦτα
680 3184 792 3243 ποιέειν·
827 3187 938 3245 ww&

90 3306 188 3360 μενοι
209 3285 244 3348 δέ
265 3287 307 3349 τά
328 3282 499 3371 ἐγχειρίδια
524 3279 652 3340 ἔκτεινον
677 3272 749 3334 Bm
774 3267 842 3328 τινδ.
852 3269 961 3343 Μάχας
