2040 3464
95 124 235 188 146—148]
383 123 609 171 ΜΚΛΠΟΜΕΝΗ.
851 129 897 175 339

94 204 215 265 ἐνδύντες
245 202 298 277 τήν
328 203 491 282 γυναικηίην
530 203 646 276 ἐσθῆτα,
684 202 733 262 ἅτε
770 209 898 284 γυναῖκες

94 291 208 364 ἐξήισαν
229 292 287 360 ἔξω,
308 291 475 371 ἐκφυγόντες
496 290 525 347 δὲ
546 290 640 368 τρόπῳ
664 291 777 370 τοιούτῳ
803 293 894 362 ἵζοντο

93 378 170 440 αὖτις
184 384 211 441 ἐς
223 380 255 438 τό
270 380 419 460 Τηΰγετον.

133 467 188 526 Τόν
202 469 230 526 δὲ
245 467 328 527 αὐτόν
341 473 440 529 τοῦτον
453 469 555 547 χρόνον
563 470 656 544 Θήρας
670 469 685 528 ὁ
699 468 942 539 Αύτεσίωνος,14ἰ”

92 559 143 613 τοῦ
165 560 335 630 Τισαμενοῦ,
354 560 404 615 τοῦ
426 556 614 633 Θερσάνδρου,
631 563 681 615 τοῦ
702 558 896 626 Πολυνείκεος,

94 643 212 701 ἔστελλε
240 649 266 705 ἐς
293 643 423 718 ἀποικίην
451 649 480 702 ἐκ
507 645 722 720 Λακεδαίμονος.
764 644 799 719 ἦν
825 645 854 703 δὲ
881 644 897 704 ό

93 732 186 806 Θήρας
205 729 293 800 οὗτος,
307 731 387 811 γένος
407 731 457 791 ἔων
471 733 620 808 Καδμεῖος,
634 737 685 808 τῆς
697 732 803 809 μητρός
816 732 895 791 α’δελ-

93 819 161 891 φεός
174 823 251 877 τοῖσι
263 817 471 895 Ἀριστοδήμου
484 820 576 889 παισὶ,
585 819 756 895 Εὐρυσθένεϊ
766 822 812 878 καὶ
821 826 895 896 Προ-

93 907 165 964 κλέϊ·
187 906 287 966 ἐόντων
302 906 325 965 δ’
340 907 379 965 ἐτι
395 912 451 966 τῶν
467 907 571 966 παίδων
589 907 693 967 τούτων
711 909 824 982 νηπίων,
839 913 895 966 ἐπι-

91 994 229 1069 τροπαίην
248 994 307 1071 εἶχε
324 993 339 1053 ὁ
360 993 455 1070 Θήρας
472 995 523 1070 τήν
540 999 568 1054 ἐν
590 995 707 1072 Σπάρτῃ
728 996 895 1071 βασιληίην·

93 1081 263 1156 αὐξηθέντων
284 1081 314 1140 δέ
333 1086 389 1141 τῶν
410 1081 582 1157 ἀδελφιδέων
603 1083 649 1140 καὶ
671 1082 895 1159 παραλαβόντων

92 1168 143 1242 τήν
161 1168 260 1246 ἀρχήν,
276 1169 347 1228 οὕτω
362 1169 395 1244 δή
410 1169 425 1228 ό
445 1170 539 1246 Θήρας
558 1168 647 1228 δεινόν
665 1171 830 1245 ποιεύμενος
847 1169 894 1247 ἄρ-

91 1258 195 1332 χεσθαι
210 1256 256 1314 ὑπ’
271 1256 367 1316 ἄλλων
382 1258 444 1316 ἐπεί
459 1283 489 1316 τε
504 1257 639 1335 ἐγεύσατο
657 1257 754 1334 ἀρχῆς,
769 1257 819 1315 ούκ
839 1258 894 1332 ἐφη

91 1331 184 1417 με’νεῖν
205 1351 233 1403 ἐν
253 1348 290 1423 τῇ
310 1345 505 1421 λακεδαίμονι,
528 1343 593 1402 ἀλλ’
616 1344 851 1404 ἀποπλεύσεσθαι
868 1351 895 1407 ἐς

91 1430 156 1494 τούς
169 1433 332 1512 συγγενέας.
367 1432 442 1507 ἦσαν
456 1432 485 1490 δὲ
498 1437 527 1491 ἐν
540 1459 575 1510 τῃ
591 1437 638 1491 νῦν
647 1432 725 1510 Θήρῃ
740 1433 894 1510 καλεομένῃ

91 1518 168 1597 νήσῳ
186 1519 323 1595 πρότερον
340 1520 369 1578 δὲ
388 1521 541 1597 Καλλίστῃ
562 1525 597 1596 τῇ
619 1520 689 1596 αὐτῇ
710 1519 804 1596 ταύτῃ,
826 1519 894 1578 οἷπό·

91 1630 170 1685 γονοι
190 1607 384 1683 Μεμβλιάρεω
405 1613 454 1666 τοῦ
477 1609 617 1665 Ποικίλεω
639 1607 737 1683 ἀνδρός
758 1609 891 1669 Φοίνικος.

92 1693 208 1766 Κάδμος
226 1697 280 1774 γάρ
302 1697 318 1753 ὁ
334 1694 486 1775 Ἀγήνορος
500 1694 636 1771 Εύράπην
650 1695 792 1768 διζήμενος
805 1720 892 1770 προσ·

92 1783 160 1859 έσχε
180 1787 206 1844 ἐς
225 1781 277 1856 τήν
293 1786 341 1841 νῦν
362 1783 455 1858 Θήρην
480 1785 660 1858 καλεομένην·
688 1782 843 1859 προσχόντι
864 1782 893 1840 δὲ

91 1869 145 1927 εἴτε
164 1870 198 1945 δή
215 1873 241 1928 οἱ
262 1869 281 1945 ή
301 1870 377 1947 χώρη
399 1870 484 1946 ήρεσε
507 1871 561 1929 εἴτε
584 1872 629 1928 καὶ
654 1870 746 1932 ἄλλως
767 1870 892 1946 ἠθέλησε

90 1962 209 2032 ποιῆσαι
228 1962 322 2017 τοῦτο·
348 1960 508 2016 καταλείπει
526 1957 580 2037 γάρ
603 1963 631 2017 ἐν
651 1963 686 2036 τῇ
708 1957 783 2036 νήσῳ
805 1958 892 2037 ταύτῃ

66 2040 69 2049 ’
90 2042 196 2108 ἄλλους
208 2071 239 2105 τε
253 2050 307 2104 τῶν
321 2051 454 2104 Φοινίκων
469 2046 513 2103 καὶ
531 2046 564 2119 δή
584 2046 629 2103 καὶ
641 2051 695 2104 τῶν
710 2050 810 2104 ἑωυτοῦ
823 2072 890 2126 συγ-

89 2134 190 2212 γενέων
204 2134 401 2209 Μεμβλίαρον·
425 2131 501 2192 οὗτοι
515 2135 644 2209 ἐνέμοντο
657 2133 709 2207 τήν
723 2135 891 2208 Καλλίστην

90 2221 262 2296 καλεομένην
290 2220 334 2278 ἐπὶ
357 2220 461 2299 γενεάς,
488 2221 552 2293 πρὶν
576 2218 593 2295 ἢ
620 2220 714 2295 Θήραν
742 2222 834 2279 ἐλθεῖν
861 2226 891 2278 ἐκ

89 2307 304 2383 Λακεδαίμονος,
318 2305 390 2366 όκτιύ
403 2307 517 2382 ἀνδρῶν.
551 2307 617 2364 Ἐπὶ
629 2306 742 2370 τούτους
756 2306 790 2382 δή
806 2305 841 2366 ὧν
855 2307 938 2367 6148

89 2395 191 2471 Θήρας,
206 2395 278 2455 λαόν
297 2396 366 2473 ἔχων
382 2394 437 2453 άπό
456 2400 510 2454 τῶν
528 2398 647 2469 φυλέων,
662 2396 779 2453 ἔστελλε
798 2419 889 2453 συνοι-

89 2483 184 2557 κήσων
201 2482 335 2552 τούτοισι,
353 2483 399 2540 καὶ
420 2482 547 2558 οὐδαμῶς
567 2481 669 2549 ἐξελῶν
691 2481 789 2544 αύτούς
811 2479 889 2540 ἄλλό

89 2569 177 2645 κάρτα
202 2568 397 2645 οῖκηῖεύμενος.
433 2572 494 2628 ἐπεί
513 2595 544 2628 τε
564 2569 593 2627 δὲ
614 2569 660 2627 καὶ
681 2573 708 2628 οἱ
725 2569 830 2627 Μινύαι
849 2575 890 2627 ἐκ·

88 2658 201 2735 δράντες
214 2663 244 2716 ἐκ
257 2662 307 2732 τῆς
321 2662 417 2734 ἑρκτῆς
432 2660 521 2728 ἵζοντο
536 2663 563 2720 ἐς
572 2656 605 2717 τό
615 2657 890 2738 Τηύγετον,τῶνλα-

88 2746 267 2823 κεδαιμονίων
281 2747 494 2823 βουλευομένων
507 2748 598 2822 σφέας
611 2744 777 2814 α’πολλύναι,
792 2771 890 2823 παραι-

87 2833 179 2892 τέεται
198 2833 214 2893 ό
234 2833 327 2908 Θήρας
347 2833 415 2896 ὅκως
433 2833 504 2909 μήτε
520 2833 607 2909 φόνος
620 2833 742 2913 γένηται,
757 2832 840 2896 αύτός
859 2859 890 2892 τε

87 2920 235 2981 ύπεδέκετό
255 2927 348 2995 σφεας
369 2920 474 2989 ἐξάξειν
495 2927 525 2980 ἐκ
545 2924 595 2996 τῆς
616 2919 717 2998 χώρης·
745 2947 889 3001 συγχωρη-

87 3007 198 3068 σάντων
211 3008 241 3067 δέ
254 3013 289 3086 τῇ
302 3009 398 3088 γνώμῃ
410 3013 466 3068 τῶν
480 3008 712 3084 Λακεδαιμονίων,
725 3010 803 3086 τρισὶ
815 3034 890 3086 τριη

88 3097 246 3172 κοντέροισι
264 3100 292 3157 ἐς
309 3095 373 3158 τούς
390 3095 583 3172 Μεμβλιάρεω
599 3095 755 3177 α’πογόνους
768 3098 896 3160 ἔπλωσε,

88 3182 149 3243 ούτι
166 3182 272 3245 πάντας
290 3181 365 3264 άγων
381 3184 448 3249 τούς
467 3184 592 3256 Μινύας,
606 3183 671 3243 &XX
692 3183 815 3262 δλίηους
826 3178 919 3236 ‘uvius’

78 3273 108 3328 οἵ
117 3270 173 3351 γάρ
186 3275 309 3336 πλεῦνες
322 3273 418 3336 αὐτῶν
428 3275 598 3356 ἐτράποντο
614 3260 953 3341 {wohffiupmptkffi
