<?xml version="1.0" encoding="UTF-8"?>
<!DOCTYPE html PUBLIC "-//W3C//DTD XHTML 1.0 Transitional//EN"
    "http://www.w3.org/TR/xhtml1/DTD/xhtml1-transitional.dtd">
<html xmlns="http://www.w3.org/1999/xhtml" xml:lang="en" lang="en">
 <head>
  <title>
</title>
<meta http-equiv="Content-Type" content="text/html;charset=utf-8" />
  <meta name='ocr-system' content='tesseract 3.04.00' />
  <meta name='ocr-capabilities' content='ocr_page ocr_carea ocr_par ocr_line ocrx_word'/>
</head>
<body>
  <div class='ocr_page' id='page_1' title='image "./recensuitjoseph00herogoog_0065.png"; bbox 0 0 2040 3464; ppageno 0'>
   <div class='ocr_carea' id='block_1_1' title="bbox 125 103 926 528">
    <p class='ocr_par' dir='ltr' id='par_1_1' title="bbox 125 103 926 528">
     <span class='ocr_line' id='line_1_1' title="bbox 128 103 921 168; baseline 0.003 -16"><span class='ocrx_word' id='word_1_1' title='bbox 128 107 160 153; x_wconf 86' lang='lat'>30</span> <span class='ocrx_word' id='word_1_2' title='bbox 427 107 608 155; x_wconf 76' lang='grc' dir='ltr'>Ἥιοοοιοτ</span> <span class='ocrx_word' id='word_1_3' title='bbox 886 103 921 168; x_wconf 87' lang='grc' dir='ltr'>[ι.</span> 
     </span>
     <span class='ocr_line' id='line_1_2' title="bbox 125 183 923 262; baseline 0.003 -20"><span class='ocrx_word' id='word_1_4' title='bbox 125 183 323 261; x_wconf 80' lang='grc' dir='ltr'>ἀπρόσμικτοι.</span> <span class='ocrx_word' id='word_1_5' title='bbox 363 187 524 262; x_wconf 82' lang='grc' dir='ltr'>μετέβαλον</span> <span class='ocrx_word' id='word_1_6' title='bbox 543 186 572 244; x_wconf 83' lang='grc' dir='ltr'>δὲ</span> <span class='ocrx_word' id='word_1_7' title='bbox 593 183 645 244; x_wconf 84' lang='grc' dir='ltr'>ὦδε</span> <span class='ocrx_word' id='word_1_8' title='bbox 665 190 693 248; x_wconf 90' lang='grc' dir='ltr'>ἐς</span> <span class='ocrx_word' id='word_1_9' title='bbox 709 183 845 262; x_wconf 86' lang='grc' dir='ltr'>εύνομίην·</span> <span class='ocrx_word' id='word_1_10' title='bbox 869 191 923 244; x_wconf 90' lang='grc' dir='ltr'>Λυ-</span> 
     </span>
     <span class='ocr_line' id='line_1_3' title="bbox 125 270 925 352; baseline 0.006 -22"><span class='ocrx_word' id='word_1_11' title='bbox 125 271 252 352; x_wconf 87' lang='grc' dir='ltr'>κούργου,</span> <span class='ocrx_word' id='word_1_12' title='bbox 266 275 321 331; x_wconf 84' lang='grc' dir='ltr'>τῶν</span> <span class='ocrx_word' id='word_1_13' title='bbox 335 274 529 349; x_wconf 78' lang='grc' dir='ltr'>Σπαρτιητέων</span> <span class='ocrx_word' id='word_1_14' title='bbox 542 272 655 349; x_wconf 81' lang='grc' dir='ltr'>δοκίμου</span> <span class='ocrx_word' id='word_1_15' title='bbox 673 271 779 349; x_wconf 82' lang='grc' dir='ltr'>ἀνδρός,</span> <span class='ocrx_word' id='word_1_16' title='bbox 794 270 925 336; x_wconf 78' lang='grc' dir='ltr'>ἐλθόντος</span> 
     </span>
     <span class='ocr_line' id='line_1_4' title="bbox 125 358 926 439; baseline 0.001 -22"><span class='ocrx_word' id='word_1_17' title='bbox 125 363 154 421; x_wconf 85' lang='grc' dir='ltr'>ἐς</span> <span class='ocrx_word' id='word_1_18' title='bbox 167 358 300 434; x_wconf 85' lang='grc' dir='ltr'>Δελφούς</span> <span class='ocrx_word' id='word_1_19' title='bbox 313 361 359 418; x_wconf 84' lang='grc' dir='ltr'>ἐπὶ</span> <span class='ocrx_word' id='word_1_20' title='bbox 371 360 403 419; x_wconf 77' lang='grc' dir='ltr'>τὰ</span> <span class='ocrx_word' id='word_1_21' title='bbox 417 359 598 438; x_wconf 88' lang='grc' dir='ltr'>χρηστήριον,</span> <span class='ocrx_word' id='word_1_22' title='bbox 612 359 647 422; x_wconf 80' lang='grc' dir='ltr'>ὦς</span> <span class='ocrx_word' id='word_1_23' title='bbox 664 358 741 435; x_wconf 88' lang='grc' dir='ltr'>ἐσήϊε</span> <span class='ocrx_word' id='word_1_24' title='bbox 754 363 782 422; x_wconf 84' lang='grc' dir='ltr'>ἐς</span> <span class='ocrx_word' id='word_1_25' title='bbox 793 359 826 419; x_wconf 80' lang='grc' dir='ltr'>τό</span> <span class='ocrx_word' id='word_1_26' title='bbox 839 359 926 439; x_wconf 84' lang='grc' dir='ltr'>μέγα·</span> 
     </span>
     <span class='ocr_line' id='line_1_5' title="bbox 125 445 580 528; baseline 0.002 -23"><span class='ocrx_word' id='word_1_27' title='bbox 125 471 175 523; x_wconf 87' lang='grc' dir='ltr'>ρον</span> <span class='ocrx_word' id='word_1_28' title='bbox 188 445 297 522; x_wconf 82' lang='grc' dir='ltr'>εύθύςή</span> <span class='ocrx_word' id='word_1_29' title='bbox 311 448 404 523; x_wconf 84' lang='grc' dir='ltr'>Πυθίη</span> <span class='ocrx_word' id='word_1_30' title='bbox 417 448 494 528; x_wconf 88' lang='grc' dir='ltr'>λέγει</span> <span class='ocrx_word' id='word_1_31' title='bbox 506 448 580 506; x_wconf 81' lang='grc' dir='ltr'>τόδε·</span> 
     </span>
    </p>
   </div>
   <div class='ocr_carea' id='block_1_2' title="bbox 170 576 833 853">
    <p class='ocr_par' dir='ltr' id='par_1_2' title="bbox 170 576 797 781">
     <span class='ocr_line' id='line_1_6' title="bbox 170 576 763 639; baseline 0.003 -17"><span class='ocrx_word' id='word_1_32' title='bbox 170 576 263 634; x_wconf 88' lang='grc' dir='ltr'>Ἥκεις,</span> <span class='ocrx_word' id='word_1_33' title='bbox 284 577 304 623; x_wconf 77' lang='grc' dir='ltr'>ιύ</span> <span class='ocrx_word' id='word_1_34' title='bbox 319 577 449 639; x_wconf 77' lang='grc' dir='ltr'>Λυκόοργε,</span> <span class='ocrx_word' id='word_1_35' title='bbox 470 578 525 634; x_wconf 81' lang='grc' dir='ltr'>ἐμὸν</span> <span class='ocrx_word' id='word_1_36' title='bbox 542 578 599 624; x_wconf 92' lang='grc' dir='ltr'>ποτί</span> <span class='ocrx_word' id='word_1_37' title='bbox 615 579 685 625; x_wconf 91' lang='grc' dir='ltr'>πίονα</span> <span class='ocrx_word' id='word_1_38' title='bbox 701 578 763 636; x_wconf 86' lang='grc' dir='ltr'>νηὸν,</span> 
     </span>
     <span class='ocr_line' id='line_1_7' title="bbox 174 648 797 708; baseline 0.006 -14"><span class='ocrx_word' id='word_1_39' title='bbox 174 648 230 704; x_wconf 82' lang='grc' dir='ltr'>Ζηνί</span> <span class='ocrx_word' id='word_1_40' title='bbox 247 649 316 707; x_wconf 90' lang='grc' dir='ltr'>φίλος</span> <span class='ocrx_word' id='word_1_41' title='bbox 332 650 372 696; x_wconf 88' lang='grc' dir='ltr'>καί</span> <span class='ocrx_word' id='word_1_42' title='bbox 388 651 463 697; x_wconf 75' lang='grc' dir='ltr'>πᾶσιν</span> <span class='ocrx_word' id='word_1_43' title='bbox 479 650 585 707; x_wconf 84' lang='grc' dir='ltr'>ὀλύμπια</span> <span class='ocrx_word' id='word_1_44' title='bbox 602 648 691 706; x_wconf 80' lang='grc' dir='ltr'>δώματ’</span> <span class='ocrx_word' id='word_1_45' title='bbox 708 651 797 708; x_wconf 73' lang='grc' dir='ltr'>ἔχουσι.</span> 
     </span>
     <span class='ocr_line' id='line_1_8' title="bbox 175 719 746 781; baseline 0.004 -17"><span class='ocrx_word' id='word_1_46' title='bbox 175 719 229 776; x_wconf 72' lang='grc' dir='ltr'>διζῶ</span> <span class='ocrx_word' id='word_1_47' title='bbox 247 720 264 776; x_wconf 83' lang='grc' dir='ltr'>ή</span> <span class='ocrx_word' id='word_1_48' title='bbox 279 736 308 767; x_wconf 84' lang='grc' dir='ltr'>σε</span> <span class='ocrx_word' id='word_1_49' title='bbox 326 721 378 768; x_wconf 89' lang='grc' dir='ltr'>θεὸν</span> <span class='ocrx_word' id='word_1_50' title='bbox 394 722 562 779; x_wconf 80' lang='grc' dir='ltr'>μαντεύσομαι,</span> <span class='ocrx_word' id='word_1_51' title='bbox 582 721 598 779; x_wconf 84' lang='grc' dir='ltr'>ἣ</span> <span class='ocrx_word' id='word_1_52' title='bbox 616 722 746 781; x_wconf 77' lang='grc' dir='ltr'>ἄνθρωπον·</span> 
     </span>
    </p>

    <p class='ocr_par' dir='ltr' id='par_1_3' title="bbox 174 790 833 853">
     <span class='ocr_line' id='line_1_9' title="bbox 174 790 833 853; baseline 0.002 -16"><span class='ocrx_word' id='word_1_53' title='bbox 174 790 230 837; x_wconf 80' lang='grc' dir='ltr'>ἀλλ’</span> <span class='ocrx_word' id='word_1_54' title='bbox 248 792 284 838; x_wconf 77' lang='grc' dir='ltr'>ἔτι</span> <span class='ocrx_word' id='word_1_55' title='bbox 301 792 341 838; x_wconf 90' lang='grc' dir='ltr'>καί</span> <span class='ocrx_word' id='word_1_56' title='bbox 356 793 452 849; x_wconf 83' lang='grc' dir='ltr'>μᾶλλον</span> <span class='ocrx_word' id='word_1_57' title='bbox 465 793 521 839; x_wconf 84' lang='grc' dir='ltr'>θεὸν</span> <span class='ocrx_word' id='word_1_58' title='bbox 538 794 650 851; x_wconf 85' lang='grc' dir='ltr'>ἔλπομαι,</span> <span class='ocrx_word' id='word_1_59' title='bbox 670 792 690 838; x_wconf 83' lang='grc' dir='ltr'>ιύ</span> <span class='ocrx_word' id='word_1_60' title='bbox 705 791 833 853; x_wconf 76' lang='grc' dir='ltr'>Λυκόοργε</span> 
     </span>
    </p>
   </div>
   <div class='ocr_carea' id='block_1_3' title="bbox 37 900 974 2715">
    <p class='ocr_par' dir='ltr' id='par_1_4' title="bbox 37 900 974 2715">
     <span class='ocr_line' id='line_1_10' title="bbox 126 900 926 983; baseline 0.001 -23"><span class='ocrx_word' id='word_1_61' title='bbox 126 904 154 960; x_wconf 81' lang='grc' dir='ltr'>οἱ</span> <span class='ocrx_word' id='word_1_62' title='bbox 172 904 224 977; x_wconf 80' lang='grc' dir='ltr'>μὲν</span> <span class='ocrx_word' id='word_1_63' title='bbox 242 901 276 977; x_wconf 89' lang='grc' dir='ltr'>δή</span> <span class='ocrx_word' id='word_1_64' title='bbox 293 928 365 964; x_wconf 87' lang='grc' dir='ltr'>τινες</span> <span class='ocrx_word' id='word_1_65' title='bbox 384 902 453 979; x_wconf 81' lang='grc' dir='ltr'>πρός</span> <span class='ocrx_word' id='word_1_66' title='bbox 472 901 597 962; x_wconf 84' lang='grc' dir='ltr'>τούτοισι</span> <span class='ocrx_word' id='word_1_67' title='bbox 614 904 732 983; x_wconf 89' lang='grc' dir='ltr'>λέγουσι</span> <span class='ocrx_word' id='word_1_68' title='bbox 753 902 799 960; x_wconf 86' lang='grc' dir='ltr'>καὶ</span> <span class='ocrx_word' id='word_1_69' title='bbox 816 900 926 978; x_wconf 78' lang='grc' dir='ltr'>φράσαι</span> 
     </span>
     <span class='ocr_line' id='line_1_11' title="bbox 127 987 926 1068; baseline 0.001 -22"><span class='ocrx_word' id='word_1_70' title='bbox 127 987 200 1068; x_wconf 80' lang='grc' dir='ltr'>αύτῷ</span> <span class='ocrx_word' id='word_1_71' title='bbox 211 988 264 1065; x_wconf 82' lang='grc' dir='ltr'>τήν</span> <span class='ocrx_word' id='word_1_72' title='bbox 278 990 388 1066; x_wconf 85' lang='grc' dir='ltr'>Πυθίην</span> <span class='ocrx_word' id='word_1_73' title='bbox 401 989 450 1050; x_wconf 78' lang='grc' dir='ltr'>τόν</span> <span class='ocrx_word' id='word_1_74' title='bbox 462 994 511 1049; x_wconf 78' lang='grc' dir='ltr'>νῦν</span> <span class='ocrx_word' id='word_1_75' title='bbox 525 994 698 1049; x_wconf 83' lang='grc' dir='ltr'>κατεστεῶτα</span> <span class='ocrx_word' id='word_1_76' title='bbox 711 988 819 1065; x_wconf 83' lang='grc' dir='ltr'>κόσμον</span> <span class='ocrx_word' id='word_1_77' title='bbox 832 991 926 1066; x_wconf 81' lang='grc' dir='ltr'>Σπαρ-</span> 
     </span>
     <span class='ocr_line' id='line_1_12' title="bbox 125 1075 925 1157; baseline 0 -21"><span class='ocrx_word' id='word_1_78' title='bbox 125 1075 247 1156; x_wconf 84' lang='grc' dir='ltr'>τιήτησι·</span> <span class='ocrx_word' id='word_1_79' title='bbox 265 1077 300 1140; x_wconf 81' lang='grc' dir='ltr'>ὦς</span> <span class='ocrx_word' id='word_1_80' title='bbox 313 1076 336 1136; x_wconf 85' lang='grc' dir='ltr'>δ’</span> <span class='ocrx_word' id='word_1_81' title='bbox 349 1077 427 1136; x_wconf 75' lang='grc' dir='ltr'>αὐτοὶ</span> <span class='ocrx_word' id='word_1_82' title='bbox 439 1076 652 1154; x_wconf 89' lang='grc' dir='ltr'>Λακεδαιμόνιοι</span> <span class='ocrx_word' id='word_1_83' title='bbox 664 1077 790 1157; x_wconf 90' lang='grc' dir='ltr'>λέγουσι,</span> <span class='ocrx_word' id='word_1_84' title='bbox 802 1081 925 1154; x_wconf 81' lang='grc' dir='ltr'>Λυκοῦρ-</span> 
     </span>
     <span class='ocr_line' id='line_1_13' title="bbox 126 1163 926 1245; baseline 0.001 -22"><span class='ocrx_word' id='word_1_85' title='bbox 126 1191 178 1245; x_wconf 88' lang='grc' dir='ltr'>γον</span> <span class='ocrx_word' id='word_1_86' title='bbox 211 1164 448 1241; x_wconf 89' lang='grc' dir='ltr'>ἐπιτροπεύσαντα</span> <span class='ocrx_word' id='word_1_87' title='bbox 478 1163 646 1240; x_wconf 75' lang='grc' dir='ltr'>Λεωβώτεω,</span> <span class='ocrx_word' id='word_1_88' title='bbox 679 1163 844 1238; x_wconf 77' lang='grc' dir='ltr'>ἀδελφιδέου</span> <span class='ocrx_word' id='word_1_89' title='bbox 873 1168 926 1241; x_wconf 78' lang='grc' dir='ltr'>μὲν</span> 
     </span>
     <span class='ocr_line' id='line_1_14' title="bbox 129 1251 927 1329; baseline 0.006 -19"><span class='ocrx_word' id='word_1_90' title='bbox 129 1256 228 1312; x_wconf 81' lang='grc' dir='ltr'>ἑωυτοῦ</span> <span class='ocrx_word' id='word_1_91' title='bbox 250 1251 453 1329; x_wconf 75' lang='grc' dir='ltr'>βασιλεύοντος</span> <span class='ocrx_word' id='word_1_92' title='bbox 475 1253 505 1312; x_wconf 79' lang='grc' dir='ltr'>δὲ</span> <span class='ocrx_word' id='word_1_93' title='bbox 530 1252 730 1328; x_wconf 76' lang='grc' dir='ltr'>Σπαρτιητέων,</span> <span class='ocrx_word' id='word_1_94' title='bbox 756 1256 786 1310; x_wconf 91' lang='grc' dir='ltr'>ἐκ</span> <span class='ocrx_word' id='word_1_95' title='bbox 812 1252 927 1329; x_wconf 79' lang='grc' dir='ltr'>Κρήτης</span> 
     </span>
     <span class='ocr_line' id='line_1_15' title="bbox 127 1338 925 1422; baseline 0 -23"><span class='ocrx_word' id='word_1_96' title='bbox 127 1339 284 1422; x_wconf 77' lang='grc' dir='ltr'>ἀγαγέσθαι</span> <span class='ocrx_word' id='word_1_97' title='bbox 306 1344 403 1400; x_wconf 82' lang='grc' dir='ltr'>ταῦτα.</span> <span class='ocrx_word' id='word_1_98' title='bbox 445 1339 481 1403; x_wconf 72' lang='grc' dir='ltr'>οἷς</span> <span class='ocrx_word' id='word_1_99' title='bbox 505 1340 560 1420; x_wconf 85' lang='grc' dir='ltr'>γάρ</span> <span class='ocrx_word' id='word_1_100' title='bbox 585 1338 770 1416; x_wconf 83' lang='grc' dir='ltr'>ἐπετρόπευσε</span> <span class='ocrx_word' id='word_1_101' title='bbox 794 1338 925 1417; x_wconf 83' lang='grc' dir='ltr'>τάχιστα,</span> 
     </span>
     <span class='ocr_line' id='line_1_16' title="bbox 126 1426 925 1505; baseline -0.003 -19"><span class='ocrx_word' id='word_1_102' title='bbox 126 1431 282 1504; x_wconf 86' lang='grc' dir='ltr'>μετέστησε</span> <span class='ocrx_word' id='word_1_103' title='bbox 296 1428 333 1488; x_wconf 84' lang='grc' dir='ltr'>τά</span> <span class='ocrx_word' id='word_1_104' title='bbox 346 1427 451 1505; x_wconf 90' lang='grc' dir='ltr'>νόμιμα</span> <span class='ocrx_word' id='word_1_105' title='bbox 466 1427 566 1496; x_wconf 82' lang='grc' dir='ltr'>πάντα,</span> <span class='ocrx_word' id='word_1_106' title='bbox 581 1427 627 1485; x_wconf 89' lang='grc' dir='ltr'>καὶ</span> <span class='ocrx_word' id='word_1_107' title='bbox 644 1426 767 1501; x_wconf 79' lang='grc' dir='ltr'>ἐφύλαξε</span> <span class='ocrx_word' id='word_1_108' title='bbox 782 1430 869 1485; x_wconf 78' lang='grc' dir='ltr'>ταῦτα</span> <span class='ocrx_word' id='word_1_109' title='bbox 884 1427 925 1503; x_wconf 80' lang='grc' dir='ltr'>μή</span> 
     </span>
     <span class='ocr_line' id='line_1_17' title="bbox 127 1515 925 1594; baseline 0 -20"><span class='ocrx_word' id='word_1_110' title='bbox 127 1517 321 1594; x_wconf 85' lang='grc' dir='ltr'>παραβαίνειν·</span> <span class='ocrx_word' id='word_1_111' title='bbox 341 1515 413 1591; x_wconf 84' lang='grc' dir='ltr'>μετοὶ</span> <span class='ocrx_word' id='word_1_112' title='bbox 426 1515 463 1585; x_wconf 85' lang='grc' dir='ltr'>δέ,</span> <span class='ocrx_word' id='word_1_113' title='bbox 477 1516 512 1574; x_wconf 84' lang='grc' dir='ltr'>τοὶ</span> <span class='ocrx_word' id='word_1_114' title='bbox 527 1521 554 1578; x_wconf 89' lang='grc' dir='ltr'>ἐς</span> <span class='ocrx_word' id='word_1_115' title='bbox 565 1515 691 1589; x_wconf 91' lang='grc' dir='ltr'>πόλεμον</span> <span class='ocrx_word' id='word_1_116' title='bbox 704 1515 811 1592; x_wconf 83' lang='grc' dir='ltr'>ἔχοντα,</span> <span class='ocrx_word' id='word_1_117' title='bbox 826 1519 925 1592; x_wconf 87' lang='grc' dir='ltr'>ἐνωμο-</span> 
     </span>
     <span class='ocr_line' id='line_1_18' title="bbox 126 1601 927 1679; baseline 0.001 -17"><span class='ocrx_word' id='word_1_118' title='bbox 126 1604 187 1666; x_wconf 89' lang='grc' dir='ltr'>τίας</span> <span class='ocrx_word' id='word_1_119' title='bbox 207 1605 253 1662; x_wconf 84' lang='grc' dir='ltr'>καὶ</span> <span class='ocrx_word' id='word_1_120' title='bbox 270 1603 417 1679; x_wconf 81' lang='grc' dir='ltr'>τριηκάδας</span> <span class='ocrx_word' id='word_1_121' title='bbox 435 1602 481 1660; x_wconf 88' lang='grc' dir='ltr'>καὶ</span> <span class='ocrx_word' id='word_1_122' title='bbox 499 1603 642 1671; x_wconf 87' lang='grc' dir='ltr'>συσσίτια,</span> <span class='ocrx_word' id='word_1_123' title='bbox 661 1601 731 1678; x_wconf 91' lang='grc' dir='ltr'>πρός</span> <span class='ocrx_word' id='word_1_124' title='bbox 750 1627 781 1660; x_wconf 91' lang='grc' dir='ltr'>τε</span> <span class='ocrx_word' id='word_1_125' title='bbox 800 1601 927 1663; x_wconf 86' lang='grc' dir='ltr'>τούτοισι</span> 
     </span>
     <span class='ocr_line' id='line_1_19' title="bbox 82 1690 927 1771; baseline -0.002 -21"><span class='ocrx_word' id='word_1_126' title='bbox 82 1691 119 1750; x_wconf 80' lang='grc'>66</span> <span class='ocrx_word' id='word_1_127' title='bbox 128 1691 192 1754; x_wconf 80' lang='grc' dir='ltr'>τούς</span> <span class='ocrx_word' id='word_1_128' title='bbox 202 1690 320 1768; x_wconf 77' lang='grc' dir='ltr'>ἐφόρους</span> <span class='ocrx_word' id='word_1_129' title='bbox 333 1691 378 1748; x_wconf 84' lang='grc' dir='ltr'>καὶ</span> <span class='ocrx_word' id='word_1_130' title='bbox 388 1691 520 1771; x_wconf 85' lang='grc' dir='ltr'>γέροντας</span> <span class='ocrx_word' id='word_1_131' title='bbox 533 1692 636 1765; x_wconf 87' lang='grc' dir='ltr'>ἐστησε</span> <span class='ocrx_word' id='word_1_132' title='bbox 647 1693 816 1770; x_wconf 82' lang='grc' dir='ltr'>Λυκοῦργος.</span> <span class='ocrx_word' id='word_1_133' title='bbox 846 1690 927 1750; x_wconf 83' lang='grc' dir='ltr'>Οὕτω</span> 
     </span>
     <span class='ocr_line' id='line_1_20' title="bbox 126 1777 927 1859; baseline -0.002 -21"><span class='ocrx_word' id='word_1_134' title='bbox 126 1782 179 1855; x_wconf 83' lang='grc' dir='ltr'>μὲν</span> <span class='ocrx_word' id='word_1_135' title='bbox 197 1777 406 1855; x_wconf 84' lang='grc' dir='ltr'>μεταβαλόντες</span> <span class='ocrx_word' id='word_1_136' title='bbox 426 1777 627 1855; x_wconf 75' lang='grc' dir='ltr'>εὐνομήθησαν.</span> <span class='ocrx_word' id='word_1_137' title='bbox 668 1782 706 1855; x_wconf 80' lang='grc' dir='ltr'>τῷ</span> <span class='ocrx_word' id='word_1_138' title='bbox 726 1778 756 1836; x_wconf 84' lang='grc' dir='ltr'>δὲ</span> <span class='ocrx_word' id='word_1_139' title='bbox 775 1777 927 1859; x_wconf 82' lang='grc' dir='ltr'>Λυκούργῳ</span> 
     </span>
     <span class='ocr_line' id='line_1_21' title="bbox 128 1864 927 1946; baseline 0.001 -21"><span class='ocrx_word' id='word_1_140' title='bbox 128 1866 326 1941; x_wconf 81' lang='grc' dir='ltr'>τελευτήσαντι</span> <span class='ocrx_word' id='word_1_141' title='bbox 340 1866 398 1942; x_wconf 80' lang='grc' dir='ltr'>ἱρόν</span> <span class='ocrx_word' id='word_1_142' title='bbox 408 1864 557 1941; x_wconf 79' lang='grc' dir='ltr'>εἰσόμενοι,</span> <span class='ocrx_word' id='word_1_143' title='bbox 569 1866 703 1940; x_wconf 89' lang='grc' dir='ltr'>σέβονται</span> <span class='ocrx_word' id='word_1_144' title='bbox 716 1865 853 1946; x_wconf 76' lang='grc' dir='ltr'>μεγάλως.</span> <span class='ocrx_word' id='word_1_145' title='bbox 881 1867 927 1926; x_wconf 84' lang='grc' dir='ltr'>οία</span> 
     </span>
     <span class='ocr_line' id='line_1_22' title="bbox 129 1950 957 2034; baseline 0.002 -22"><span class='ocrx_word' id='word_1_146' title='bbox 129 1955 159 2012; x_wconf 78' lang='grc' dir='ltr'>δὲ</span> <span class='ocrx_word' id='word_1_147' title='bbox 172 1955 200 2013; x_wconf 85' lang='grc' dir='ltr'>ἐν</span> <span class='ocrx_word' id='word_1_148' title='bbox 212 1979 243 2013; x_wconf 91' lang='grc' dir='ltr'>τε</span> <span class='ocrx_word' id='word_1_149' title='bbox 255 1952 332 2032; x_wconf 81' lang='grc' dir='ltr'>χώρῃ</span> <span class='ocrx_word' id='word_1_150' title='bbox 345 1952 446 2034; x_wconf 78' lang='grc' dir='ltr'>ἀγαθῇ,</span> <span class='ocrx_word' id='word_1_151' title='bbox 461 1953 506 2011; x_wconf 88' lang='grc' dir='ltr'>καὶ</span> <span class='ocrx_word' id='word_1_152' title='bbox 518 1952 621 2027; x_wconf 84' lang='grc' dir='ltr'>πλήθεϊ</span> <span class='ocrx_word' id='word_1_153' title='bbox 634 1950 683 2010; x_wconf 76' lang='grc' dir='ltr'>οὐκ</span> <span class='ocrx_word' id='word_1_154' title='bbox 696 1951 800 2034; x_wconf 84' lang='grc' dir='ltr'>ὀλίγων</span> <span class='ocrx_word' id='word_1_155' title='bbox 812 1953 927 2030; x_wconf 80' lang='grc' dir='ltr'>ἀνδρῶν,</span> <span class='ocrx_word' id='word_1_156' title='bbox 954 1971 957 1977; x_wconf 84' lang='grc'><strong>’</strong></span> 
     </span>
     <span class='ocr_line' id='line_1_23' title="bbox 130 2039 927 2118; baseline 0.003 -18"><span class='ocrx_word' id='word_1_157' title='bbox 130 2040 182 2101; x_wconf 87' lang='grc' dir='ltr'>οἶνοί</span> <span class='ocrx_word' id='word_1_158' title='bbox 194 2067 225 2100; x_wconf 94' lang='grc' dir='ltr'>τε</span> <span class='ocrx_word' id='word_1_159' title='bbox 238 2042 355 2117; x_wconf 79' lang='grc' dir='ltr'>ἔδραμον</span> <span class='ocrx_word' id='word_1_160' title='bbox 367 2039 466 2100; x_wconf 77' lang='grc' dir='ltr'>αὐτίκα</span> <span class='ocrx_word' id='word_1_161' title='bbox 478 2041 524 2099; x_wconf 88' lang='grc' dir='ltr'>καὶ</span> <span class='ocrx_word' id='word_1_162' title='bbox 538 2039 738 2116; x_wconf 72' lang='grc' dir='ltr'>εὐθηνήθησαν·</span> <span class='ocrx_word' id='word_1_163' title='bbox 760 2041 806 2099; x_wconf 89' lang='grc' dir='ltr'>καὶ</span> <span class='ocrx_word' id='word_1_164' title='bbox 822 2041 857 2116; x_wconf 88' lang='grc' dir='ltr'>δή</span> <span class='ocrx_word' id='word_1_165' title='bbox 870 2049 927 2118; x_wconf 90' lang='grc' dir='ltr'>σφι</span> 
     </span>
     <span class='ocr_line' id='line_1_24' title="bbox 130 2127 929 2209; baseline 0.004 -22"><span class='ocrx_word' id='word_1_166' title='bbox 130 2128 221 2188; x_wconf 85' lang='grc' dir='ltr'>ούκέτι</span> <span class='ocrx_word' id='word_1_167' title='bbox 230 2128 339 2207; x_wconf 88' lang='grc' dir='ltr'>ἀπέχρα</span> <span class='ocrx_word' id='word_1_168' title='bbox 349 2128 471 2207; x_wconf 80' lang='grc' dir='ltr'>ἡσυχίην</span> <span class='ocrx_word' id='word_1_169' title='bbox 480 2127 565 2209; x_wconf 83' lang='grc' dir='ltr'>ἀγειν,</span> <span class='ocrx_word' id='word_1_170' title='bbox 577 2127 654 2187; x_wconf 82' lang='grc' dir='ltr'>ἀλλά</span> <span class='ocrx_word' id='word_1_171' title='bbox 665 2129 929 2205; x_wconf 84' lang='grc' dir='ltr'>καταφρονήσαντες</span> 
     </span>
     <span class='ocr_line' id='line_1_25' title="bbox 129 2215 930 2294; baseline 0.004 -20"><span class='ocrx_word' id='word_1_172' title='bbox 129 2215 270 2293; x_wconf 75' lang='grc' dir='ltr'>Ἀρκάδων</span> <span class='ocrx_word' id='word_1_173' title='bbox 287 2217 437 2293; x_wconf 87' lang='grc' dir='ltr'>κρέσσονες</span> <span class='ocrx_word' id='word_1_174' title='bbox 453 2216 530 2286; x_wconf 80' lang='grc' dir='ltr'>εἶναι,</span> <span class='ocrx_word' id='word_1_175' title='bbox 545 2215 794 2294; x_wconf 79' lang='grc' dir='ltr'>ἐχρηστηριάζοντο</span> <span class='ocrx_word' id='word_1_176' title='bbox 812 2223 841 2276; x_wconf 92' lang='grc' dir='ltr'>ἐν</span> <span class='ocrx_word' id='word_1_177' title='bbox 855 2223 930 2278; x_wconf 94' lang='grc' dir='ltr'>Δελ-</span> 
     </span>
     <span class='ocr_line' id='line_1_26' title="bbox 37 2302 928 2384; baseline 0.002 -20"><span class='ocrx_word' id='word_1_178' title='bbox 37 2363 40 2369; x_wconf 90' lang='grc'>,</span> <span class='ocrx_word' id='word_1_179' title='bbox 131 2308 214 2380; x_wconf 84' lang='grc' dir='ltr'>φοῖσι</span> <span class='ocrx_word' id='word_1_180' title='bbox 228 2304 273 2363; x_wconf 87' lang='grc' dir='ltr'>ἐπὶ</span> <span class='ocrx_word' id='word_1_181' title='bbox 288 2303 367 2384; x_wconf 82' lang='grc' dir='ltr'>πόση</span> <span class='ocrx_word' id='word_1_182' title='bbox 379 2308 416 2382; x_wconf 74' lang='grc' dir='ltr'>τῇ</span> <span class='ocrx_word' id='word_1_183' title='bbox 427 2302 568 2380; x_wconf 84' lang='grc' dir='ltr'>’Λρκάδων</span> <span class='ocrx_word' id='word_1_184' title='bbox 579 2302 666 2383; x_wconf 79' lang='grc' dir='ltr'>χώρη·</span> <span class='ocrx_word' id='word_1_185' title='bbox 686 2304 705 2379; x_wconf 85' lang='grc' dir='ltr'>ή</span> <span class='ocrx_word' id='word_1_186' title='bbox 720 2305 749 2363; x_wconf 86' lang='grc' dir='ltr'>δὲ</span> <span class='ocrx_word' id='word_1_187' title='bbox 765 2305 859 2380; x_wconf 87' lang='grc' dir='ltr'>Πυθίη</span> <span class='ocrx_word' id='word_1_188' title='bbox 872 2313 928 2382; x_wconf 87' lang='grc' dir='ltr'>σφι</span> 
     </span>
     <span class='ocr_line' id='line_1_27' title="bbox 130 2391 974 2472; baseline 0 -22"><span class='ocrx_word' id='word_1_189' title='bbox 130 2397 187 2472; x_wconf 73' lang='grc' dir='ltr'>χρᾷ</span> <span class='ocrx_word' id='word_1_190' title='bbox 198 2391 273 2450; x_wconf 82' lang='grc' dir='ltr'>τάδε·</span> <span class='ocrx_word' id='word_1_191' title='bbox 971 2407 974 2412; x_wconf 87' lang='grc'><strong>’</strong></span> 
     </span>
     <span class='ocr_line' id='line_1_28' title="bbox 175 2492 871 2571; baseline 0.001 -13"><span class='ocrx_word' id='word_1_192' title='bbox 175 2510 305 2571; x_wconf 84' lang='grc' dir='ltr'>’Λρκαδίην</span> <span class='ocrx_word' id='word_1_193' title='bbox 320 2509 345 2567; x_wconf 89' lang='grc' dir='ltr'>μ’</span> <span class='ocrx_word' id='word_1_194' title='bbox 361 2511 447 2569; x_wconf 82' lang='grc' dir='ltr'>αίτεῖς;</span> <span class='ocrx_word' id='word_1_195' title='bbox 464 2510 529 2570; x_wconf 82' lang='grc' dir='ltr'>μέγα</span> <span class='ocrx_word' id='word_1_196' title='bbox 545 2509 572 2568; x_wconf 81' lang='grc' dir='ltr'>μ’</span> <span class='ocrx_word' id='word_1_197' title='bbox 588 2511 669 2559; x_wconf 86' lang='grc' dir='ltr'>αίτεῖς·</span> <span class='ocrx_word' id='word_1_198' title='bbox 688 2512 715 2557; x_wconf 85' lang='grc' dir='ltr'>ού</span> <span class='ocrx_word' id='word_1_199' title='bbox 726 2527 763 2558; x_wconf 88' lang='grc' dir='ltr'>τοι</span> <span class='ocrx_word' id='word_1_200' title='bbox 775 2508 852 2559; x_wconf 83' lang='grc' dir='ltr'>δύσω.</span> <span class='ocrx_word' id='word_1_201' title='bbox 869 2492 871 2495; x_wconf 21' lang='lat'>⁸</span> 
     </span>
     <span class='ocr_line' id='line_1_29' title="bbox 180 2581 798 2643; baseline 0 -14"><span class='ocrx_word' id='word_1_202' title='bbox 180 2584 268 2629; x_wconf 89' lang='grc' dir='ltr'>πολλοί</span> <span class='ocrx_word' id='word_1_203' title='bbox 285 2584 309 2629; x_wconf 83' lang='grc' dir='ltr'>ἐν</span> <span class='ocrx_word' id='word_1_204' title='bbox 322 2581 437 2642; x_wconf 83' lang='grc' dir='ltr'>’Λρκαδίη</span> <span class='ocrx_word' id='word_1_205' title='bbox 452 2583 625 2643; x_wconf 83' lang='grc' dir='ltr'>βαλανηφάγοι</span> <span class='ocrx_word' id='word_1_206' title='bbox 642 2581 723 2643; x_wconf 80' lang='grc' dir='ltr'>ἄνδρες</span> <span class='ocrx_word' id='word_1_207' title='bbox 736 2584 798 2641; x_wconf 76' lang='grc' dir='ltr'>ἔασι,</span> 
     </span>
     <span class='ocr_line' id='line_1_30' title="bbox 181 2653 863 2715; baseline 0 -14"><span class='ocrx_word' id='word_1_208' title='bbox 181 2655 205 2701; x_wconf 91' lang='grc' dir='ltr'>οί</span> <span class='ocrx_word' id='word_1_209' title='bbox 219 2654 243 2702; x_wconf 83' lang='grc' dir='ltr'>α’</span> <span class='ocrx_word' id='word_1_210' title='bbox 262 2656 466 2702; x_wconf 78' lang='grc' dir='ltr'>ἀποκωλύσουσιν.</span> <span class='ocrx_word' id='word_1_211' title='bbox 501 2655 550 2713; x_wconf 79' lang='grc' dir='ltr'>ἐγὼ</span> <span class='ocrx_word' id='word_1_212' title='bbox 567 2655 593 2700; x_wconf 84' lang='grc' dir='ltr'>δέ</span> <span class='ocrx_word' id='word_1_213' title='bbox 608 2670 646 2700; x_wconf 90' lang='grc' dir='ltr'>τοι</span> <span class='ocrx_word' id='word_1_214' title='bbox 663 2655 691 2701; x_wconf 89' lang='grc' dir='ltr'>ού</span> <span class='ocrx_word' id='word_1_215' title='bbox 705 2671 731 2701; x_wconf 91' lang='grc' dir='ltr'>τι</span> <span class='ocrx_word' id='word_1_216' title='bbox 746 2653 863 2715; x_wconf 83' lang='grc' dir='ltr'>μεγαίρω·</span> 
     </span>
    </p>
   </div>
   <div class='ocr_carea' id='block_1_4' title="bbox 181 2725 762 2859">
    <p class='ocr_par' dir='ltr' id='par_1_5' title="bbox 181 2725 762 2859">
     <span class='ocr_line' id='line_1_31' title="bbox 181 2725 762 2787; baseline 0 -15"><span class='ocrx_word' id='word_1_217' title='bbox 181 2727 250 2773; x_wconf 84' lang='grc' dir='ltr'>δώσω</span> <span class='ocrx_word' id='word_1_218' title='bbox 265 2742 303 2773; x_wconf 92' lang='grc' dir='ltr'>τοι</span> <span class='ocrx_word' id='word_1_219' title='bbox 319 2726 411 2785; x_wconf 76' lang='grc' dir='ltr'>Τεγέην</span> <span class='ocrx_word' id='word_1_220' title='bbox 427 2725 586 2785; x_wconf 87' lang='grc' dir='ltr'>ποσσίκροτον</span> <span class='ocrx_word' id='word_1_221' title='bbox 602 2726 762 2787; x_wconf 82' lang='grc' dir='ltr'>ὀρχήσασθαι,</span> 
     </span>
     <span class='ocr_line' id='line_1_32' title="bbox 182 2797 742 2859; baseline 0 -15"><span class='ocrx_word' id='word_1_222' title='bbox 182 2801 221 2845; x_wconf 85' lang='grc' dir='ltr'>καὶ</span> <span class='ocrx_word' id='word_1_223' title='bbox 238 2799 311 2845; x_wconf 87' lang='grc' dir='ltr'>καλὸν</span> <span class='ocrx_word' id='word_1_224' title='bbox 328 2798 408 2844; x_wconf 83' lang='grc' dir='ltr'>πεδίον</span> <span class='ocrx_word' id='word_1_225' title='bbox 424 2797 513 2858; x_wconf 81' lang='grc' dir='ltr'>σχοίνῳ</span> <span class='ocrx_word' id='word_1_226' title='bbox 530 2798 742 2859; x_wconf 80' lang='grc' dir='ltr'>διαμετρήσασθαι.</span> 
     </span>
    </p>
   </div>
   <div class='ocr_carea' id='block_1_5' title="bbox 105 2895 949 3328">
    <p class='ocr_par' dir='ltr' id='par_1_6' title="bbox 133 2895 932 2975">
     <span class='ocr_line' id='line_1_33' title="bbox 133 2895 932 2975; baseline 0.006 -22"><span class='ocrx_word' id='word_1_227' title='bbox 133 2899 226 2955; x_wconf 86' lang='grc' dir='ltr'>Ταῦτα</span> <span class='ocrx_word' id='word_1_228' title='bbox 247 2895 282 2958; x_wconf 82' lang='grc' dir='ltr'>ιός</span> <span class='ocrx_word' id='word_1_229' title='bbox 302 2895 498 2975; x_wconf 82' lang='grc' dir='ltr'>ἀπενειχθέντα</span> <span class='ocrx_word' id='word_1_230' title='bbox 517 2895 642 2972; x_wconf 82' lang='grc' dir='ltr'>ἥκουσαν</span> <span class='ocrx_word' id='word_1_231' title='bbox 663 2900 689 2956; x_wconf 81' lang='grc' dir='ltr'>οἱ</span> <span class='ocrx_word' id='word_1_232' title='bbox 709 2896 932 2973; x_wconf 86' lang='grc' dir='ltr'>Λακεδαιμόνιοι,</span> 
     </span>
    </p>

    <p class='ocr_par' dir='ltr' id='par_1_7' title="bbox 133 2981 934 3063">
     <span class='ocr_line' id='line_1_34' title="bbox 133 2981 934 3063; baseline 0.005 -22"><span class='ocrx_word' id='word_1_233' title='bbox 133 2981 274 3059; x_wconf 76' lang='grc' dir='ltr'>’Λρκόδων</span> <span class='ocrx_word' id='word_1_234' title='bbox 292 2985 344 3060; x_wconf 79' lang='grc' dir='ltr'>μὲν</span> <span class='ocrx_word' id='word_1_235' title='bbox 365 2987 420 3042; x_wconf 77' lang='grc' dir='ltr'>τῶν</span> <span class='ocrx_word' id='word_1_236' title='bbox 443 2982 538 3043; x_wconf 80' lang='grc' dir='ltr'>ἀλλων</span> <span class='ocrx_word' id='word_1_237' title='bbox 558 2984 715 3063; x_wconf 86' lang='grc' dir='ltr'>ἀπείχοντο·</span> <span class='ocrx_word' id='word_1_238' title='bbox 740 2988 767 3043; x_wconf 84' lang='grc' dir='ltr'>οἱ</span> <span class='ocrx_word' id='word_1_239' title='bbox 790 2985 827 3054; x_wconf 83' lang='grc' dir='ltr'>δὲ,</span> <span class='ocrx_word' id='word_1_240' title='bbox 848 2986 934 3051; x_wconf 87' lang='grc' dir='ltr'>πέδας</span> 
     </span>
    </p>

    <p class='ocr_par' dir='ltr' id='par_1_8' title="bbox 105 3069 949 3328">
     <span class='ocr_line' id='line_1_35' title="bbox 135 3069 935 3151; baseline 0.005 -23"><span class='ocrx_word' id='word_1_241' title='bbox 135 3070 292 3147; x_wconf 87' lang='grc' dir='ltr'>φερόμενοι,</span> <span class='ocrx_word' id='word_1_242' title='bbox 307 3070 352 3128; x_wconf 87' lang='grc' dir='ltr'>ἐπὶ</span> <span class='ocrx_word' id='word_1_243' title='bbox 367 3069 505 3150; x_wconf 84' lang='grc' dir='ltr'>Τεγεήτας</span> <span class='ocrx_word' id='word_1_244' title='bbox 520 3071 725 3148; x_wconf 83' lang='grc' dir='ltr'>ἐστρατεύοντο,</span> <span class='ocrx_word' id='word_1_245' title='bbox 738 3077 858 3151; x_wconf 82' lang='grc' dir='ltr'>χρησμῷ</span> <span class='ocrx_word' id='word_1_246' title='bbox 871 3076 935 3151; x_wconf 83' lang='grc' dir='ltr'>κιβ·</span> 
     </span>
     <span class='ocr_line' id='line_1_36' title="bbox 119 3153 935 3240; baseline 0.012 -30"><span class='ocrx_word' id='word_1_247' title='bbox 119 3153 201 3231; x_wconf 70' lang='grc' dir='ltr'>θηλιμ</span> <span class='ocrx_word' id='word_1_248' title='bbox 214 3158 331 3216; x_wconf 76' lang='grc' dir='ltr'>πιίτυνοι</span> <span class='ocrx_word' id='word_1_249' title='bbox 349 3157 385 3222; x_wconf 70' lang='grc' dir='ltr'>οἷς</span> <span class='ocrx_word' id='word_1_250' title='bbox 398 3157 434 3235; x_wconf 84' lang='grc' dir='ltr'>δή</span> <span class='ocrx_word' id='word_1_251' title='bbox 452 3157 745 3238; x_wconf 81' lang='grc' dir='ltr'>ἐξανδραποδιούμενοι</span> <span class='ocrx_word' id='word_1_252' title='bbox 755 3159 819 3223; x_wconf 83' lang='grc' dir='ltr'>τούς</span> <span class='ocrx_word' id='word_1_253' title='bbox 834 3161 935 3240; x_wconf 55' lang='grc' dir='ltr'>Τεγεήι,</span> 
     </span>
     <span class='ocr_line' id='line_1_37' title="bbox 105 3245 949 3328; baseline 0.012 -34"><span class='ocrx_word' id='word_1_254' title='bbox 105 3258 171 3296; x_wconf 83' lang='grc' dir='ltr'>τας·</span> <span class='ocrx_word' id='word_1_255' title='bbox 185 3245 371 3311; x_wconf 71' lang='grc' dir='ltr'>ἑσσωθέντες</span> <span class='ocrx_word' id='word_1_256' title='bbox 380 3245 414 3307; x_wconf 84' lang='grc' dir='ltr'>δὲ</span> <span class='ocrx_word' id='word_1_257' title='bbox 428 3253 466 3328; x_wconf 75' lang='grc' dir='ltr'>τῇ</span> <span class='ocrx_word' id='word_1_258' title='bbox 481 3250 637 3327; x_wconf 77' lang='grc' dir='ltr'>συμβολῇ,</span> <span class='ocrx_word' id='word_1_259' title='bbox 646 3246 714 3308; x_wconf 75' lang='grc' dir='ltr'>ὅσοι</span> <span class='ocrx_word' id='word_1_260' title='bbox 727 3251 817 3306; x_wconf 74' lang='grc' dir='ltr'>αῖιτιῖιν</span> <span class='ocrx_word' id='word_1_261' title='bbox 831 3247 949 3324; x_wconf 63' lang='grc' dir='ltr'>ἐζωγρή-</span> 
     </span>
    </p>
   </div>
   <div class='ocr_carea' id='block_1_6' title="bbox 0 0 1032 3464">
    <p class='ocr_par' dir='ltr' id='par_1_9' title="bbox 0 0 1032 3464">
     <span class='ocr_line' id='line_1_38' title="bbox 0 0 1032 3464; baseline 0 0"><span class='ocrx_word' id='word_1_262' title='bbox 0 0 1032 3464; x_wconf 95' lang='lat' dir='ltr'> </span> 
     </span>
    </p>
   </div>
  </div>
 </body>
</html>
