2040 3464
440 457 673 524 LECTORI.

505 641 604 669 -ψ-

133 776 245 832 Psonrr
271 775 374 828 iterum
405 773 565 826 Herodotus
588 773 664 841 quod
688 773 724 826 ad
747 776 856 827 tex-tum
883 775 983 831 attinet

133 867 264 920 editionis
280 847 427 934 superioris
444 864 540 916 faciem
557 864 637 931 plane
653 865 780 918 reserens,
818 865 982 922 Paucissima

133 958 215 1024 enim,
233 973 264 1010 re
280 955 350 1010 bene
367 973 509 1026 perpensa,
523 956 565 1008 his
584 956 708 1008 secundis
726 958 797 1009 euris
814 958 982 1015 immutanda

135 1051 272 1118 duximus,
293 1050 345 1103 uisi
366 1049 440 1118 quod
463 1049 603 1117 aliquanto
624 1051 711 1103 rarius
734 1052 983 1120 interpungendum

133 1143 295 1198 censuimus.
327 1141 431 1194 Verum
447 1142 594 1209 enimver0,
607 1142 828 1211 quandoquidem
845 1145 912 1197 haec
926 1147 983 1200 edi-

69 1305 73 1314 ,
133 1238 173 1292 110
184 1254 239 1291 uon
253 1236 335 1290 modo
347 1235 472 1288 manibus
488 1236 627 1289 studiosae
639 1235 794 1303 juventutis
806 1239 922 1291 terenda
933 1247 983 1304 est,

134 1329 187 1384 sed
208 1331 292 1384 etiam
313 1329 407 1382 usibus
426 1329 567 1382 hominum
587 1328 772 1382 litteratorum
792 1346 908 1398 peregre
925 1349 984 1400 pro-

134 1421 314 1475 ficiscentium
326 1422 459 1474 inservire
469 1421 534 1486 vult,
544 1408 630 1490 pauca
640 1421 782 1488 quaedam,
792 1439 862 1489 quae
873 1424 900 1475 in
913 1424 984 1477 notis

133 1515 248 1569 editioni
260 1516 358 1585 majori
370 1515 502 1584 subjectis
512 1515 597 1568 fusius
606 1532 719 1568 excussa
732 1519 802 1583 sunt,
812 1516 855 1569 hic
864 1516 984 1572 breviter

132 1608 269 1663 monenda
281 1609 425 1674 videntum
443 1626 478 1663 ue
489 1609 515 1674 ii,
527 1609 627 1678 quibus
638 1608 753 1663 facultas
765 1610 849 1663 detur
860 1611 983 1678 regiones

131 1720 149 1757 a
165 1703 249 1756 Patre
263 1703 404 1757 Historiae
418 1703 569 1772 descriptas
581 1704 722 1771 lustrandi,
735 1704 815 1757 simul
827 1709 911 1773 atque
922 1721 984 1772 per÷

133 1802 258 1867 spectum
286 1797 432 1851 habuerint
458 1798 594 1850 illustrem
618 1798 778 1866 scriptorem
802 1800 838 1852 ad
860 1816 982 1852 normam

131 1889 281 1943 hodiernae
300 1890 415 1943 Critiees
436 1890 556 1942 revocari
574 1907 628 1942 non
648 1907 734 1958 posse,
756 1891 893 1958 extemplo
913 1908 983 1957 eum,

131 1987 263 2052 tauquam
274 2001 405 2051 nugacem
418 1983 578 2036 fabellarum
587 1983 798 2051 conquisitorem
807 1987 983 2037 contemnant

133 2076 327 2144 abjiciantque.
358 2076 438 2140 Quod
450 2077 473 2130 si
485 2077 546 2144 quis
558 2076 660 2140 fecerit,
673 2077 696 2128 is
709 2077 782 2130 nullo
795 2076 907 2144 quidem
917 2076 982 2144 jure

131 2168 234 2222 fecerit
272 2168 344 2221 Nam
359 2185 392 2221 eo
404 2169 473 2222 vixit
488 2171 614 2236 tempore
628 2167 793 2234 Herodotus,
804 2169 833 2220 in
845 2186 899 2236 quo
914 2185 983 2222 eom-

132 2262 233 2316 mereia
260 2261 372 2314 humani
402 2262 510 2329 generis
538 2278 620 2328 aegre
649 2261 807 2329 agebantur.
851 2261 983 2315 Periculis

131 2352 296 2406 omnimodis
315 2357 380 2406 tune
399 2353 531 2421 temporis
552 2352 695 2407 scatebant
716 2355 789 2418 viae;
813 2370 862 2408 nec
884 2354 982 2422 singuli

132 2444 361 2514 peregrinatores,
378 2445 449 2498 sieut
464 2445 553 2513 hodie,
570 2445 619 2498 sed
635 2447 803 2515 catervatim,
816 2448 899 2500 certis
915 2451 983 2501 tem-

133 2541 247 2610 poribus
268 2540 305 2594 ad
325 2543 402 2594 certa
422 2540 481 2593 loca
499 2541 642 2593 convenire
663 2541 788 2593 solebant
809 2544 982 2604 mercatores,

132 2650 202 2701 quos
229 2650 291 2702 spes
320 2632 389 2686 lucri
416 2632 453 2685 ad
481 2633 643 2702 longinquas
670 2634 793 2700 regiones
820 2631 982 2685 adduxerat.

133 2726 297 2792 Quinetiam,
307 2742 378 2795 quae
390 2742 435 2778 res
446 2726 558 2779 maximi
571 2729 614 2779 est
626 2725 766 2791 momenti,
776 2725 830 2777 vim
842 2725 982 2778 homiuum

131 2819 297 2872 incultorum
311 2823 340 2874 et
354 2821 390 2874 ad
405 2822 469 2875 lites
488 2821 674 2889 praedamque
692 2819 897 2888 propensiorum
914 2817 982 2871 nihil

132 2916 193 2966 erat
205 2913 280 2982 quod
292 2914 440 2980 cohiberet,
452 2915 504 2967 nisi
519 2913 615 2981 religio
630 2913 747 2965 numinis
760 2912 835 2980 quod
850 2911 938 2964 locum
953 2911 981 2962 111

132 3021 215 3073 quem
224 3010 386 3060 conventum
396 3010 456 3060 erat
465 3005 606 3061 custodire
613 3003 780 3075 putabatur.
798 3001 1005 3055 &laetantum

130 3100 173 3151 est
185 3103 215 3152 ut
228 3098 387 3173 ubieunque
400 3103 532 3174 gentium
546 3119 660 3174 magna
667 3101 876 3155 mercatorum
884 3089 1009 3142 emetat

118 3187 286 3262 frequentia,
306 3196 349 3254 ibi
370 3199 727 3312 claresepr‘ept'deopuunx
737 3187 877 3312 2³11&th
892 3176 1017 3231 (ΨΜ

763 3285 783 3312 =
