2040 3464
16 23 1014 43 ffl-

127 74 176 140 22'2
421 94 605 144 «σνοιουου
856 95 922 158 [111.

126 169 169 230 ὅτι
183 174 328 248 ἐκκομίσαι
341 200 372 232 τε
385 173 517 232 ἀδύνατον
532 175 573 249 εἴη
587 173 720 254 ἀνθρώπῳ
734 173 878 250 ἄνθρωπον
892 182 924 236 ἐκ

125 263 175 319 τοῦ
192 261 348 334 μέλλοντος
364 262 492 341 γίνεσθαι
509 261 681 341 πρήγματος,
701 262 747 320 καὶ
765 262 809 322 ὅτι
826 262 876 322 οὐκ
893 263 924 324 εὖ

124 347 302 422 τελευτήσειν
314 350 415 424 μέλλει
429 349 612 425 Πολυκράτης
626 349 759 428 εὐτυχέων
771 349 807 408 τά
821 350 924 422 πάντα,
983 425 986 434 J

124 434 156 498 ὃς
169 435 214 493 καὶ
230 435 265 494 τά
279 434 440 512 ἀποβάλλει
454 436 583 512 εὑρίσκει·
604 437 716 514 πέμψας
729 437 760 496 δέ
776 441 803 496 οἶ
817 437 923 514 κήρυκα

126 528 154 586 ἐς
179 522 275 599 Σάμον
299 523 463 584 διαλύεσθαι
489 526 544 600 ἔφη
567 523 619 600 τήν
643 525 752 601 ξεινίην.
799 524 861 608 [τοῦ
888 528 923 604 δή

126 611 215 670 εἵνεκα
237 615 324 670 ταῦτα
348 612 447 670 ε’ποίεε·
476 612 520 671 ἵνα
538 611 588 687 μή,
609 613 759 690 συντυχίης
781 612 871 689 δεινῆς
891 641 923 676 τε

126 700 171 758 καὶ
185 700 310 779 μεγάλης
327 698 511 776 Πολυκράτεα
528 699 753 775 καταλαβούσης,
770 700 852 764 αὐτάς
872 700 923 761 ἀλ·

124 787 222 869 γήσειε
234 789 285 863 τήν
298 788 391 866 ψυχήν
405 787 439 851 ὦς
451 788 515 863 περὶ
529 789 617 857 ξείνου
626 787 750 868 ἀνδρός]
837 860 841 866 ,

77 879 116 936 44
165 875 229 935 Ἐπὶ
242 880 340 935 τοῦτον
351 875 384 950 δή
400 875 436 934 ὧν
448 875 497 934 τάν
511 875 697 953 Πολυκράτεα
710 875 876 954 εὐτυχέοντα
886 877 922 938 τά

124 964 215 1023 πάντα
231 963 429 1040 ἐστρατεύοντο
442 963 663 1039 Λακεδαιμόνιοι,
678 966 923 1040 ἐπικαλεσαμένων

124 1057 178 1112 τῶν
196 1053 267 1128 μετά
285 1056 372 1110 ταῦτα
385 1052 528 1125 Κυδωνίην
544 1053 596 1127 τήν
612 1057 640 1111 ἐν
655 1051 753 1130 Κρήτη
768 1053 923 1113 κτισάντων

125 1143 245 1217 Σαμίων.
280 1139 463 1216 Πολυκράτης
483 1140 512 1198 δὲ
530 1142 643 1216 πέμψας
662 1140 737 1217 παραὶ
759 1140 922 1216 Καμβύσεα

123 1230 173 1289 τδν
191 1229 286 1306 Κύρου
303 1230 481 1309 συλλέγοντα
498 1228 620 1305 στρατδν
639 1228 679 1287 ἐπ’
697 1230 848 1309 Αἴγυπτον,
866 1230 922 1288 ἐδε-

123 1316 178 1392 ήθη
189 1317 256 1381 ὅκως
270 1316 303 1377 ἂν
314 1318 360 1375 καὶ
372 1316 436 1392 παρ’
448 1317 547 1374 ἑωυτὸν
556 1317 669 1394 πέμψας
682 1321 710 1380 ε’ς
724 1315 820 1392 Σάμον
830 1317 922 1377 δέοιτο

125 1410 256 1481 στρατοῦ·
278 1405 441 1480 Καμβύσης
458 1404 487 1462 δὲ
507 1402 630 1467 οἰκούσας
649 1403 752 1464 τούτων
772 1403 922 1481 προθύμως

125 1495 230 1572 έπεμψε
254 1500 281 1557 ἐς
304 1493 408 1569 Σάμον,
429 1491 557 1568 δεόμενος
581 1491 778 1569 Πολυκράτεος
798 1494 922 1569 στρατὸν

125 1582 252 1642 ναυτικάν
276 1581 335 1658 ἅμα
358 1582 467 1657 πέμψαι
494 1585 582 1659 ἑωυτῷ
605 1579 647 1638 ἐπ’
668 1581 819 1661 Αἴγυπτον·
848 1579 864 1640 ἀ
891 1582 921 1641 δὲ

125 1672 253 1739 ἐπιλέξας
278 1675 333 1728 τῶν
359 1669 453 1728 ἀστῶν
479 1668 543 1731 τούς
568 1667 712 1728 ὑπώπτευε
737 1667 866 1745 μάλιστα
894 1674 921 1733 ε’ς

126 1759 323 1824 ἐπανάστασιν,
340 1757 487 1833 ἀπέπεμπε
502 1756 710 1833 τεσσεράκοντα
727 1755 862 1833 τριήρεσι,
880 1761 920 1816 ε’ν-

124 1845 285 1921 τειλάμενος
298 1844 445 1922 Καμβύση
455 1843 547 1904 α’πίσω
559 1844 672 1908 τούτους
684 1844 723 1921 μή
735 1843 919 1920 ἀποπέμπειν.

78 1936 115 1992 45
126 1936 162 1991 Οἱ
174 1932 268 2009 μὲνδὴ
279 1934 397 2012 λέγουσι
409 1932 473 1995 τούς
484 1931 719 2008 ἀποπεμφθέντας
732 1933 843 2007 Σαμίων
853 1931 920 2013 [ἀπὸ

125 2018 332 2099 Πολυκράτεος]
347 2017 395 2077 ούκ
409 2018 559 2078 ἀπικέσθαι
573 2025 600 2082 ε’ς
613 2021 763 2101 Αἴγυπτον·
780 2018 846 2077 ἀλλ’
860 2019 922 2080 ε’πεί

124 2133 156 2167 τε
182 2108 307 2187 ε’γένοντο
331 2112 360 2165 ἐν
383 2106 527 2184 Καρπάθῳ
550 2108 690 2178 πλέοντες,
714 2107 810 2165 δοῦναί
831 2115 920 2183 σφισι

125 2195 211 2275 λόγον
224 2196 272 2252 καί
284 2201 339 2270 σφι
353 2194 426 2252 αἷδεῖν
436 2193 468 2253 τά
479 2197 645 2271 προσωτέρω
658 2195 757 2272 μηκέτι
769 2195 874 2254 πλέειν·
893 2200 921 2256 οἱ

125 2283 154 2341 δὲ
171 2282 289 2363 λέγουσι
305 2283 487 2358 ἀπικομένους
502 2307 532 2341 τε
549 2287 576 2345 ε’ς
589 2284 731 2363 Αἴγυπτον
747 2284 793 2341 καὶ
807 2288 921 2358 φυλασ-

125 2373 267 2446 σομένους,
286 2372 409 2430 ἐνθεῦτεν
429 2369 528 2433 αύτούς
544 2369 707 2447 ἀποδρῆναι·
729 2372 921 2432 καταπλέουσι

125 2459 155 2516 δὲ
171 2465 197 2521 ἐς
213 2460 263 2534 τήν
278 2459 373 2535 Σάμον
387 2458 571 2534 Πολυκράτης
585 2461 668 2533 νηυσὶ
681 2458 814 2522 ἀντιάσας
828 2463 855 2522 ἐς
867 2460 922 2535 μά·

124 2573 178 2624 χην
195 2550 325 2623 κατέστη·
345 2546 507 2621 νικήσαντες
525 2547 554 2605 δὲ
573 2549 600 2605 οἱ
618 2547 756 2610 κατιόντες
768 2546 923 2623 ἀπέβησαν

126 2640 154 2697 ἐς
170 2635 221 2710 τήν
237 2640 334 2710 νῆσον·
355 2633 601 2713 πεζομαχήσαντες
615 2635 644 2692 δὲ
662 2640 689 2693 ἐν
706 2634 777 2713 αὐτῇ
794 2634 921 2711 ἑσσώθη

126 2749 189 2783 σαν·
212 2726 256 2782 καὶ
274 2724 343 2783 οὕτω
358 2722 391 2798 δή
409 2725 509 2782 ἔπλεον
525 2728 552 2786 ε’ς
567 2724 771 2799 Λακεδαίμονα.
806 2724 875 2803 (εἰσὶ
891 2724 922 2784 δὲ

127 2812 154 2870 οἳ
168 2814 283 2892 λέγουσι
301 2811 364 2873 τούς
383 2809 429 2869 ἀπ’
443 2810 586 2891 Αἰγύπτου
599 2815 712 2885 νικῆσαι
725 2810 921 2888 Πολυκράτεα,

127 2900 264 2979 λέγοντες,
286 2899 347 2974 ε’μοὶ
367 2898 478 2968 δοκέειν,
500 2897 550 2956 ούκ
570 2898 666 2974 ὀρθῶς·
690 2896 768 2957 οὐδὲν
787 2898 842 2979 γάρ
865 2899 923 2960 ἔδεε

126 2989 219 3062 σφέας
243 2987 476 3062 Λακεδαιμονίους
503 2986 709 3055 ἐπικαλέεσθαι,
737 2986 813 3063 ε’ίπερ
840 2985 923 3048 αὐτοὶ

122 3076 213 3135 ἱκανοὶ
234 3074 308 3151 ἦσαν
328 3074 513 3152 Πολυκράτεα
532 3073 781 3150 παραστήσασθαι·
801 3074 873 3151 πρὸς
892 3075 923 3136 δὲ

106 3162 249 3236 τούτοισι,
259 3162 327 3225 ου’δέ
338 3162 429 3247 λόγος
442 3163 584 3244 αἱρέει,τῷ
595 3161 733 3240 ἐπίκουροί
745 3186 777 3220 τε
787 3164 924 3237 μισθωτοὶ

56 3228 76 3271 ἱ
97 3248 147 3306 ‘rac'
161 3252 285 3322 τοξόται
300 3254 412 3334 οἷκήῖοι
424 3254 505 3336 ἦσαν
517 3252 627 3324 πλήθεϊ
642 3249 752 3311 πολλάς
767 3252 864 3308 τοῖιτον
880 3248 940 3307 {mk
