2040 3464
122 106 169 155 ττι
427 109 610 159 ·ιιι>οιοτοτ
677 113 679 117 ·
859 109 917 173 [ιιι

123 188 222 242 ἐωυτοῦ
249 183 363 262 δύναμιν
388 188 571 265 περιέσεσθαι
596 193 647 264 τῆς
672 189 822 265 βασιλέος,
847 188 924 249 ἀλλά

123 272 270 347 φθονήσας
296 279 411 349 μᾶλλον
435 277 599 337 Συλοσῶντι
626 281 649 335 εἰ
676 276 795 352 ἀπονητὶ
822 279 925 352 ἔμελλε

121 357 345 437 ἀπολάμψεσθαι
370 362 498 440 ἀκέραιον
522 363 575 439 τήν
599 365 694 424 πόλιν.
735 365 866 441 ἐρεθίσας
888 365 927 428 ὧν

121 447 186 510 τους
199 451 322 523 Πέρσας,
337 451 416 509 ἔθελε
431 449 466 514 οἷς
479 450 673 511 ἀσθενέστατα
686 456 806 528 ποιῆσαι
819 453 856 512 τά
872 454 926 518 Σά-

121 561 174 613 μια
193 535 346 617 πρήγματα
366 539 413 597 καὶ
433 538 503 597 οὕτω
523 539 713 617 παραδιδόναι,
732 540 762 600 εὖ
779 542 927 610 ἐξεπιστά-

121 650 205 702 μενος
225 624 260 687 ὠς
275 625 411 689 παθόντες
432 629 458 684 οἱ
480 627 592 703 Πέρσαι
608 632 696 690 κακῶς
713 654 926 707 προσεμπικρα-

123 713 235 772 νέεσθαι
262 713 381 788 ἐμελλον
407 718 484 773 τοῖσι
511 715 653 790 Σαμίοισι·
683 715 761 778 εἶδός
779 742 812 776 τε
837 720 928 798 ἐωυτῷ

122 799 258 876 ἀσφαλέα
278 801 388 861 ἔκδυσιν
404 804 506 860 ἐοῦσαν
527 805 557 860 ἐκ
577 804 627 875 τῆς
647 799 736 875 νήσου
755 825 821 859 τοτε
841 806 927 868 &mir

121 888 204 950 αὐτός
217 888 367 965 βούληται·
390 888 537 963 ἐπεποίητο
551 887 605 968 γάρ
620 891 646 945 οἱ
660 886 766 964 κρυπτή
780 886 883 962 διώρυξ
895 893 927 948 ἐκ

124 1002 175 1051 της
193 976 362 1052 ἀκροπόλιος
378 976 507 1051 φέρουσα
521 976 566 1034 ἐπὶ
580 973 741 1034 θάλασσαν.
776 973 861 1038 αὗτδς
874 991 927 1050 μέν

123 1065 157 1140 δή
170 1065 186 1124 ἀ
200 1063 371 1140 Μαιάνδριος
385 1064 497 1122 ἐκπλέει
511 1068 541 1121 ἐκ
554 1067 604 1138 τῆς
618 1062 723 1138 Σάμου·
745 1061 811 1125 τους
825 1063 854 1121 δέ
869 1069 925 1122 ἐπι-

125 1152 239 1229 κούρους
251 1152 356 1214 πάντας
369 1150 492 1213 ὁπλίσας
505 1150 520 1209 ὁ
534 1151 679 1226 Χαρίλεως
693 1150 738 1208 καὶ
747 1149 925 1213 ἀναπετάσας

122 1241 172 1303 τοὶς
191 1241 290 1309 πάλας,
306 1241 385 1314 ἐξῆκε
402 1241 448 1298 ἐπὶ
468 1239 534 1301 τους
555 1239 671 1314 Πέρσας
690 1237 753 1297 οὔτε
770 1238 925 1314 προσδεκο-

123 1329 221 1403 μένους
239 1332 349 1387 τοιοῦτο
371 1326 449 1386 αι’·δέν
462 1326 607 1389 δοκέοντάς
618 1351 649 1384 τε
663 1324 697 1400 δή
710 1326 803 1386 πάντα
816 1330 924 1404 συμβε-

125 1416 221 1491 βάναι·
239 1415 405 1491 ἐμπεσόντες
420 1415 449 1472 δὲ
464 1418 490 1472 οἱ
504 1415 707 1490 ἐπίκουροιτῶν
717 1415 854 1490 Περσέων
862 1415 926 1478 τους

123 1504 395 1581 διφροφορευμένους
413 1528 444 1561 τε
460 1503 506 1559 καὶ
522 1502 610 1582 λόγου
623 1504 760 1560 πλείστου
775 1500 872 1565 ἐόντας
886 1504 925 1561 ἐκ·

123 1617 221 1651 τεινον.
264 1592 309 1648 καὶ
336 1588 412 1649 οὗτοι
438 1593 490 1666 μὲν
509 1594 597 1649 ταῦτα
622 1590 730 1648 ἐποίευν
751 1588 770 1663 ή
795 1589 826 1648 δέ
849 1584 927 1666 άλλη

124 1679 241 1756 στρατιή
263 1679 281 1754 ή
304 1679 432 1755 Περσική
461 1678 623 1753 ἐπεβοήθεε·
652 1676 824 1753 πιεζεύμενοι
846 1679 877 1737 δὲ
900 1682 926 1737 οἱ

125 1769 272 1843 ἐπίκουροι,
294 1766 385 1825 όπίσω
407 1766 614 1840 κατειλήθησαν
637 1771 664 1829 ἐς
685 1765 737 1840 τήν
758 1765 925 1842 ἀκρόπολιν.

77 1857 132 1916 147
143 1854 261 1929 Ὀτάνης
278 1855 307 1912 δὲ
326 1854 341 1912 ὁ
358 1854 518 1933 στρατηγός
538 1854 601 1913 ίδών
617 1854 706 1916 πάθος
721 1854 796 1932 μέγα
810 1856 927 1930 Πέρσας

124 1942 304 2010 πεπονθότας,
320 1941 434 2004 ἐντολάς
453 1968 483 2000 τε
499 1941 549 2003 τάς
568 1940 685 2017 Δαρεῖός
699 1945 727 2000 οἱ
739 1940 927 2002 ἀποστέλλων

125 2031 292 2098 ἐνετέλλετο,
310 2029 380 2104 μήτε
402 2030 516 2088 κτείνειν
535 2028 642 2104 μηδένα
662 2029 774 2104 Σαμίων
790 2029 864 2104 μήτε
881 2029 927 2090 ἀν-

124 2118 339 2195 δραποδίζεσθαι
349 2117 459 2176 ἀπαθέα
471 2142 501 2175 τε
512 2121 602 2175 κακῶν
613 2117 764 2175 ἀποδοῦναι
776 2117 829 2192 τήν
838 2122 928 2194 νῆσον

125 2210 294 2274 Συλοσῶντι,
315 2206 433 2264 τουτέων
451 2207 503 2281 μὲν
523 2208 578 2263 τῶν
598 2205 731 2264 ἐντολέων
751 2207 928 2282 μεμνημένος

125 2293 335 2362 ἐπελανθάνετο,
355 2293 370 2351 ὁ
391 2293 420 2350 δὲ
441 2292 613 2372 παρήγγειλε
631 2319 666 2370 τῃ
688 2297 817 2370 στρατιῇ,
835 2294 928 2354 πάντα

124 2383 173 2442 τδν
187 2381 220 2441 ἂν
234 2381 349 2455 λάβωσι
363 2381 408 2439 καὶ
422 2379 507 2456 ἀνδρα
524 2381 569 2437 καὶ
584 2381 671 2438 παῖδα
686 2378 787 2455 ὁμοίως
802 2382 928 2442 κτείνειν·

125 2472 242 2530 ἐνθαῦτα
254 2474 303 2545 τῆς
317 2473 450 2545 στρατιῆς
464 2472 490 2526 οἶ
504 2471 555 2544 μὲν
568 2468 619 2542 τήν
630 2465 786 2543 ἀκρόπολιν
798 2470 927 2547 ἐπολιόρ-

128 2585 189 2620 κεον
208 2562 234 2616 οἱ
255 2558 283 2616 δὲ
305 2559 422 2616 ἔκτεινον
441 2555 531 2615 πάντα
552 2556 602 2614 τόν
623 2555 749 2631 ἐμποδών
769 2555 928 2636 γινόμενον,

84 2650 135 2706 148
145 2647 244 2722 ὁμοίως
265 2648 293 2703 έν
308 2671 338 2703 τε
359 2649 406 2722 ἱρῷ
421 2645 466 2701 καὶ
480 2645 529 2712 ἔξω
545 2647 613 2720 ἱροῦ·
636 2643 807 2720 Μαιάνδριος
821 2644 845 2703 δ’
859 2645 929 2705 ἀπο·

124 2735 190 2810 δράς
211 2741 240 2793 ἐκ
256 2738 306 2809 τῆς
325 2734 422 2809 Σάμου
439 2734 549 2791 ἐκπλέει
564 2737 591 2793 ἐς
604 2732 809 2808 Λακεδαίμονα·
830 2732 929 2794 ἀπικό-

126 2849 208 2899 μενος
224 2821 246 2880 δ’
261 2827 288 2884 ἐς
307 2820 393 2895 αὐτήν
412 2821 457 2878 καὶ
476 2820 682 2896 ἀνενεικάμενος
695 2820 730 2878 τά
744 2821 815 2898 έχων
830 2822 930 2902 ἐξεχώ-

123 2936 202 2987 ρησε,
224 2911 313 2969 ἐποίεε
334 2909 435 2967 τοιάδε·
464 2909 533 2971 ὅκως
553 2907 673 2983 ποτήρια
693 2907 816 2987 ἀργύρεά
833 2936 864 2969 τε
884 2912 931 2970 καὶ

63 3003 68 3011 ’
125 2998 233 3076 χρύσεα
248 2999 389 3073 προθεῖτο,
404 3000 431 3055 οἱ
448 2999 500 3072 μέν
519 2996 684 3072 θεράποντες
701 2995 787 3055 αὑτοῦ
801 2997 930 3075 ἐξέσμων

121 3085 202 3159 αυίἀ,
220 3085 237 3148 ό
255 3085 284 3146 δὲ
298 3083 332 3145 ἂν
350 3085 399 3146 τδν
415 3084 517 3164 χρόνον
535 3087 635 3143 τοῦτον
654 3086 873 3162 τῷ,Κλεομένεῖ
892 3091 931 3167 τῷ

113 3173 343 3257 Ἀναξανδρίδεω
358 3180 387 3237 ἐν
401 3174 520 3257 λόγοισι
532 3170 931 3249 ἐκδαβασΰκειίουτιῖττάρῃῃ,

103 3272 231 3356 προῆγέ
255 3296 305 3351 ριν
325 3273 355 3333 ἐς
374 3266 417 3331 τιὶ
439 3264 525 3326 οἰκία·
547 3261 621 3322 διιως
637 3256 955 3330 mmmmm
