2040 3464
138 102 185 151 190
445 107 628 155 Ήνοιανοτ
882 102 933 168 [11.

137 205 186 240 σιν
199 182 415 243 καταπαύσοντα
428 185 551 265 λόγοισι·
573 184 589 244 ὁ
602 185 632 245 δὲ
651 184 714 243 ἐπεί
723 208 755 243 τε
771 181 937 258 ἀπικόμενος

138 267 336 343 κατελάμβανε
360 271 425 333 τούς
451 271 628 352 Αἰγυπτίους,
653 275 742 329 ταῦτα
767 270 808 346 μὴ
834 270 938 329 ποιέειν

139 354 270 435 λέγοντος
297 355 390 426 αύτοῦ,
414 362 469 417 τῶν
491 385 535 422 τις
558 359 716 439 Αἰγυπτίων
743 356 845 417 ὄπισθε
868 355 937 420 στάς

139 442 286 517 περιέθηκέ
304 446 332 502 οἰ
352 446 457 520 κυνέην,
472 447 518 504 καὶ
537 445 687 522 περιτιθεὶς
704 446 759 520 ἔφη
772 445 841 503 “ἐπί
853 446 937 520 βασι·

140 528 207 606 ληΐη
220 530 414 606 περιτιθέναι.”
450 534 496 591 καὶ
509 538 547 612 τῷ
561 532 593 592 ού
608 559 660 595 κως
673 532 821 591 ἀεκούσιον
834 532 940 612 ἐγίνετο

139 615 173 675 τό
187 616 358 694 ποιεύμενον,
372 619 408 683 ῶς
421 619 574 680 διεδείκνυε·
597 621 659 679 ἐπεί
669 646 700 678 τε
713 618 768 700 γάρ
783 619 941 695 ἐστήσαντό

141 729 189 780 μιν
208 706 335 780 βασιλέα
354 710 409 766 τῶν
428 710 585 788 Αἰγυπτίων
606 710 633 767 οἰ
656 707 836 776 ἀπεστεῶτες,
856 732 940 784 παρε·

141 791 291 864 σκευάζετο
312 795 348 859 ῶς
368 799 438 854 ἐλῶν
457 796 503 855 ἐπὶ
518 795 568 856 τόν
581 795 709 872 Ἀπρίην·
737 794 892 871 πυθόμενος
912 795 942 854 δὲ

141 884 229 939 ταῦτα
242 880 258 941 ἀ
270 880 395 959 Ἀπρίης,
410 884 515 960 ἔπεμπε
529 883 570 942 ἐπ’
580 884 707 960 Ἀμασιν
724 880 811 958 ἀνδρα
827 882 942 958 δόκιμον

141 970 196 1026 τῶν
215 969 279 1046 περὶ
300 970 398 1030 ἑωυτόν
411 971 576 1050 Αἰγυπτίων,
590 976 628 1050 τῷ
649 968 753 1046 ούνομα
773 970 808 1044 ἦν
827 970 940 1046 Πατάρ-

142 1057 238 1132 βημις,
266 1057 456 1134 ἐντειλάμενος
479 1058 550 1138 αύτῷ
571 1061 659 1130 ζῶντα
679 1058 807 1134 Ἀμασιν
827 1057 943 1138 ἀγαγεῖν

142 1142 207 1219 παρ’
222 1144 329 1205 ἑωυτόν·
351 1146 387 1208 ῶς
404 1147 433 1204 δὲ
451 1146 618 1224 ἀπικόμενος
638 1145 688 1205 τάν
704 1146 831 1221 ΙἈμασιν
845 1144 943 1204 ἐκάλεε
978 1206 982 1213 ,

143 1229 160 1290 ἀ
184 1232 381 1310 Πατάρβημις,
408 1234 424 1293 ὁ
445 1232 571 1310 Ἀμασις
595 1235 687 1314 (ἔτυχε
713 1235 769 1315 γάρ
791 1232 833 1291 ἐπ’
856 1234 943 1292 ἵππου

144 1319 306 1402 κατήμενος)
326 1321 430 1398 ἐπάρας
447 1321 630 1399 ἀπεματάϊσε,
646 1323 692 1380 καὶ
713 1319 796 1380 τοῦτό
817 1345 865 1397 μιν
887 1323 942 1379 ἐκέ-

143 1410 209 1468 λευε
231 1407 333 1488 Ἀπρίη
354 1409 481 1490 ἀπάγειν·
516 1409 588 1486 ὅμως
609 1410 639 1468 δὲ
665 1408 750 1468 αὐτόν
777 1407 871 1476 ἀξιοῦν
892 1408 943 1467 τδν

145 1494 342 1574 Πατάρβημιν,
361 1498 500 1572 βασιλέος
517 1497 777 1573 μεταπεμπομένου,
792 1496 860 1555 ἰέναι
874 1495 943 1571 πράς

145 1581 237 1644 αὐτόν·
258 1585 307 1644 τόν
325 1586 354 1644 δὲ
368 1585 440 1664 αύτῷ
459 1585 665 1662 ἀποκρίνεσθαι,
682 1584 717 1646 ῶς
730 1587 840 1642 “rafim
853 1583 944 1642 πάλαι

144 1672 365 1748 παρεσκευάζετο
399 1674 510 1743 ποιέειν,
538 1672 584 1730 καὶ
611 1671 683 1749 αύτῷ
716 1669 748 1730 ού
780 1670 944 1748 μέμψεσθαι

143 1756 271 1836 Ἀπρίην·
309 1760 485 1837 παρέσεσθαι
510 1760 565 1840 γάρ
593 1761 640 1818 καὶ
660 1757 742 1820 αύτδς
769 1759 815 1816 καὶ
838 1757 945 1822 ἀλλους

144 1844 244 1915 ἀξειν.”
280 1847 329 1907 τάν
350 1849 379 1907 δὲ
400 1848 591 1924 Πατάρβημιν
611 1850 640 1906 ἐκ
660 1871 691 1905 τε
710 1850 766 1906 τῶν
786 1846 945 1927 λεγομένων

145 1933 195 1992 οὐκ
221 1933 331 2015 ἀγνοεῖν
357 1934 408 2011 τὴν
435 1935 565 2005 διάνοιαν,
594 1936 639 1993 καὶ
666 1934 945 2011 παρασκευαζόμενον

145 2020 260 2097 ὀρέοντο
280 2024 389 2102 σπουδῇ
410 2022 528 2093 ἀπιέναι,
542 2023 718 2100 βουλόμενον
738 2023 790 2098 την
806 2023 945 2101 ταχίστην

144 2110 265 2184 βασιλέϊ
282 2112 408 2187 δηλῶσαι
425 2112 461 2171 τά
479 2111 675 2189 πρησσόμενα·
697 2110 732 2173 ῶς
749 2110 779 2169 δὲ
794 2109 946 2171 ἀπικέσθαι

146 2196 229 2258 αύτάν
255 2201 325 2277 πρός
344 2200 393 2260 τόν
412 2199 531 2276 Ἀπρίην
552 2199 601 2259 ούκ
622 2199 726 2280 ἄγοντα
745 2198 795 2258 τόν
809 2198 944 2275 Ἄμασιν,

146 2285 243 2345 οὐδένα
259 2288 346 2368 λόγον
367 2287 439 2367 αύτῷ
459 2287 542 2347 δόντα
563 2287 641 2346 ἀλλά
661 2287 818 2364 περιθύμως
837 2289 945 2366 ἔχοντα,

146 2380 307 2452 περιταμεῖν
331 2375 490 2453 προστάξαι
516 2375 600 2435 αὐτοῦ
627 2373 663 2434 τά
685 2400 716 2434 τε
741 2375 797 2433 ὦτα
824 2377 871 2433 καὶ
895 2376 946 2451 την

146 2465 217 2539 ῥῖνα·
240 2464 360 2541 ἰδόμενοι
373 2464 395 2524 δ’
411 2468 438 2524 οἱ
455 2464 552 2523 λοιποὶ
566 2468 622 2524 τῶν
634 2464 801 2543 Αἰγυπτίων,
816 2463 843 2522 οἲ
859 2463 898 2523 ἐτι
911 2464 946 2523 τά

147 2551 251 2611 ἐκείνου
279 2552 419 2629 ἐφρόνεον,
448 2550 534 2629 ἀνδρα
560 2551 610 2613 τάν
633 2551 823 2629 δοκιμώτατον
843 2554 948 2611 ἑωυτῶν

149 2640 219 2698 οὕτω
239 2643 361 2720 αἰσχρῶς
377 2640 453 2718 λύμη
475 2640 654 2717 διακείμενον,
670 2639 768 2699 ούδένα
789 2639 823 2714 δὴ
844 2637 946 2717 χρόνον

148 2727 310 2807 ἐπισχόντες
328 2728 481 2789 ἀπιστέατο
499 2729 570 2807 πρός
585 2727 650 2792 τούς
668 2728 784 2805 ἐτέρους,
798 2726 844 2787 καὶ
863 2727 946 2786 ἐδίδο-

103 2817 223 2879 163σαν
253 2817 345 2892 σφέας
371 2816 470 2880 αύτούς
498 2815 612 2893 Ἀμάσι.
656 2813 819 2892 Πυθόμενος
846 2813 876 2874 δὲ
902 2815 948 2873 καὶ

147 2904 263 2964 ταῦταὸ
276 2903 400 2982 Ἀπρίης,
415 2904 518 2975 ὥπλιζε
531 2904 596 2967 τούς
610 2903 770 2981 ἐπικούρους
784 2903 830 2962 καὶ
843 2901 947 2978 ἤλαυνε

148 2993 193 3052 ἐπὶ
206 2992 270 3056 τούς
282 2993 458 3073 Αἰγυπτίους·
480 2992 539 3072 εἶχε
559 2992 589 3051 δὲ
606 2992 671 3069 περὶ
690 2991 790 3052 ἑωυτόν
806 2988 905 3066 Κᾶράς
916 3013 948 3050 τε

141 3081 191 3139 καὶ
205 3079 302 3144 Ἴωνας
320 3079 421 3159 ἄνδρας
436 3079 596 3158 ἐπικούρους
613 3081 801 3157 τρισμυρίους·
823 3077 859 3154 ἦν
875 3077 906 3138 δέ
920 3080 946 3136 οἱ

129 3167 168 3226 τά
174 3170 331 3249 βασιληία
346 3175 378 3233 ἐν
392 3168 448 3239 Σάἳ
460 3168 541 3246 πόλι,
558 3167 669 3252 μεγάλα
684 3167 766 3227 ἐόντα
780 3168 827 3226 καὶ
841 3165 948 3235 ἀξιοθέ-

49 3234 54 3263 Ι
115 3277 184 3330 ητα.
229 3261 284 3321 καὶ
309 3262 343 3324 οἵ
361 3289 398 3326 τε
417 3261 490 3335 περὶ
508 3261 564 3324 τὸν
581 3257 707 3334 Ἀπρίην
729 3254 778 3312 ἐπὶ
796 3250 864 3312 πόλις
885 3253 963 3325 Ἀλκμ-
