2040 3464
96 100 238 165 142-144]
418 104 581 151 ΕΪΤΕΡΙΙΠ.
850 109 897 158 179

93 180 187 239 σίοισί
195 205 228 238 τε
246 181 293 238 καὶ
310 180 519 257 τεσσεράκοντα
541 183 636 261 ἔλεγον
652 180 716 239 θεόν
730 180 897 256 ἀνθρωποει-

93 265 144 324 δέα
156 265 255 326 οιίδένα
267 268 408 347 γενέσθαι·
431 267 463 327 οὐ
481 269 577 342 μέντοι
597 266 659 326 οὐδὲ
677 267 899 343 πρότερον,οάδὲ

93 351 212 430 ὕστερον
232 359 262 415 ἑν
281 358 358 414 τοῖσι
375 355 559 414 ὑπολοίποισι
578 355 722 435 Αἰγύπτου
739 356 899 430 βασιλεῦσι

92 442 277 521 γενομένοισι,
292 443 389 523 ἔλεγον
402 446 528 502 τοιοῦτον
543 442 630 501 οὐδέν.
663 447 691 501 ἐν
704 443 796 502 τοίνυν
809 442 898 524 τούτῳ

93 534 132 608 τῷ
143 529 233 610 χρόνῳ
245 530 371 607 τετράκις
385 533 482 611 ἔλεγον
497 533 528 598 ἐξ
540 529 628 605 ήθέων
638 529 688 590 τόν
701 530 782 606 ἥλιον
792 528 897 591 ἀνατεῖ-

93 621 144 676 λαι
157 619 235 695 (ἔνθα
247 644 278 676 τε
291 623 340 677 νῦν
353 618 517 677 καταδύεται
536 619 660 677 ἐνθεῦτεν
674 618 715 681 δὶς
729 621 897 690 ἐπαντεῖλαι,

95 706 140 762 καὶ
154 707 230 765 ἔνθεν
243 711 292 766 νῦν
306 706 455 765 ἀνατέλλει
472 707 590 766 ἐνθαῦτα
604 707 645 769 δὶς
659 707 831 785 καταδῦναι·)
852 708 899 766 καί

94 792 173 853 οὐδὲν
191 799 248 854 τῶν
268 793 327 853 κατ’
348 795 491 875 Αἴγυπτον
511 793 566 853 ἀπό
586 797 675 854 ταῦτα
696 795 897 871 ἑτεροιωθῆναι,

94 878 157 940 οὔτε
175 881 211 940 τοὶ
231 884 261 940 ἑκ
281 884 332 957 τῆς
352 886 405 962 γῆς
427 879 490 941 οὔτε
509 882 546 941 τά
568 887 599 941 εἰς
619 887 669 941 τοῦ
691 886 820 958 ποταμοῦ
840 889 897 958 σφι
929 888 934 896 ’

92 968 226 1049 γινόμενα
245 968 309 1028 οὔτε
329 970 365 1030 τιί
377 968 453 1046 ἀμφὶ
474 969 591 1034 νούσους
612 968 675 1030 οὔτε
694 969 730 1029 τά
749 970 819 1029 κατά
835 971 899 1034 τούς

94 1055 238 1120 θανάτους.
279 1057 425 1134 Πρότερον
441 1057 471 1116 δὲ
483 1056 620 1137 Ἑκαταίῳ
638 1063 677 1135 τῷ
693 1061 835 1137 λογοποιῷ
848 1063 877 1117 ε’ν
887 1061 942 1117 143

93 1142 211 1222 Θήβησι
229 1144 472 1226 γενεηλογήσαντί
489 1170 521 1204 τε
541 1145 642 1204 ἑωυτόν
661 1144 706 1202 καὶ
727 1144 898 1220 ἀναδήσαντι

92 1231 145 1306 τήν
157 1232 278 1310 πατριήν
292 1238 320 1296 ἐς
338 1233 529 1292 ἑκκαιδέκατον
546 1232 617 1301 θεόν,
638 1228 774 1306 ἰποιήσαν
788 1235 814 1290 οἰ
829 1233 898 1308 ἱρέες

92 1323 143 1377 τοῦ
157 1320 225 1383 Διός
239 1319 298 1380 οἰόν
310 1346 338 1379 τι
357 1321 402 1379 καὶ
421 1321 484 1396 ἐμοὶ
501 1319 533 1379 ού
546 1318 786 1400 γενεηλογήσαντι
800 1324 896 1396 ε’μεωυ-

92 1405 152 1466 τόν·
180 1408 368 1491 ἐσαγαγόντες
387 1412 415 1472 ἐς
431 1408 464 1467 τό
483 1407 606 1488 μέγαρον
621 1409 683 1476 ἔσω,
700 1406 745 1466 ἐόν
757 1407 839 1487 μέγα,
854 1408 895 1477 ἑξ-

92 1495 225 1571 ηρίθμεον
244 1496 396 1558 δεικνύντες
418 1495 578 1558 κολοσσούς
597 1494 724 1565 ξυλίνους
743 1494 895 1559 τοσούτους

92 1582 178 1647 ὅσους
203 1609 257 1660 περ
283 1583 371 1643 εἶπον·
402 1583 543 1662 ,ἀρχιρεῦς
569 1583 624 1664 γάρ
656 1583 773 1645 ἕκαστος
799 1581 897 1643 αὐτόθι

93 1671 206 1731 ἵσταται
219 1672 265 1730 ε’πὶ
277 1676 328 1747 τῆς
341 1675 442 1730 ἑωυτοῦ
459 1671 523 1746 ζόης
543 1669 634 1731 εἰκόνα
653 1674 762 1729 ἑωυτοῦ·
784 1668 895 1747 ἀριθμέ-

64 1791 66 1794 >
92 1783 169 1823 οντες
188 1758 225 1818 ὦν
244 1759 290 1818 καὶ
306 1760 457 1821 δεικνύντες
473 1763 500 1818 οἱ
519 1759 588 1836 ἱρέες
608 1759 678 1835 ἐμοὶ,
696 1758 896 1819 ἀπεδείκνυσαν

91 1847 298 1925 παῖδα,πατρός
312 1851 416 1906 ἑωυτῶν
430 1848 549 1906 ἑκαστον
563 1846 651 1915 ἐόντα,
667 1852 696 1904 ἐκ
709 1849 759 1905 τοῦ
772 1845 896 1926 ἄγχιστα

91 1933 282 1998 ἀποθανόντος
301 1940 352 2010 τῆς
373 1935 476 1997 εἰκόνος
492 1935 637 2004 διεξιόντες
654 1935 699 1992 διά
719 1934 832 1993 πασέων
845 1936 893 1997 ἕως

92 2019 125 2080 οὗ
145 2022 282 2093 ἀπέδεξαν
303 2023 417 2085 ἀπάσας
438 2023 531 2086 αὐτάς·
559 2023 695 2102 Ἑκαταίῳ
716 2023 746 2081 δὲ
765 2027 895 2103 γενεηλο-

90 2109 212 2190 γήσαντι
246 2110 346 2170 ἑωυτόν
376 2111 422 2169 καὶ
452 2110 622 2186 ἀναδήσαντι
650 2116 677 2173 ές
704 2111 895 2171 ἑκκαιδέκατον

91 2197 165 2268 θεόν,
183 2198 459 2279 ἀντεγενεηλόγησαν
478 2200 523 2258 ἐπὶ
542 2204 578 2277 τῇ
599 2198 751 2276 ἀριθμήσει
771 2198 803 2258 οιί
819 2198 893 2259 δεκό-

89 2312 169 2362 μενοι
195 2286 260 2364 παρ’
288 2286 372 2346 αὐτοῦ
400 2286 455 2345 ἀπό
484 2288 549 2346 θεοῦ
577 2288 710 2367 γενέσθαι
739 2284 893 2362 ἄνθρωπον·

90 2374 365 2455 ἀντεγενεηλόγησαν
395 2374 424 2433 δὲ
454 2373 512 2447 ὧδε,
543 2374 663 2450 φάμενοι
693 2374 812 2433 ἕκαστον
838 2379 893 2435 τῶν

91 2468 241 2523 κολοσσῶν
269 2464 397 2539 Πίρωμιν
424 2467 454 2521 ἐκ
482 2463 625 2539 Πιρώμιος
651 2463 803 2543 γεγονέναι,
828 2461 894 2525 έςό

90 2551 157 2614 τούς
175 2551 257 2610 πέντε
274 2552 321 2608 καὶ
338 2550 547 2628 τεσσεράκοντα
568 2552 613 2609 καὶ
633 2550 809 2626 τριηκοσίους
827 2547 893 2609 ἀπέ-

90 2637 171 2707 δεξαν
192 2637 353 2701 κολοσσούς
373 2639 501 2714 Πίρωμιν
522 2643 552 2696 ἐκ
573 2637 716 2714 Πιριύμιος
734 2635 892 2717 γενόμενον,

89 2727 136 2783 καὶ
162 2724 225 2785 οὕτε
252 2731 279 2789 ἐς
300 2725 365 2797 θεόν
388 2723 451 2785 ούτε
474 2731 501 2788 ἐς
521 2725 598 2800 ἥρωα
624 2725 763 2799 ἀνέδησαν
784 2723 892 2790 αὐτούς·

90 2815 216 2891 Πίρωμις
246 2814 278 2872 δέ
307 2818 368 2873 ε’στι
397 2811 456 2873 κατ’
482 2812 609 2871 Ἐλλάδα
638 2816 777 2892 γλῶσσαν
806 2813 893 2877 καλός

89 2900 220 2982 κάγαθός.
243 2899 319 2976 Ἤδη
342 2900 379 2959 ὧν
398 2904 453 2960 τῶν
474 2903 504 2959 αἰ
524 2900 623 2964 εἰκόνες
641 2900 716 2975 ἦσαν
732 2900 936 2964 τοιούτους144

88 2988 290 3048 ἀπεδείκνυσοίν
304 2995 396 3064 σφεας
411 2987 517 3051 πάντας
536 2987 638 3058 ἐόντας,
653 2989 723 3048 θεῶν
739 2988 769 3046 δὲ
781 2988 892 3048 πολλόν
923 3034 928 3040 ·

88 3074 334 3155 ἀπαλλαγμένους·
354 3076 387 3134 τό
400 3075 430 3135 δὲ
445 3075 650 3152 πρότεροντῶν
669 3074 774 3153 ἀνδρῶν
785 3074 890 3136 τούτων

88 3163 168 3226 θεούς
194 3164 263 3222 εἰναι
285 3162 350 3226 τούς
374 3167 405 3222 ἑν
426 3161 562 3248 Αἰγύπτῳ
591 3162 746 3245 όρχοντας,
765 3163 916 3222 οἰκέοντας

78 3247 138 3320 ἅμα
159 3253 237 3308 τοῖσι
266 3250 460 3332 ἀνθρώποισι·
499 3255 548 3316 καὶ
574 3255 688 3318 τούτων
718 3251 780 3313 αἰεὶ
798 3249 859 3307 ιἐνα
883 3240 939 3302 τὶν
