2040 3464
8 23 987 59 ’.ἡ

129 97 177 143 110
437 99 619 147 ἭνοΔοςου
876 99 927 163 [IL

128 175 265 252 τημέρους
277 175 392 256 ἄγοντες
403 177 467 239 τούς
479 177 600 236 δυώδεκα
612 181 710 254 μῆνας,
725 177 863 259 ἐπάγουσι
876 178 929 239 ἆνεέ

130 266 187 320 πᾶν
200 263 258 324 ἔτος
272 264 354 322 πέντε
366 264 470 339 ἡμέρας
482 264 572 340 πάρεξ
587 268 638 324 τοῦ
652 264 781 341 ἀριθμοῦ·
809 266 858 324 καί
873 273 929 341 σφι

130 348 148 408 o‘
168 348 268 413 κύκλος
286 355 340 410 τῶν
358 351 447 433 ώρέων
463 357 490 414 ἐς
505 351 592 411 τώυτδ
612 352 725 429 περιϊών
738 354 928 432 παραγίνεται.

129 435 250 496 δυώδεκά
261 463 292 497 τε
306 439 375 499 θεῶν
388 439 541 514 ἐπωνυμίας
554 440 651 519 ἔλεγον
663 439 787 515 πρώτους
797 441 930 520 Αἷγυπτί·

131 550 179 587 ους
190 526 312 600 νομίσαι,
334 527 380 584 καὶ
389 527 534 602 Ἕλληνας
551 527 628 603 παρὰ
648 527 744 601 σφέων
764 525 927 603 ἀναλαβεῖν·

131 611 245 688 βωμούς
263 638 295 671 τε
313 615 359 672 καὶ
374 613 526 694 ἀγάλματα
543 614 589 672 καὶ
612 613 693 689 νηούς
713 615 805 673 θεοῖσι
820 614 930 674 ἀτονεῖ·

130 724 182 774 μαι
203 700 296 775 σφέας
315 701 447 776 πρώτους,
465 701 511 758 καὶ
528 701 583 771 ζῶα
605 706 634 760 ἐν
651 702 759 760 λίθοισι
781 700 928 782 ἐγγλύψαι

132 788 178 845 καὶ
200 787 303 848 τούτων
323 790 375 864 μέν
395 815 443 848 νυν
462 788 497 848 τοὶ
519 790 596 846 πλέω
620 790 689 868 ἔργῳ
716 788 834 863 ἐδήλουν
859 788 931 848 οὕτω

130 874 273 955 γενόμενα·
301 878 478 952 βασιλεῦσαι
493 875 522 934 δὲ
539 879 649 952 πρώτον
665 875 809 956 Αἰγύπτου
825 876 930 953 οἷνθρώ-

131 988 190 1022 πων
204 964 300 1043 ἔλεγον
313 968 408 1038 Μήνα·
432 965 478 1022 ἐπὶ
493 962 600 1033 τούτου,
621 963 698 1038 πλήν
715 967 765 1022 τοῦ
784 966 930 1038 Θηβαϊκοῦ

131 1054 218 1126 νομοῦ
235 1055 332 1110 πᾶσαν
350 1052 492 1131 Αἴγυπτον
508 1050 577 1109 εἶναι
595 1050 666 1112 ἕλος·
697 1052 743 1109 καὶ
763 1050 847 1126 αύτῆς
861 1052 930 1111 εἶναι

132 1137 210 1197 οὐδὲν
225 1137 360 1216 ύπερέχον
376 1142 430 1197 τῶν
448 1141 497 1197 νῦν
515 1138 606 1213 ἔνερθε
625 1139 726 1213 λίμνης
743 1142 793 1214 τῆς
811 1139 930 1216 Μοίριος

133 1223 240 1285 ἐόντων·
269 1231 296 1288 ἐς
312 1225 364 1301 τήν
379 1223 520 1286 ἐνόπλους
537 1225 593 1285 όπδ
612 1225 761 1301 θαλάσσης
782 1225 850 1285 ἐπτᾶ
864 1227 930 1303 ήμε-

105 1313 200 1389 ὅρέων
220 1314 281 1372 ἐστὶ
304 1313 357 1372 α’νοὶ
376 1312 425 1371 τόν
444 1312 581 1388 ποταμόν.
624 1314 681 1371 Καὶ
703 1314 732 1371 εὖ
752 1339 802 1388 μοι
820 1313 930 1375 ἐδόκεον

131 1400 225 1481 λέγειν
237 1402 301 1478 περὶ
314 1404 365 1475 τῆς
383 1399 481 1477 χώρης·
511 1400 585 1475 δῆλα
602 1401 656 1480 γὰρ
676 1401 709 1476 δή
727 1402 773 1460 καὶ
790 1401 830 1477 μή
843 1427 930 1478 προα-

133 1488 265 1548 κούσαντι
282 1487 366 1547 ἰδόντι
380 1489 417 1557 δὲ,
439 1487 519 1549 ὅστις
534 1512 567 1567 γε
581 1488 695 1547 σύνεσιν
712 1490 775 1566 ἔχει,
789 1487 832 1547 ὅτι
845 1490 930 1570 Αἴγυ

131 1601 208 1646 πτος,
238 1581 266 1638 ἐς
292 1575 345 1651 τήν
367 1573 506 1649 Ἕλληνες
528 1575 734 1646 ναυτίλλονται,
762 1576 822 1634 ἐστι
846 1581 930 1658 Αἰγο-

131 1663 240 1723 πτίοισι
253 1662 397 1738 ἐπίκτητός
408 1687 439 1722 τε
449 1666 487 1742 γῆ
502 1663 547 1720 καὶ
560 1662 647 1739 δῶρον
654 1667 704 1721 τοῦ
718 1667 855 1739 ποταμοῦ·
884 1667 930 1724 καὶ

130 1750 166 1810 τὰ
186 1750 340 1827 κατύπερθε
365 1750 405 1808 ἔτι
425 1753 476 1825 τῆς
495 1750 596 1826 λίμνης
619 1748 720 1824 ταύτης
743 1751 827 1829 μέχρι
846 1757 930 1828 τριῶν

130 1839 253 1916 ἡμερέων
268 1837 369 1908 πλόου,
386 1841 437 1912 τῆς
452 1837 517 1914 πέρι
530 1842 628 1897 ἐκεῖνοι
641 1837 719 1897 ούδὲν
732 1839 772 1897 ἐτι
796 1838 925 1923 [τοιόνδε]

131 1928 236 2007 ἔλεγον·
265 1925 361 1985 ἔστιδ’
375 1925 467 2000 ἕτερον
479 1929 614 1984 τοιοῦτον.

170 2007 314 2095 Αἰγύπτου
342 2012 398 2092 γὰρ
425 2011 512 2087 φύσις
543 2016 594 2086 τῆς
622 2012 714 2091 χώρης
740 2013 802 2074 ἐστὶ
826 2015 929 2091 τοιήδε·

130 2107 227 2180 πρῶτα
242 2105 294 2179 μὲν
311 2102 488 2178 προσπλέων,
507 2100 546 2160 ἐτι
567 2101 613 2159 καὶ
630 2100 734 2178 ἡμέρης
747 2100 850 2179 δρόμον
864 2103 930 2165 α’πέ-

129 2217 187 2270 χων
213 2189 268 2250 όπδ
294 2194 355 2271 γῆς,
386 2189 477 2251 κατεὶς
503 2188 751 2265 καταπειρητηρίην
781 2190 874 2265 πηλόν
898 2217 930 2252 τε

130 2279 251 2342 ἀνοίσεις
267 2279 313 2337 καὶ
337 2282 366 2336 ἐν
388 2277 483 2335 ἕνδεκα
504 2275 634 2357 ὀργυιῇσι
656 2278 741 2336 ἔσεαι.
775 2282 858 2337 τοῦτο
878 2280 930 2355 μέν

103 2368 176 2427 6ἐπὶ
188 2369 310 2426 τοσοῦτο
323 2364 407 2441 δηλοῖ
417 2363 557 2444 πρόχυσιν
568 2368 619 2439 τῆς
631 2368 684 2444 γῆς
697 2367 808 2424 ἐοῦσαν.
837 2365 930 2442 Αύτῆς

131 2455 161 2514 δὲ
180 2459 231 2530 τῆς
250 2451 394 2534 Αἰγύπτου
416 2452 478 2511 ἐστὶ
502 2455 592 2528 μῆκος
614 2452 647 2511 τό
674 2451 751 2528 παραὶ
777 2451 931 2515 θάλασσαν

132 2541 266 2617 ἐξήκοντα
286 2543 405 2619 σχοῖνοι,
425 2539 500 2599 κατιῖ
518 2538 601 2616 ἡμέες
620 2539 775 2616 διαιρέομεν
796 2540 866 2600 εἶναι
881 2542 931 2600 Αἵ·

130 2656 236 2712 γυπτον
250 2628 305 2689 dud
320 2632 370 2688 τοῦ
389 2626 580 2703 Πλινθινήτεω
599 2626 707 2687 κόλπου
719 2627 804 2706 μέχρι
817 2629 931 2706 Σερβω-

133 2719 207 2782 νίδος
218 2719 326 2794 λίμνης,
339 2715 404 2794 παρ’
417 2715 453 2791 ἣν
465 2716 497 2775 τό
512 2713 622 2776 Κάσιον
635 2713 699 2792 ὅρος
716 2717 806 2776 τείνει·
828 2716 931 2793 ταύτης

131 2805 168 2866 ὧν
191 2804 247 2865 ἄπο
270 2808 297 2865 οἱ
324 2803 456 2880 ἐξήκοντα
476 2803 590 2881 σχοῖνοί
614 2805 678 2861 εἶσι·
713 2803 778 2863 ὅσοι
804 2796 930 2885 μὲνγὰρ

130 2894 278 2974 γεωπεῖναί
289 2897 343 2953 εἶσι
356 2890 513 2976 ἀνθρώπων,
531 2889 662 2970 ὀργυιῇσι
673 2891 866 2969 μεμετρήκασι
879 2890 930 2967 τήν

114 2981 227 3058 χώρην·
255 2980 322 3042 ὅσοι
343 2980 374 3041 δέ
386 2976 481 3057 ἧσσον
501 2982 655 3060 γεωπεῖναι,
678 2979 829 3038 σταδίοισι·
854 2978 882 3039 οἳ
900 2981 930 3041 δέ

107 3070 230 3146 πολλήν
248 3072 363 3152 ἔχουσι,
380 3067 604 3152 παρασάγγῃσι·
623 3066 651 3128 ολ
667 3066 702 3126 δε
719 3065 842 3142 δωδουου
858 3068 939 3141 λίιμ,

91 3158 265 3232 σχοίνοισι
311 3161 442 3226 δύναται
455 3161 487 3223 δὲ
502 3159 520 3224 ὁ
537 3163 587 3240 μὶν
602 3150 963 3238 παρυσύγγηῖτυῑῆῑῦνῖθ·

78 3242 211 3317 πᾶδια,
229 3251 299 3314 6δέ
311 3259 450 3338 σχοῖνος
463 3254 609 3324 ἕκαστος,
626 3250 732 3329 μέτρον
749 3242 798 3305 ’ὧν
816 3235 985 3316 Κῴων*
