2040 3464
79 107 188 168 ιιι-τι]
303 105 305 115 ·
369 106 593 155 νακοονονιῑ.
832 105 878 150 ον.

80 182 127 240 καὶ
141 181 261 263 ὀλίγους,
276 182 311 246 αϊς
324 183 432 248 Σκύθας
451 184 528 244 εἶναι.
568 183 686 244 τοσόνδε
701 183 797 260 μέντοι
815 181 881 245 άπέ·

80 269 182 344 φαινόν
205 296 254 345 μοι
277 275 304 332 ε’ς
326 269 400 348 ὄψιν·
426 272 486 330 ἔστι
508 271 612 347 μεταξῦ
636 269 827 348 Βορυσθένεός
848 294 880 330 τε

80 361 209 433 ποταμοῦ
237 357 282 415 καὶ
308 357 438 420 Ὑπάνιος
464 363 562 436 χῶρος,
585 357 691 434 ούνομα
713 357 744 416 δέ
767 358 797 416 οἷ
817 361 879 416 ε’στι

79 442 260 520 Ἐξαμπαῖος·
282 449 332 504 τοῦ
346 447 392 503 καὶ
404 445 490 526 ὀλίγῳ
503 471 531 505 τι
543 444 678 522 πρότερον
693 445 796 504 τούτων
811 443 879 520 μνή-

80 557 137 610 μην
158 532 242 610 εἶχον,
257 531 381 609 φάμενος
402 537 431 590 ἐν
451 532 523 611 αύτῷ
543 533 646 610 κρήνην
665 531 763 595 ύδατος
778 535 877 609 πικροῦ

82 618 161 688 εἶναι,
180 619 227 677 ἀπ’
245 618 279 695 ἧς
291 620 324 679 τὸ
338 619 409 696 ὕδωρ
427 619 566 697 ἀπορρέον
578 620 628 679 τὸν
643 618 763 678 Ὕπανιν
775 618 880 678 ἄποτον

80 707 185 766 ποιέειν
222 712 251 766 ἐν
264 707 351 787 τούτῳ
363 711 402 785 τῷ
414 707 494 786 χιύρῳ
508 708 598 767 κέεται
610 706 756 785 χαλκήϊον,
764 705 880 786 μεγάθεϊ

81 795 128 852 καὶ
139 795 311 870 ἑξαπλήσιον
317 799 367 856 τοῦ
379 795 423 854 ἐπὶ
431 796 553 871 στόματι
559 799 609 854 τοῦ
617 794 729 854 Πόντου
737 797 879 870 κρητῆρος,

80 881 131 941 τάν
152 884 315 959 Παυσανίης
335 883 352 942 ὁ
372 882 580 959 Κλεομβρότου
600 882 724 956 α’νέθηκε·
745 880 776 943 ῦς
793 881 822 939 δὲ
839 881 879 958 μή

82 968 139 1028 εἶδέ
147 995 185 1028 κω
194 974 300 1044 τοῦτον,
311 967 362 1029 ὧδε
372 970 500 1046 δηλώσω·
514 970 674 1039 ἑξακοσίους
687 964 831 1046 ἀμφορέας
840 969 880 1028 εύ-

81 1058 184 1119 πετέως
196 1059 293 1135 χωρέει
306 1057 339 1117 τά
353 1062 382 1116 έν
396 1057 522 1136 Σκύθῃσι
534 1057 681 1136 χαλκήϊον.
702 1057 792 1134 πάχος
805 1057 835 1115 δέ
844 1056 877 1116 τδ

83 1145 219 1207 Σκυθικόν
232 1150 314 1204 τοῦτο
325 1145 462 1223 χαλκήῖόν
473 1151 533 1204 ε’στι
544 1145 686 1204 δακτύλων
697 1145 738 1225 έξη
750 1149 832 1203 τοῦτο
844 1142 880 1204 ὦν

82 1232 179 1312 ἔλεγον
189 1237 215 1291 οἱ
226 1231 368 1311 ε’πιχιύριοι
378 1231 432 1292 ἀπά
443 1232 542 1309 ἀρδίων
552 1232 692 1312 γενέσθαι·
706 1231 881 1307 βουλόμενον

81 1319 137 1399 γαϊρ
145 1320 194 1379 τάν
202 1322 342 1398 σφέτερον
350 1321 484 1397 βασιλέα,
490 1324 527 1397 τῷ
536 1318 640 1394 οῦνομα
649 1318 717 1378 εἶναι
724 1318 879 1395 Ἀριαντάν,

81 1411 181 1467 τοῦτον
195 1408 293 1468 εἰδέναι
305 1407 338 1467 τδ
351 1408 461 1483 πλῆθος
474 1412 528 1467 τῶν
547 1407 680 1475 Σκυθέων,
696 1405 816 1464 κελεύειν
833 1433 881 1484 μιν

82 1494 187 1558 πάντας
201 1496 310 1560 Σκύθας
324 1492 402 1573 ἄρδιν
421 1496 539 1554 ἕκαστον
556 1496 623 1571 μίαν
641 1493 696 1552 ἀπιϊ
715 1497 765 1553 τοῦ
782 1493 881 1553 ὀϊστοῦ

83 1584 207 1657 κομίσαι·
223 1583 252 1645 ὃς
265 1583 288 1642 δ’
302 1581 336 1642 ἂν
348 1583 388 1658 μή
404 1583 516 1660 κομίσῃ,
532 1582 651 1642 θάνατον
664 1581 785 1640 ἀπείλεε·
804 1607 880 1656 κομι-

82 1670 189 1743 σθῆναί
197 1696 229 1728 τε
243 1671 276 1745 δή
290 1674 387 1749 χρῆμα
400 1670 512 1729 πολλόν
524 1669 632 1745 ἀρδίων,
647 1671 696 1728 καί
712 1672 739 1728 οἱ
774 1668 835 1738 ύξαι
851 1670 882 1739 έξ

82 1756 185 1816 αύτέων
198 1757 379 1835 μνημόσυνον
391 1756 542 1832 ποιήσαντι
555 1757 699 1816 λιπέσθαι·
721 1762 751 1816 ἐκ
764 1757 880 1816 τουτέων

82 1843 118 1918 δή
129 1870 178 1919 μιν
191 1844 224 1904 vd
239 1845 377 1923 χαλκήϊον
392 1849 511 1920 ποιῆσαι
526 1849 618 1918 τοῦτο,
633 1846 678 1903 καὶ
698 1843 838 1903 α’ναθεϊναι
852 1849 879 1908 ε’ς

81 1932 131 1990 τάν
143 1931 316 2008 Ἐξαμπαῖον
328 1937 436 1992 τοῦτον.
470 1937 558 1992 ταῦτα
571 1931 605 2007 δή
618 1933 682 2008 περὶ
694 1935 747 1993 τοῦ,
757 1931 880 2008 πλήθεος

80 2023 131 2078 τοῦ
154 2020 280 2083 Σκυθέων
301 2018 410 2095 ἤκουον.
452 2019 605 2096 Θωυμάσια
625 2020 655 2078 δὲ
674 2019 694 2094 ἦ
713 2020 791 2098 χώρη
812 2019 927 2096 αύτη82

82 2105 133 2165 ούκ
148 2108 213 2185 ἔχει,
227 2108 312 2186 χωρὶς
324 2105 342 2183 ἢ
356 2107 399 2167 ὅτι
412 2106 553 2182 ποταμούς
565 2133 596 2167 τε
609 2112 708 2186 πολλῷ
720 2110 878 2188 μεγίστους,

82 2195 128 2252 καὶ
142 2194 261 2271 ἀριθμόν
274 2196 434 2259 πλείστους·
455 2194 472 2254 ὃ
485 2196 515 2254 δὲ
528 2194 731 2272 ἀποθωυμάσαι
744 2195 822 2264 ἀξιον
835 2198 880 2254 καὶ

80 2281 170 2358 πάρεξ
190 2286 245 2342 τῶν
265 2287 398 2358 ποταμῶν
420 2282 465 2341 καὶ
486 2287 536 2342 τοῦ
558 2281 694 2360 μεγάθεος
714 2286 765 2341 τοῦ
785 2283 880 2342 πεδίου

80 2371 240 2447 παρέχεται,
264 2370 413 2447 εἰρήσεται·
434 2372 511 2448 ἴχνος
529 2369 684 2445 Ἡρακλέος
705 2369 837 2444 φαίνουσι
851 2374 879 2430 ἔν

80 2457 170 2534 πέτρη
189 2456 270 2530 ε’νεδν,
286 2458 318 2517 τῦ
338 2457 396 2516 οἶκε
413 2460 465 2533 μὲν
480 2457 590 2533 βήματι
606 2455 711 2532 ἀνδρὸς,
727 2456 829 2515 ἔστιδὲ
845 2456 879 2516 τῦ

79 2545 204 2624 μέγαθος
224 2545 334 2623 δίπηχυ,
348 2545 424 2622 παραὶ
441 2545 490 2604 τὸν
507 2544 600 2619 Τύρην
619 2542 756 2618 ποταμόν.
796 2548 879 2603 τοῦτο

80 2632 132 2708 μέν
145 2657 194 2691 νυν
209 2632 320 2691 τοιοῦτό
338 2638 409 2692 ε’στι.
451 2630 635 2708 ἀναβήσομαι
654 2630 685 2688 δὲ
705 2634 732 2692 ἐς
751 2628 800 2689 τάν
820 2630 879 2689 κατ’

79 2717 170 2798 α’ρχάς
181 2718 230 2795 ἤϊα
242 2720 330 2789 λέξων
343 2720 436 2800 λόγον.

121 2809 410 2884 Παρασκευαζομένου
428 2807 548 2884 Δαρείου
567 2806 612 2865 ἐπὶ
629 2805 694 2868 τοῦς
707 2803 823 2879 Σκύθας,
835 2804 880 2864 καὶ
888 2807 926 2865 83

80 2896 287 2972 έπίπέμτοντος
301 2894 439 2976 ἀγγέλους
455 2894 633 2964 ἐπιτάξοντας
645 2898 721 2953 τοῖσι
733 2896 784 2970 μὲν
796 2893 879 2964 πεζὸν

79 2984 205 3060 στρατόν
225 2987 302 3043 τοῖσι
322 2983 352 3041 δὲ
372 2984 435 3047 νέας
454 2983 587 3061 παρέχειν
604 2986 680 3042 τοῖσι
696 2982 726 3041 δὲ
739 2981 880 3061 ζευγνύναι

78 3071 128 3130 τὸν
142 3071 273 3148 Θρηίκιον
288 3071 446 3148 Βόσπορον,
464 3069 639 3146 Ἀρτάβανος
658 3069 674 3129 ὅ
695 3068 879 3140 Ὑστάσπεος,

79 3157 220 3234 ἀδελφεάς
233 3159 284 3218 εὐϊν
298 3160 428 3234 Δαρείου,
443 3159 541 3238 ἔχρῃζε
553 3158 686 3235 μηδαμῶς
698 3157 782 3216 αύτδν
796 3183 886 3230 στοα-

78 3245 161 3320 τηίην
172 3246 217 3305 ἐπὶ
231 3245 341 3309 Σκύθας
354 3246 516 3320 ποιέεσθαι,
526 3246 694 3328 καταλέγων
704 3240 912 3306 τῶνῖκνδένῑῖ

145 3332 176 3376 ἳὸ
