2040 3464
113 109 144 154 το
415 110 599 158 Ἥνοκουοτ
877 105 911 170 [ι.

111 192 225 247 σκοπῶν
238 186 307 251 ὅκως
319 190 370 248 σοί
379 216 410 248 τε
424 188 536 264 ποιήσω
549 187 619 248 κατοὶ
631 187 703 258 νόον,
719 187 764 246 καὶ
778 186 831 267 ε’γο)
843 185 915 263 πρός

113 276 147 333 σὲ
158 273 303 353 γινόμενος
315 274 515 353 α’ναμάρτητος,
528 275 599 353 μήτε
614 275 730 355 θυγατρὶ
741 279 777 353 τῇ
791 278 830 352 σῇ
843 274 915 351 μήτε

113 359 183 438 αύτῷ
196 387 244 419 σοι
257 363 315 437 εἵην
328 363 469 438 αὐθέντης.
510 364 594 422 ποιέω
608 363 641 437 δή
654 361 715 420 ὧδε·
730 363 854 424 καλέσας
865 363 916 422 τόν

112 447 254 524 βουκόλον
269 450 356 520 τόνδε,
373 451 548 527 παραδίδωμι
564 451 598 510 τό
622 450 739 520 παιδίον,
755 448 811 524 φάς
828 450 865 508 σέ
883 476 915 510 τε

113 535 181 596 εἶναι
188 535 237 596 τόν
246 537 394 597 κελεύοντα
403 537 562 597 ἀποκτεῖναι
571 536 726 597 αὐτό-καὶ
734 537 824 618 λέγων
830 538 914 598 τοῦτό

112 649 145 704 γε
163 622 213 683 ούκ
233 624 396 701 ἐψευδόμην·
418 625 455 684 σι)
473 625 529 705 γάρ
549 626 693 685 ἐνετέλλεο
713 623 915 701 οὕτω-παρα-

112 711 209 787 δίδωμι
226 712 322 788 μέντοι
341 713 409 790 τάδε
430 713 499 771 κατά
519 712 593 782 τάδε,
613 711 805 788 ἐντειλάμενος
826 713 915 772 θεῖναί

110 824 159 876 μιν
170 805 196 861 ε’ς
208 804 311 876 έρῆμον
322 799 403 876 οὖρος
414 802 460 858 καὶ
470 801 665 877 παραμένοντα
676 799 838 874 φυλάσσειν
847 799 914 878 άχρι

111 884 144 946 οὗ
160 887 331 963 τελευτήσει,
349 887 507 963 ἀπειλήσας
523 893 641 948 παντοῖα
656 888 724 966 τῷδε
741 886 776 963 ἢν
791 887 831 963 μή
847 888 914 947 τάδε

112 976 240 1034 ἐπιτελέα
259 975 376 1053 ποιήσῃ·
399 976 506 1034 ἐπείτε
522 975 551 1034 δὲ
569 975 741 1051 ποιήσαντος
758 973 858 1034 τούτου
877 974 914 1036 τοὶ

112 1061 279 1139 κελευόμενα
297 1062 461 1138 ἐτελεύτησε
480 1062 514 1122 τό
534 1063 652 1134 παιδίον,
670 1064 784 1140 πέμψας
798 1066 854 1123 τῶν
871 1064 913 1123 εύ-

111 1149 215 1228 νούχων
232 1151 296 1214 τούς
314 1150 507 1222 πιστοτάτους,
527 1152 573 1209 καὶ
592 1152 665 1210 εἶδον
685 1150 718 1210 δι’
738 1151 845 1210 ἐκείνων
866 1154 913 1211 καὶ

111 1236 202 1316 ἔθαψά
214 1263 272 1313 μιν.
314 1238 398 1300 οὕτως
411 1240 487 1316 ἔσχε,
503 1237 523 1297 ὦ
536 1240 671 1314 βασιλεῦ,
685 1239 749 1315 περὶ
761 1243 811 1298 τοῦ
823 1238 913 1320 πρήγ-

109 1352 197 1403 ματος
208 1325 317 1386 τούτου·
339 1327 386 1385 καὶ
397 1327 512 1405 τοιούτῳ
525 1326 602 1406 μόρῳ
616 1326 757 1404 ἐχρήσατο
771 1327 787 1386 ὁ
800 1327 892 1389 παῖς.”

67 1415 121 1475 118
145 1413 291 1495 Ἀρταγος
302 1417 354 1491 μὲν
368 1414 402 1489 δή
415 1414 464 1474 τόν
478 1415 538 1474 ἰθύν
552 1417 646 1489 ἔφαινε
660 1414 756 1495 λόγον.
793 1413 912 1474 Ἀστυά-

109 1528 162 1582 γης
179 1503 208 1561 δὲ
225 1502 350 1579 κρύπτων
365 1502 414 1562 τόν
429 1506 455 1561 οἱ
469 1504 570 1580 ε’νείχεε
583 1501 671 1580 χόλον
685 1502 730 1561 διό
742 1503 774 1562 τό
787 1503 911 1582 γεγονός,

109 1594 206 1666 πρῶτα
215 1588 274 1666 μέν,
284 1590 407 1667 κατάπερ
416 1588 521 1664 ἤκουσε
532 1589 613 1652 αὐτὸς
623 1589 693 1666 πρός
705 1595 755 1649 τοῦ
767 1590 912 1665 βουκόλου

111 1678 145 1736 τό
163 1683 288 1757 πρῆγμα,
307 1677 394 1736 πάλιν
412 1677 551 1758 οἷπηγέετο
566 1682 604 1755 τῷ
619 1677 760 1758 Ἀρτάγῳ·
781 1676 853 1753 μετά
872 1678 910 1749 δὲ,

111 1764 146 1827 ὥς
163 1769 189 1822 οἱ
206 1764 425 1845 ἐπαλιλλόγητο,
440 1766 588 1841 κατέβαινε
604 1766 695 1845 λέγων
712 1765 748 1827 ὦς
760 1775 778 1799 “
786 1766 913 1841 περίεστί

111 1878 143 1912 τε
159 1851 175 1910 ὁ
191 1857 257 1914 παῖς
273 1853 319 1910 καὶ
335 1852 368 1911 τό
384 1852 499 1933 γεγονός
516 1855 573 1930 ἔχει
590 1857 689 1914 καλῶς·
703 1857 741 1930 τῷ
753 1878 784 1912 τε
796 1845 851 1932 γάρ
864 1878 910 1912 πε-

109 1939 272 2018 ποιημένῳ,”
284 1943 338 2016 ἔφη
351 1941 450 2021 λέγων,
464 1951 482 1976 “
492 1946 518 2002 ἐς
528 1941 576 1999 τόν
586 1941 673 1999 παῖδα
682 1945 781 1999 τοῦτον
794 1941 912 2016 ἔκαμνον

109 2028 246 2109 μεγάλως,
262 2030 308 2087 καὶ
326 2029 442 2109 θυγατρὶ
457 2033 493 2106 τῇ
511 2034 563 2107 ἐμῇ
580 2029 806 2105 διαβεβλημένος
820 2027 868 2087 ούκ
882 2035 912 2089 ἐν

110 2121 224 2194 ε’λαφριζ
238 2115 394 2192 ἐποιεύμην·
409 2116 444 2178 αἷς
458 2115 494 2175 ὧν
506 2122 556 2190 τῆς
568 2116 653 2194 τύχης
667 2115 696 2174 εὖ
709 2115 910 2192 μετεστεώσης,

110 2209 192 2264 τοῦτο
208 2206 259 2280 μὲν
274 2203 323 2264 τόν
339 2209 462 2263 σεωυτοῦ
478 2205 565 2263 παῖδα
581 2204 750 2281 ἀπόπεμψον
768 2203 845 2280 παρὰ
862 2205 911 2263 τόν

110 2293 196 2351 παῖδα
208 2291 257 2351 τόν
270 2291 398 2367 νεήλυδα,
409 2297 492 2352 τοῦτο
503 2293 540 2363 δὲ,
552 2293 680 2373 (σῶστρα
690 2292 744 2372 γάρ
755 2297 805 2351 τοῦ
813 2292 911 2356 παιδός

108 2382 206 2457 μέλλω
221 2379 295 2440 θύειν
307 2384 383 2439 τοῖσι
397 2381 466 2440 θεῶν
478 2380 545 2457 τιμή
559 2380 629 2456 αὕτη
642 2379 831 2459 προσκέεται,)
841 2380 911 2458 πάρ-

65 2470 119 2528 119
131 2469 193 2527 ισθί
212 2493 261 2543 μοι
280 2468 325 2526 ε’πὶ
366 2467 484 2527 εἳπνον.”
515 2468 661 2548 Ἅρπαγος
680 2471 732 2544 μὲν
753 2467 788 2530 οἷς
806 2467 912 2543 ἤκουσε

108 2561 204 2625 ταῦτα,
218 2555 425 2632 προσκυνήσας,
441 2556 486 2613 καὶ
498 2555 611 2636 μεγάλα
624 2555 813 2632 ποιησάμενος
825 2554 869 2615 ὅτι
880 2581 912 2616 τε

108 2643 128 2719 ἦ
148 2643 273 2720 ἅμαρτάς
293 2647 320 2702 οἶ
340 2648 368 2706 ε’ς
388 2644 450 2703 δέον
471 2644 595 2725 ε’γεγόνεε
616 2646 662 2702 καὶ
682 2643 725 2703 ὅτι
745 2645 791 2702 ε’πὶ
808 2643 912 2722 τύχῃσι

109 2737 254 2811 χρηστῇσι
271 2733 316 2790 ἐπὶ
336 2731 446 2790 δεῖπνον
465 2733 592 2807 κέκλητο,
609 2730 653 2806 ἥϊε
670 2737 695 2794 ἔς
711 2731 747 2791 τοὶ
761 2732 843 2790 οἰκία·
865 2737 911 2791 ε’σ-
974 2809 976 2812 Ι

110 2819 200 2879 ελθών
219 2820 248 2878 δὲ
265 2819 316 2894 τήν
334 2820 480 2896 ταχίστην,
498 2819 533 2893 ἦν
551 2819 606 2899 γάρ
625 2823 652 2879 οἱ
669 2824 736 2881 παῖς
754 2819 792 2882 εἷς
810 2823 912 2895 μοῦνος

111 2909 172 2966 έτεα
187 2909 251 2984 τρία
269 2909 314 2965 καὶ
332 2907 397 2965 δέκα
414 2933 463 2965 κου
476 2908 603 2983 μάλιστα
615 2907 744 2989 γεγονῶς,
757 2913 856 2968 τοῦτον
870 2913 912 2966 ε’κ·

109 2996 221 3073 πέμπει,
237 2996 305 3054 ἰέναι
317 3021 348 3053 τε
362 2993 480 3053 κελεύων
497 3000 524 3057 ἐς
536 2993 708 3075 Ἀστυάγεος
721 2995 767 3053 καὶ
779 2995 882 3054 ποιέειν
895 2994 911 3054 ὅ

384 3081 557 3105 t’xx
701 3083 709 3104 λ

109 3109 137 3142 τι
150 3082 184 3143 ἂν
197 3087 298 3144 ε’κεῖνος
311 3087 420 3161 κελευῃ·
435 3107 517 3144 αυτος
530 3083 559 3141 δε
572 3106 725 3161 περιχαρης
738 3084 796 3153 ε’ὠν,
812 3082 912 3160 φράζει

95 3173 137 3242 ⁷77⁸
147 3171 262 3245 γυναικὶ
277 3168 314 3229 τά
330 3169 562 3252 συγκυρήσαντα.
600 3169 762 3252 ’λστυάγης
779 3171 819 3239 δὲ,
834 3169 869 3231 ὥς
885 3196 912 3229 οι

77 3250 202 3313 σ’πυῖτετσ
224 3257 248 3316 0‘
268 3257 422 3336 Ἁρπάγου
443 3265 524 3334 παῖς,
545 3259 664 3338 σφάξας
687 3259 771 3319 αὐτὸν
794 3258 839 3315 καλ
858 3257 928 3311 κατὰ
