2040 3464
134 111 149 157 2
435 116 613 163 ἨΡοΔοτου
897 115 928 175 [ι.

132 187 162 246 δὲ
180 193 208 253 ές
225 191 277 266 τήν
295 193 344 251 νέα
362 193 491 271 οἴχεσθαι
506 193 700 255 ἀποπλέοντας
718 192 759 251 ἐπ’
779 193 931 272 Αἰγύπτου.

100 276 118 334 2
135 274 214 335 Οὕτω
227 280 279 353 μὲν
292 278 364 339 Ἰοῦν
375 284 402 342 ές
416 281 558 360 Αἴγυπτον
568 280 717 339 ἀπικέσθαι
728 281 845 358 λέγουσι
860 286 887 337 Π
891 281 931 356 έρ-

132 388 190 432 σαι,
213 364 263 423 οάκ
283 364 319 429 αἷς
336 366 484 442 Ἕλληνες·
513 369 633 426 καὶτῶν
654 367 827 441 ἀδικημάτων
848 371 931 426 τοῦτο

132 448 214 525 ἄρξαι
234 455 354 528 πρώτον·
374 455 446 530 μετοί
466 453 495 513 δὲ
514 460 610 525 ταῦτα,
629 454 773 530 Ἑλλήνων
794 454 870 515 τινάς
886 452 932 533 (οὔ

130 537 186 618 γάρ
197 539 295 618 έχουσι
303 540 427 618 τοῦνομα
437 540 652 623 ἀπηγήσασθαι)
663 542 737 618 φασί
746 545 796 617 τῆς
804 541 931 615 Φοινίκης

131 629 160 688 ἐς
183 626 273 704 Τύρον
293 629 479 708 προσχόντας,
501 629 629 706 ἁρπάσαι
648 633 698 688 τοῦ
721 628 860 703 βασιλέος
879 629 931 703 τήν

131 713 270 794 θυγατέρα
289 716 436 793 Εὐρώπην·
462 718 572 798 (εἴησαν
594 717 617 776 δ’
642 715 676 775 (ἰν
697 715 773 776 οὗτοι
797 718 930 795 Κρῆτες)

130 805 218 861 ταῦτα
237 806 289 878 μέν
307 803 341 880 δή
358 805 408 863 ἴσα
424 812 481 881 σφι
500 804 570 881 πρός
585 806 635 864 ἰσα
652 805 793 883 γενέσθαν
814 802 885 878 μετά
901 803 930 862 δὲ

129 893 226 961 ταῦτα,
238 889 383 966 Ἕλληνας
403 893 506 955 αἰτίους
519 896 571 967 τῆς
586 892 712 968 δευτέρης
733 891 838 966 ἀδικίης
855 893 929 971 γενέ-

131 977 210 1036 σθαι·
227 978 466 1042 καταπλώσαντας
478 977 534 1059 γάρ
547 983 641 1058 μακρῇ
655 979 700 1053 νηί·
713 981 740 1039 ἐς
751 976 822 1036 Αἰάν
834 1003 866 1036 τε
878 978 930 1052 τήν

131 1065 261 1143 Κολχίδα
272 1066 318 1125 καὶ
332 1067 377 1126 ε’πί
388 1070 479 1126 Φᾶσιν
489 1065 625 1143 ποταμόν,
637 1067 769 1134 ἐνθεῦτεν,
781 1065 900 1141 διαπρηξ
917 1101 929 1112 -

130 1151 229 1226 μένους
242 1154 289 1212 καὶ
303 1153 398 1213 τᾶλλα
412 1159 468 1215 τῶν
482 1155 582 1213 εἰνεκεν
595 1153 722 1223 ἀπίκατο,
737 1152 864 1229 ἀρπάσαι
878 1158 928 1212 τοῦ

129 1240 268 1313 βασιλέος
285 1240 337 1316 τήν
353 1242 491 1323 θυγατέρα
509 1241 645 1317 Μήδειαν·
666 1242 816 1319 πέμψαντα
834 1241 864 1299 δὲ
879 1241 929 1300 τόν

131 1325 248 1406 Κόλχον
264 1333 291 1392 ές
302 1329 355 1406 τήν
367 1328 494 1389 Ἑλλάδα
504 1328 620 1407 κήρυκα,
635 1329 734 1388 αἰτέειν
746 1354 778 1387 τε
791 1328 865 1391 δίκας
879 1333 926 1404 τῆς

129 1412 258 1497 ἀρπαγῆς
278 1417 324 1476 καί
340 1417 480 1478 ἀπαιτέειν
498 1416 551 1494 τήν
569 1417 716 1498 θυγατέρα·
736 1415 801 1479 τούς
816 1416 846 1474 δέ
860 1418 927 1476 ὕπο·
979 1489 984 1499 Ι

131 1502 286 1578 κρίνασθαι,
301 1503 336 1567 ὥς
350 1505 412 1564 οὐδὲ
426 1509 524 1574 ἐκεῖνοι
536 1503 609 1567 Ἰοῦς
625 1508 676 1581 τῆς
688 1503 815 1583 Ἀργείης
827 1503 927 1565 έδοσάν

130 1596 186 1664 σφι
195 1590 270 1653 δίκας
277 1595 326 1666 τῆς
335 1591 470 1673 ἁρπαγης,
480 1591 542 1652 οὐδὲ
551 1591 587 1653 ὦν
595 1590 673 1652 αὐτοὶ
681 1590 780 1651 δαίσειν
788 1593 926 1652 ε’κείνοισι.

98 1678 117 1737 3
132 1677 253 1755 Δευτέρη
272 1678 301 1736 δὲ
319 1680 437 1758 λέγουσι
453 1683 535 1759 γενεῇ
552 1679 623 1756 μετά
641 1684 728 1738 ταῦτα
743 1677 927 1755 Ἀλέξανδρον

129 1762 178 1823 τόν
198 1763 329 1839 Πριάμου
350 1765 489 1841 ἀκηκοότα
507 1770 603 1834 ταῦτα,
624 1766 761 1840 ἐθελῆσαί
779 1768 806 1823 οἶ
826 1770 856 1823 έκ
875 1771 926 1840 τῆς

129 1849 268 1913 Ἑλλάδος
279 1851 312 1910 δι’
324 1850 452 1932 ἀρπαγῆς
461 1852 592 1931 γενέσθαι
605 1857 729 1932 γυναῖκα,
742 1851 926 1927 ἐπιστάμενον

129 1936 238 2000 πάντως
251 1937 295 1998 ὅτι
308 1938 340 1997 οὗ
352 1938 435 1998 δώσει
445 1939 529 2001 δίκας·
545 1937 606 1997 οὐδὲ
619 1938 674 2018 γοίρ
685 1939 801 2000 ε’κείνους
812 1938 924 1997 διδόναι·

130 2024 201 2084 οὕτω
219 2025 252 2101 δή
269 2025 447 2103 ἁρπάσαντος
466 2024 550 2085 αὐτοῦ
566 2025 690 2101 Ἑλένην,
706 2029 783 2085 τοῖσι
798 2024 924 2102 Ἕλλησι

129 2110 208 2181 δόξαι
235 2117 345 2191 πρῶτον
373 2114 537 2191 πέμψαντας
565 2111 703 2193 ἀγγέλους
730 2111 869 2172 ἀπαιτέειν
894 2140 925 2173 τε

128 2199 245 2277 Ἑλένην
270 2200 317 2259 καὶ
340 2201 415 2263 δίκας
438 2205 489 2276 τῆς
512 2200 640 2281 ἀρπαγής
664 2201 771 2260 αἰτέειν·
797 2200 863 2264 τούς
886 2201 923 2271 δὲ,

128 2289 340 2367 προϊσχομένων
360 2288 456 2358 ταῦτα,
477 2288 628 2365 προφέρειν
651 2295 707 2364 σφι
730 2288 854 2363 Μηδείης
872 2292 925 2362 τήν

130 2374 269 2456 ἀρπαγήν·
296 2374 332 2438 ώς
353 2374 385 2434 οιί
407 2374 499 2439 δόντες
519 2374 599 2435 αὐτοὶ
619 2375 696 2438 δίκας
718 2375 780 2435 οὐδὲ
802 2374 925 2439 ἐκδόντες

129 2461 321 2533 ἀπαιτεόντων,
335 2463 490 2539 βουλοίατό
503 2470 560 2540 σφι
573 2460 637 2540 παρ’
651 2461 746 2522 ἀλλων
763 2464 839 2525 δίκας
853 2463 923 2543 γίνε-

96 2551 208 2610 4σθαι.
249 2551 344 2630 Μέχρι
359 2554 411 2628 μὲν
429 2550 467 2612 ὦν
481 2551 580 2611 τούτου
597 2551 723 2632 ἁρπαγάς
736 2549 839 2628 μούνας
856 2551 924 2612 εἶναι

128 2637 194 2715 παρ’
204 2637 347 2715 ἀλλήλων·
361 2638 395 2698 τό
407 2639 436 2698 δὲ
449 2638 505 2698 ἀπδ
519 2639 627 2710 τούτου,
636 2639 780 2714 Ἕλληνας
793 2638 826 2713 δή
840 2639 925 2719 μεγά-

127 2730 184 2790 λως
197 2727 299 2790 αἰτίους
312 2727 452 2808 γενέσθαι·
468 2728 618 2805 προτέρους
630 2727 685 2809 γάρ
697 2724 779 2803 ἀρξαι
793 2726 923 2802 στρατεύ-

129 2816 212 2874 εσθαι
230 2819 257 2878 ές
274 2815 326 2890 τήν
344 2813 474 2890 Ἀσίηνή
491 2816 582 2890 σφέας
599 2820 626 2877 ἐς
640 2815 692 2890 τήν
705 2812 850 2890 Εὐρώπην.
891 2815 924 2873 τό

127 2902 180 2978 μέν
199 2926 247 2961 νυν
265 2901 396 2978 άρπάζειν
413 2905 543 2982 γυναῖκας
563 2901 668 2979 ἀνδρῶν
688 2900 788 2962 ἀδίκων
805 2902 925 2977 νομίζειν

129 2989 210 3070 ἔργον
222 2988 298 3058 εἰναι,
309 2991 341 3048 τό
351 2991 380 3048 δὲ
391 2989 603 3067 ἁρπασθεισέων
613 2988 739 3064 σπουδήν
749 2989 925 3066 ποιήσασθαι

115 3078 266 3146 τμιωρεέιν
291 3075 424 3152 ἀνοήτων,
454 3075 500 3158 [τό
530 3077 559 3135 δὲ
588 3077 725 3154 μηδεμίαν
754 3075 826 3154 ὤρην
854 3077 925 3154 ἔχειν

28 3184 30 3209 ι
92 3150 335 3256 αρπηισθεισέων,
355 3163 541 3250 σωφρόνων]
562 3162 639 3241 δῆλα
657 3163 714 3250 γὰρ
731 3163 766 3241 δὴ
783 3163 836 3233 δτι,
852 3168 876 3220 εἰ
892 3189 929 3237 μη

75 3247 167 3290 ‘'W“
183 3242 368 3319 έθουλέατο,
384 3252 442 3312 οὐκ
457 3252 493 3316 ἂν
508 3255 688 3333 ἡρπάζοντο.
729 3252 824 3328 σφέας
839 3252 888 3326 μὶν
899 3250 947 3321 δήι
