2040 3464
155 98 184 143 18
458 103 641 150 ἭΡΟΔΟΤΟΤ
917 95 952 159 [Ῑ.

153 177 343 253 ἐπεισέρχεται
353 180 370 236 ό
379 184 430 238 τοῦ
440 181 567 257 Κροίσου
576 184 642 240 παῖς
651 177 776 253 ἀκηκοὼς
783 179 838 234 τῶν
846 175 954 236 ἐδέοντο

154 264 181 320 οἱ
194 264 300 320 Μυσοί·
321 263 354 321 οὔ
368 267 494 342 φαμένου
509 267 539 325 δὲ
553 271 603 326 τοῦ
618 267 744 341 Κροίσου
759 261 809 324 τόν
821 288 855 341 γε
867 262 955 323 παῖδά

153 355 211 423 σφι
229 351 415 428 συμπέμψειν,
432 356 510 435 λέγει
529 353 599 429 πρός
619 351 704 411 αὐτόν
721 352 737 411 ὁ
755 350 862 427 νεηνίης
878 349 954 409 τόδε·

153 433 196 494 “ὧ
206 434 302 512 πάτερ,
312 437 347 497 τό
356 439 498 500 κάλλιστα
505 439 640 517 πρότερόν
648 465 711 498 κοτε
722 441 767 497 καὶ
775 435 955 519 γενναιότατα

153 521 221 598 ἡμῖν
240 522 283 598 ἦν,
304 525 331 588 ές
349 552 381 584 τε
403 528 545 605 πολέμους
568 528 614 586 καὶ
638 531 665 588 ἐς
685 524 772 606 ἄγρας
792 526 956 601 φοιτέοντας

154 609 328 686 εὐδοκιμέειν·
345 617 393 672 νῦν
402 614 432 673 δὲ
444 614 610 692 ἀμφοτέρων
621 639 658 690 με
666 613 769 672 τούτων
779 610 954 687 ἀποκληίσας

156 697 235 774 ἔχεις,
251 697 314 757 οὔτε
332 700 395 760 τινὰ
414 701 519 776 δειλίην
536 727 586 777 μοι
604 698 726 777 παριδδν
744 697 807 758 οὔτε
824 697 954 774 ἀθυμίην.

155 788 204 844 νῦν
222 810 254 844 τε
272 786 365 846 τέοισί
380 814 417 864 με
434 788 490 867 χρή
510 787 620 866 ὄμμασι
639 790 665 850 ἔς
683 813 715 846 τε
735 786 839 868 α’γορήν
860 786 906 843 καὶ
924 785 956 855 ἐξ

155 869 259 952 ἀγορῆς
282 875 431 950 φοιτέοντα
453 876 616 952 φαίνεσθαι;
645 877 719 937 κοῖος
740 876 792 951 μέν
814 899 857 937 τις
877 876 956 932 τοῖσι

155 958 309 1039 πολιήτῃσι
326 961 396 1032 δόξω
417 963 498 1033 εἴναις
520 967 594 1026 κοῖος
607 963 643 1021 δέ
658 988 701 1024 τις
716 966 753 1040 τῇ
769 960 895 1042 νεογάμῳ
906 986 955 1041 γυ-

155 1047 240 1116 ναικί,
261 1049 326 1128 κοίῳ
340 1050 369 1108 δέ
386 1052 474 1126 ἐκείνη
487 1050 560 1119 δόξει
576 1050 654 1126 ἀνδρὶ
668 1050 831 1117 συνοικέεινς
854 1051 902 1124 ε’μὲ
918 1046 956 1108 ὧν

156 1134 193 1193 σύ
209 1132 227 1210 ἢ
241 1137 324 1212 μέθες
340 1137 408 1197 ἰέναι
428 1140 473 1197 ἐπὶ
492 1137 544 1212 τήν
564 1137 660 1213 θήρην,
677 1134 695 1211 ἢ
711 1135 788 1217 λόγῳ
804 1133 956 1196 ἀνάπεισον

110 1224 147 1282 38
156 1221 224 1286 ὅκως
236 1249 286 1299 μοι
298 1223 399 1300 α’μείνω
413 1226 474 1285 ε’στὶ
482 1229 570 1284 ταῦτα
580 1224 650 1284 οὕτω
660 1221 833 1300 ποιεόμενα.”
863 1222 956 1300 Ἀμεί-

155 1312 239 1386 βεται
248 1316 373 1388 Κροῖσος
381 1313 486 1372 τοῖσδε·
500 1311 543 1370 “ὦ
553 1316 612 1382 παῖ,
622 1311 684 1372 οὔτε
693 1312 799 1386 δειλίην
809 1309 871 1370 οὔτε
880 1311 957 1371 ἄλλο

156 1397 234 1458 οὐδὲν
246 1397 330 1477 ἄχαρι
342 1400 465 1476 παριδών
473 1426 518 1460 τοι
530 1400 613 1459 ποιέω
626 1402 722 1458 ταῦτα·
741 1397 818 1457 ἄλλοί
830 1424 879 1475 μοι
892 1397 957 1477 ὄψις

156 1485 262 1563 ὀνείρου
281 1492 309 1547 ἔν
328 1491 366 1566 τῷ
382 1487 458 1567 ὕπνῳ
476 1492 616 1548 ἐπιστᾶσα
635 1488 689 1561 ἔφη
708 1511 743 1544 σε
763 1484 957 1566 ὀλιγοχρόνιον

157 1574 282 1633 ἔσεσθαι·
299 1573 353 1634 find
361 1576 416 1655 γὰρ
427 1579 529 1654 αἰχμῆς
539 1575 668 1651 σιδηρέης
677 1573 858 1632 ἀπολέεσθαι.
885 1572 957 1650 πρδς

157 1659 194 1720 ὧν
205 1660 257 1735 τήν
267 1659 332 1738 ὄψιν
341 1662 450 1738 ταύτην,
460 1662 510 1722 τόν
521 1688 553 1721 τε
564 1662 656 1742 γόμον
665 1686 709 1721 τοι
721 1664 820 1720 τοῦτον
831 1661 955 1720 ἔσπευσα

158 1749 203 1806 καὶ
211 1749 256 1806 ε’πὶ
265 1749 301 1807 τὰ
308 1749 587 1825 παραλαμβανόμενα
595 1748 644 1808 οὐκ
653 1748 816 1823 ἀποπέμπω,
826 1748 957 1823 φυλακὴν

157 1837 227 1913 έχων
240 1837 266 1894 εἴ
277 1861 329 1899 κως
339 1837 471 1913 δυναίμην
481 1838 527 1895 ε’πὶ
538 1841 589 1911 τῆς
600 1840 667 1913 ἐμῆς
677 1861 712 1895 σε
725 1835 788 1911 ζόης
798 1835 956 1913 διακλέψαι.

158 1923 196 1985 εἷς
210 1923 265 2003 γάρ
282 1949 331 1999 μοι
346 1929 447 2000 μοῦνος
463 1924 606 2004 τυγχάνεις
623 1924 672 1984 ε’ὠν
689 1927 763 1985 παῖς
784 1922 833 1982 τόν
847 1922 903 2003 γοὶρ
921 1923 957 2000 δή

158 2010 259 2087 ἕτερον,
273 2011 474 2087 διεφθαρμένον
488 2013 540 2086 τήν
556 2010 651 2087 οἶκοήν,
665 2010 714 2071 οὐκ
730 2010 802 2070 εἶναί
813 2035 863 2086 μοι
878 2011 957 2090 λογί-

110 2100 147 2157 39
158 2097 265 2175 ζομαι.”
304 2098 467 2175 Ἀμείβεται
490 2099 506 2159 ὁ
528 2101 634 2176 νεηνίης
653 2099 758 2159 ταῖσδε·
782 2097 957 2178 *(συγγνόμη

157 2188 216 2262 μὲν,
234 2185 255 2244 ὦ
271 2185 367 2264 πάτερ,
381 2188 425 2246 τοὶ
442 2186 527 2247 ἰδόντι
544 2213 579 2267 γε
596 2185 661 2265 ὄψιν
678 2185 807 2261 τοιαύτην
824 2186 888 2262 περὶ
908 2189 958 2261 ε’μὲ

158 2273 289 2349 φυλακήν
305 2274 385 2353 ἔχειν·
406 2274 439 2334 τό
455 2275 485 2334 δὲ
500 2274 532 2334 οὗ
550 2272 696 2352 μανθάνεις
709 2272 785 2332 ἀλλὰ
801 2272 908 2348 λέληθέ
921 2298 957 2334 σε

157 2360 190 2421 vo*
203 2359 317 2438 ὄνειρον,
331 2362 381 2438 ε’μέ
391 2388 435 2422 τοι
448 2362 552 2422 δίκαιόν
565 2367 626 2421 ε’στι
640 2361 764 2439 φράζειν.
798 2358 855 2439 φῄς
867 2385 911 2419 τοι
923 2361 957 2420 τό

158 2446 263 2526 ὄνειρον
275 2447 329 2509 όπό
344 2454 446 2529 αἰχμῆς
462 2451 592 2527 σιδηρέης
606 2449 693 2525 φόνοι
709 2450 757 2525 ε’μέ
769 2445 956 2521 τελευτήσειν·

157 2534 206 2599 ὖδς
222 2536 252 2595 δὲ
267 2540 340 2596 κοῖαι
352 2539 404 2614 μέν
417 2541 473 2597 εἰσι
485 2542 586 2617 χεῖρες;
608 2538 670 2612 κοίη
684 2537 713 2594 δὲ
728 2533 818 2614 αἰχμή
831 2534 956 2610 σιδηρέη,

157 2621 192 2698 ἢν
205 2623 242 2683 σύ
253 2625 371 2701 φοβέαι;
389 2629 413 2684 εἰ
425 2624 540 2706 μὲνγὰρ
549 2623 604 2684 im}
614 2623 725 2686 ὀδόντος
737 2648 781 2681 τοι
791 2622 851 2681 εἶπε
863 2626 957 2681 τελευ-

157 2710 254 2786 τήσειν
266 2738 310 2789 με,
323 2710 342 2786 ἦ
355 2711 446 2771 ἄλλου
458 2739 505 2771 τευ
521 2712 537 2772 ὅ
554 2738 582 2773 τι
596 2711 683 2790 τούτῳ
697 2713 775 2779 ἔοικε,
789 2713 861 2788 χρῆν
874 2709 909 2785 δή
921 2735 957 2770 σε

157 2799 260 2860 ποιέειν
272 2800 308 2859 τὰ
320 2801 429 2863 ποιέεις·
447 2804 495 2859 νῦν
505 2800 534 2858 δὲ
547 2799 603 2860 ὑπό
614 2803 726 2877 αἰχμῆς.
761 2797 823 2856 ε’πεί
833 2823 863 2856 τε
877 2795 914 2856 ὧν
924 2796 957 2856 οὔ

110 2889 149 2947 40
158 2887 227 2965 πρὸς
240 2887 339 2965 ἄνδρας
349 2887 416 2964 ήμῖν
429 2890 534 2968 γίνεται
546 2887 565 2966 η
579 2887 665 2966 μόχη,
675 2887 758 2963 μέθες
769 2884 830 2962 με.”
863 2883 957 2961 Ἀμεί-

157 2979 241 3050 βεται
261 2980 395 3053 Κροῖσος·
416 2975 459 3033 ἰῶ
479 2979 538 3045 παῖ,
557 2977 618 3035 ἔστι
638 2979 674 3053 τῇ
693 2999 730 3050 με
749 2977 826 3052 νικᾷς
844 2972 957 3053 γνώμην

157 3061 320 3140 ἀποφαίνων
332 3063 396 3139 περὶ
408 3067 458 3121 τοῦ
472 3065 607 3122 ἐνυπνίου·
625 3061 660 3125 ὥς
673 3061 710 3121 ὧν
719 3061 892 3138 νενικημένος
901 3059 955 3119 ότδ

145 3151 200 3205 (reb
207 3149 423 3229 μεταγινωσκω,
435 3150 555 3228 μετίημί
562 3149 594 3209 τέ
603 3174 639 3209 σε
653 3149 721 3210 ἰέναι
730 3148 775 3208 ε’πὶ
784 3147 835 3224 τήν
843 3145 956 3227 ἅγρην.”

78 3228 119 3280 1]
169 3233 970 3318 ΕἴπαςδέταῦταόΚροῖσοςμεταπέμπεταιτδνῦὶρδηυ.
