2040 3464
107 91 246 169 ιιι-ια]
427 109 591 159 παταυαα.
860 109 906 162 177

105 185 178 249 δίους
190 191 264 262 τρεῖς
276 185 404 262 μάλιστά
420 213 463 262 κη,
478 187 522 246 διά
540 192 591 262 τῆς
613 187 717 268 ἀγορῆς
734 187 863 266 φέρουσα
876 193 904 252 ἐς

104 272 136 332 τό
149 274 219 350 πρός
236 273 286 349 ήῶ·
309 274 387 351 εἶρος
406 274 435 332 δὲ
454 274 489 338 ὥς
506 273 650 352 τεσσέρων
665 275 805 351 πλέθρων·
826 280 862 353 τῇ
875 276 905 336 δέ

103 361 150 419 καὶ
163 364 199 439 τῇ
212 365 262 436 τῆς
275 361 340 420 ὁδοῦ
355 360 466 438 δένδρεα
483 360 674 438 οὐρανομήκεα
686 361 804 437 πέφυκε·
826 363 906 441 φέρει

103 447 126 507 δ’
140 452 167 511 ἐς
180 448 287 525 Ἑρμέω
302 448 369 525 ἱρόν.
410 449 443 509 τό
456 452 508 525 μὲν
522 450 555 525 δή
571 450 629 526 ἱρόν
642 454 726 509 τυῖτο
740 450 810 509 ούτω
824 452 887 529 ἐχει.

142 535 231 599 Τέλος
257 537 287 595 δὲ
312 541 362 612 τῆς
392 535 561 618 ἀπαλλαγῆς
591 540 642 596 τοῦ
671 538 806 601 Αἰθίοπος
832 537 948 598 ὦδε139

103 622 201 704 ἔλεγον
219 623 360 704 γενέσθαι·
395 623 461 701 ὄψιν
482 629 510 683 ἐν
529 628 568 702 τῷ
587 623 662 702 ύπνῳ
681 624 789 699 τοιήνδε
810 625 903 686 ἰδόντα

101 709 186 770 αύτάν
196 712 326 790 οἴχεσθαι
340 710 490 791 φεύγοντα·
505 710 596 770 ἐδόκεέ
611 714 637 770 οἱ
651 709 736 788 ἀνδρα
750 712 902 773 ἐπιστάντα

100 798 317 874 συμβουλεύειν,
338 798 403 862 τούς
424 798 497 876 ἱρέας
517 798 581 862 τούς
601 803 630 857 ἐν
644 798 775 878 Αἰγύπτῳ
796 801 898 860 συλλέ·

101 884 187 952 ξαντα
199 885 305 949 πάντας
317 885 421 962 μέσους
435 885 600 961 διαταμέειν·
623 886 716 945 ἰδόντα
730 887 759 944 δὲ
772 887 824 962 τήν
837 887 902 966 όψιν

99 971 203 1048 ταύτην
220 973 314 1053 λέγειν
333 973 427 1042 αύτάν,
441 973 476 1036 αῖς
493 973 640 1050 πρόφασίν
655 977 681 1032 οἱ
695 972 785 1033 δοκέοι
797 975 901 1052 ταύτην

100 1059 164 1123 τούς
178 1059 258 1123 θεούς
275 1062 473 1138 προδεικνύναι,
490 1061 533 1120 ἵνα
555 1060 705 1137 ἀσεβήσας
722 1063 787 1139 περὶ
804 1061 839 1121 τά
854 1063 900 1140 ἱροὶ

101 1148 185 1207 κακόν
198 1175 225 1208 τι
238 1148 308 1226 πρός
328 1150 397 1208 θεοῖν
409 1147 427 1223 ἢ
441 1147 512 1224 πρός
532 1147 680 1224 ἀνθρώπων
693 1148 792 1224 λάβοι·
814 1148 900 1210 ούκων

100 1235 229 1311 ποιήσειν
255 1241 351 1310 ταῦτα,
378 1235 456 1295 ἀλλά
481 1234 538 1316 γάρ
565 1239 592 1294 οἰ
624 1235 820 1311 ἐξεληλυθέναι
851 1237 901 1298 τόν

99 1322 201 1399 χρόνον
214 1323 318 1383 ὁκόσον
339 1324 496 1402 κεχρῆσθαι
517 1322 637 1400 ἀρξαντα
652 1322 796 1402 Αἰγύπτου
817 1329 900 1402 ἐκχω-

99 1410 205 1485 ρήσειν·
227 1416 256 1470 ἐν
273 1411 328 1492 γάρ
347 1416 383 1489 τῇ
402 1411 534 1490 Αἰθιοπίῃ
552 1410 624 1470 ἐόντι
642 1409 714 1488 αύτῷ
730 1410 765 1469 τοῖ
778 1412 900 1487 μαντήϊα

98 1501 175 1557 τοῖσι
188 1500 321 1577 χρέωνται
334 1500 467 1561 Αἰθίοπες
480 1497 581 1568 ἀνεῖλε,
596 1497 631 1561 οῖς
647 1497 704 1577 δέοι
719 1497 801 1558 αύτάν
815 1501 898 1579 Αἰγύ-

98 1611 169 1645 πτου
189 1589 365 1662 βασιλεῦσαι
384 1588 445 1645 ἔτεα
463 1585 643 1661 πεντήκοντα·
666 1585 701 1648 οῖς
714 1584 751 1645 ὧν
767 1585 783 1645 ό
799 1586 899 1665 χρόνος

98 1670 179 1736 οὗτος
200 1674 272 1748 ἐξήιε
293 1674 339 1733 καὶ
360 1673 444 1733 αύτάν
463 1673 482 1748 ή
504 1672 566 1751 ὄψις
586 1677 636 1732 τοῦ
657 1673 782 1732 ἐνυπνίου
803 1674 898 1734 ἐπετά-

97 1785 198 1836 ρασσε,
227 1763 293 1822 έκάν
320 1761 539 1821 ἀπαλλάσσεται
571 1766 601 1820 ἐκ
630 1766 680 1836 τῆς
711 1760 855 1842 Αἰγύπτου
881 1762 897 1823 ό

98 1850 242 1923 Σαβακῶς.

137 1936 186 2000 Ὡς
206 1939 228 1996 δ’
243 1937 297 2016 ἀρα
318 1939 447 2017 οἴχεσθαι
467 1938 517 1999 τόν
537 1939 660 1999 Αἰθίοπα
681 1937 712 2007 ἐξ
724 1937 942 2018 Αἰγύπτου,14θ

96 2023 172 2089 αὖτις
189 2026 239 2086 τάν
255 2026 365 2103 τυφλόν
382 2026 477 2106 ἄρχειν
495 2032 524 2086 ἐκ
544 2031 598 2086 τῶν
617 2026 701 2085 ἐλέων
718 2025 894 2104 ἀπικόμενον,

96 2114 163 2174 ἔνθα
181 2114 352 2191 πεντήκοντα
373 2116 442 2184 ἐτεα,
458 2120 546 2190 νῆσον
566 2114 662 2194 χιύσας
682 2115 779 2194 σποδῷ
798 2141 829 2176 τε
849 2117 896 2175 καὶ

94 2206 140 2281 γῇ,
156 2204 236 2262 οἴκεε·
258 2203 327 2266 ὅκως
342 2202 396 2284 γάρ
416 2207 443 2262 οἱ
460 2208 562 2278 φοιτᾶν
581 2207 662 2262 σῖτον
677 2201 796 2283 ἄγοντας
811 2207 895 2285 Αἰγυ-

94 2290 180 2350 πτίων
191 2291 226 2355 αῖς
237 2290 380 2351 ἑκάστοισι
388 2291 598 2370 προστετάχθαι
611 2294 680 2371 σιγῇ
690 2295 741 2350 τοῦ
752 2292 893 2362 Αἰθίοπος,

95 2382 122 2440 ἐς
138 2378 190 2455 τήν
207 2380 309 2455 δωρεήν
325 2379 447 2438 κελεύειν
463 2379 555 2454 σφέας
573 2378 618 2437 καὶ
638 2378 745 2437 σποδόν
763 2380 893 2454 κομίζειν.

93 2464 195 2542 ταύτην
210 2468 262 2542 τήν
280 2471 369 2542 νῆσον
385 2466 473 2528 οὐδεὶς
489 2467 623 2543 πρότερον
641 2465 778 2541 ἐδυνάσθη
791 2465 893 2544 Ἀμυρ-

93 2555 171 2612 ταίου
193 2556 320 2632 ἐξευρεῖν·
354 2553 430 2612 ἀλλά
451 2555 512 2613 ἐτεα
534 2555 579 2611 ἐπὶ
600 2554 678 2612 πλέω
699 2550 717 2628 ἢ
739 2552 893 2613 ἑπτακόσια

93 2641 142 2699 ούκ
160 2642 216 2701 οἶοί
233 2669 264 2702 τε
283 2641 358 2718 ἦσαν
372 2640 458 2717 αὐτήν
474 2641 597 2719 ἀνευρεῖν
617 2644 644 2700 οἱ
664 2639 795 2717 πρότεροι
814 2639 891 2721 γενά-

91 2754 170 2804 μενοι
196 2732 332 2806 βασιλέες
350 2729 529 2806 Ἀμυρταίου·
565 2727 668 2805 ούνομα
696 2728 725 2786 δὲ
747 2726 833 2806 ταύτῃ
855 2729 892 2807 τῇ

90 2817 168 2896 νήσῳ
181 2818 288 2895 Ἐλβώ·
308 2820 431 2898 μέγαθος
444 2813 466 2876 δ’
480 2818 542 2877 ἐστὶ
555 2817 644 2892 πάντη
659 2815 724 2874 δέκα
738 2816 868 2875 σταδίων.

131 2906 214 2966 Μετοί
225 2909 254 2967 δὲ
266 2911 373 2976 τοῦτον,
382 2909 558 2982 βασιλεῦσαι
570 2904 619 2964 τόν
634 2904 692 2981 ἱρέα
705 2908 756 2963 τοιῖ
766 2903 870 2980 Ἡφαί-
880 2904 932 2964 14]

89 3017 161 3053 στου
177 2989 215 3074 τῷ
233 2994 338 3072 ούνομα
355 2994 424 3054 εἶναι
437 2993 540 3057 Σεθιύν·
560 2993 610 3053 τόν
624 2997 653 3052 ἐν
669 2991 804 3072 ἀλογίῃσι
818 2992 891 3070 ἐχειν

89 3083 344 3161 παραχρησάμενον
361 3085 416 3142 τῶν
430 3082 561 3160 μαχίμων
577 3080 743 3160 Αἰγυπτίων,
757 3078 794 3143 οῖς
812 3077 890 3138 αύδὲν

89 3168 257 3245 δεησόμενον
276 3170 374 3231 αὐτῶν·
402 3167 482 3230 ἀλλα
501 3196 534 3231 τε
555 3169 590 3248 δή
612 3168 704 3248 ἄτιμα,
722 3171 864 3228 ποιεῖυτα
882 3168 917 3223 ἐς

77 3254 183 3369 admi&
197 3260 251 3317 καί
259 3263 355 3332 σφεας
367 3257 538 3324 ἀπελέσθαι
554 3261 608 3328 τὰς
628 3259 772 3340 ἀρούρας,
783 3258 873 3316 τοῖσι
886 3246 941 3303 *eff*

164 3344 180 3374 0
