2040 3464
100 105 210 169 εε-ιο]
426 107 589 156 οιαυνιιιι.
855 111 905 159 ιιι
951 119 954 123 ·

699 184 856 209 §.Gt

99 185 155 264 γιίρ
169 184 210 243 οἰιί
224 189 300 266 ε’νγῇ
314 187 360 244 καὶ
375 185 495 272 ἐκλέπει,
507 191 553 245 καὶ
565 186 599 247 τό
613 188 725 246 πολλον
737 213 788 263 της
801 213 906 265 ημερης

99 271 238 348 διατρίβει
259 279 288 332 ἐν
308 277 347 352 τῷ
369 274 449 352 ξηρῷ,
466 274 518 348 τὴν
540 274 569 333 δὲ
591 274 677 335 νύκτα
698 279 795 334 πᾶσαν
818 281 847 335 ἐν
867 280 906 355 τῷ

99 364 225 438 ποταμῷ·
255 361 423 437 θερμότερον
443 361 498 442 γοίρ
520 362 555 437 δή
576 368 637 421 ε’στι
657 362 691 422 τό
712 363 784 440 ὕδωρ
804 367 855 439 τῆς
873 390 905 424 τε

98 448 207 524 αἰθρίης
221 448 330 524 καὶτῆς
344 448 458 524 δρόσου.
498 449 609 509 πόντων
622 450 652 508 δὲ
665 455 720 509 τῶν
732 450 814 526 ἡμεῖς
826 450 905 528 ἴδμεν

98 535 206 612 θνητῶν
218 540 303 596 τοῦτο
317 537 348 604 ἐξ
358 538 512 615 ἐλαχίστου
525 537 662 618 μέγιστον
674 539 789 618 γίνεται·
806 539 841 598 τό
853 542 905 615 μίν

99 622 153 702 γιίρ
168 623 207 682 οἰιί
220 624 328 702 χηνέων
342 622 374 682 οὗ
391 628 493 702 πολλῷ
511 624 614 701 μέζονα
628 625 780 695 τίκτει,καί
794 625 810 685 ό
824 653 903 686 νεοσ-

97 709 151 774 σός
170 710 242 770 κατιί
261 710 349 791 λόγον
368 715 420 770 τοῦ
441 711 495 771 οἰοῦ
515 713 631 793 γίνεται·
666 712 853 788 αὐξανόμενος
873 714 903 774 δὲ

97 799 203 878 γίνεται
223 800 269 857 καὶ
290 804 317 862 ἐς
338 799 520 858 ἔπτακαιδεκα
540 801 656 879 πήχεας,
677 802 722 859 καὶ
742 801 832 878 μέζων
853 804 902 861 ἔτι·

98 886 155 964 ἔχει
169 887 199 945 δὲ
213 886 381 963 όφθαλμοῦς
393 889 446 963 μὲν
459 887 514 957 ὑός,
529 887 645 951 ὀδόντας
659 889 688 947 δὲ
701 890 843 969 μεγάλους
856 892 903 949 καί

96 975 307 1052 χαυλιόδοντας,
330 976 401 1034 κατιί
422 975 510 1055 λόγον
530 981 580 1035 τοῦ
602 975 741 1053 σώματος·
763 982 903 1057 γλῶσσαν

97 1062 127 1120 δὲ
142 1067 245 1138 μοῦνον
263 1063 364 1140 θηρίων
381 1063 431 1121 ου”κ
452 1066 551 1139 ἔφυσε·
579 1064 641 1123 οὐδὲ
657 1066 709 1139 την
731 1065 802 1124 κάτω
820 1066 902 1125 κινέει

95 1149 208 1230 γνάθον,
237 1151 315 1209 α’λλιί
342 1152 388 1208 καί
414 1155 498 1210 τοῦτο
519 1155 623 1227 μοῦνον
644 1153 747 1228 θηρίων
772 1153 825 1227 την
845 1153 902 1212 ἅνω

95 1237 200 1316 γνάθον
208 1237 353 1318 προσάγει
366 1243 402 1317 τῇ
417 1238 499 1297 καίτοι·
517 1241 574 1317 ἔχει
588 1239 617 1297 δὲ
632 1240 677 1296 καὶ
691 1237 793 1317 ὄνυχας
807 1266 900 1317 καρτε-

95 1325 161 1400 ροιίς
175 1328 220 1385 καί
238 1325 327 1403 δέρμα
345 1326 507 1395 λεπιδωτόν,
523 1325 659 1402 ἄρρηκτον
674 1328 719 1384 ἰπὶ
736 1331 787 1385 τοῦ
804 1328 899 1387 νότου·

94 1414 206 1488 τυφλόν
220 1414 249 1472 δὲ
264 1419 292 1473 ἐν
305 1413 393 1482 ὕδατι,
409 1418 437 1472 ἰν
450 1413 480 1472 δὲ
497 1419 533 1491 τῇ
550 1414 643 1492 αἰθρίῃ
657 1412 896 1490 ὀξυδερκέστατον.

95 1499 144 1559 ἅτε
165 1501 199 1576 δη
222 1501 258 1560 ὧν
280 1506 308 1560 ἐν
328 1500 407 1560 ὕδατι
427 1501 535 1561 δίαιταν
555 1501 728 1577 ποιεύμενον,
750 1501 782 1560 τό
804 1502 899 1579 στόμα

95 1589 204 1648 ἔνδοθεν
225 1589 321 1666 φορέει
342 1593 398 1647 πᾶν
418 1588 524 1665 μεστόν
544 1589 699 1664 βδελλέων.
740 1589 776 1648 τοὶ
795 1593 847 1665 μὲν
864 1591 898 1666 δή

94 1675 172 1734 ἄλλα
185 1676 267 1753 ὄρνεα
277 1677 323 1734 καὶ
334 1677 417 1752 θηρία
428 1675 525 1758 φεύγει
538 1703 596 1752 μιν·
611 1677 627 1736 ὁ
638 1677 667 1735 δὲ
680 1679 813 1756 τροχίλος
827 1683 896 1755 εἰρη-

95 1764 172 1823 ναῖόν
186 1769 212 1823 οἱ
227 1766 289 1823 ε’στί
299 1764 349 1824 ἅτε
363 1765 546 1843 ὠφελεομένῳ
556 1765 627 1841 πρός
641 1764 734 1824 αὐτοῦ·
750 1766 833 1826 ε’πεοίν
842 1768 898 1846 γιίρ

94 1856 122 1913 ές
141 1851 192 1928 την
211 1856 266 1933 γῆν
285 1855 357 1929 ἐκβῇ
375 1858 405 1910 ἐκ
425 1858 475 1912 τοῦ
495 1852 594 1916 ὕδατος
610 1853 626 1913 ό
645 1854 830 1929 κροκόδειλος,
852 1857 898 1913 καὶ

94 1941 189 1999 ἔπειτα
214 1941 404 2019 χόνη,-ἔωθε
430 1940 484 2021 γιίρ
505 1945 589 2000 τοῦτο
612 1942 648 2004 ὦς
671 1944 773 2002 ἐπίπαν
796 1943 900 2003 ποιέειν

92 2028 163 2104 πρός
175 2027 226 2088 τόν
245 2030 535 2105 ζέφυρον,-ε’νθαΰτα
551 2028 567 2088 ό
585 2030 718 2107 τροχίλος
736 2031 856 2090 ε’σδίνων
871 2037 897 2094 ἐς

92 2117 125 2174 τό
145 2115 240 2191 στόμα
255 2116 340 2175 αὐτοῦ
359 2118 502 2176 καταπίνει
521 2117 572 2179 τοίς
591 2118 726 2193 βδέλλας,
746 2119 761 2177 ὀ
778 2118 807 2177 δὲ
824 2118 894 2194 οἰφε-

92 2204 225 2279 λεόμενος
251 2203 346 2279 ἥδεται
371 2204 416 2262 καὶ
444 2203 522 2263 οὐδὲν
544 2206 651 2264 σίνεται
678 2206 727 2264 τὸν
750 2208 894 2284 τροχίλον.

91 2295 175 2350 Τοῖσι
186 2294 239 2367 μὲν
248 2291 282 2366 δη
296 2295 351 2350 τῶν
362 2292 520 2372 Αἰγυπτίων
535 2292 591 2368 ἱροί
603 2297 658 2351 εἰσι
672 2296 698 2351 οἱ
713 2293 893 2368 κροκόδειλοι,
905 2297 941 2354 09

91 2383 168 2438 τοῖσι
188 2378 211 2437 δ’
226 2379 266 2447 οὒ,
285 2378 351 2438 ἀλλ’
364 2377 413 2437 ἅτε
432 2381 585 2456 πολεμίους
605 2381 780 2456 περιέπουσι.
822 2385 849 2440 οἱ
865 2382 895 2440 δὲ

90 2468 158 2544 περί
168 2492 199 2526 τε
213 2467 314 2543 Θήβας
327 2467 373 2525 καὶ
386 2465 439 2542 την
452 2469 570 2543 Μοίριος
583 2468 685 2543 λίμνην
699 2468 834 2531 οἰκέοντες
848 2470 894 2527 καὶ

90 2555 180 2630 κόρτα
199 2554 317 2634 ἥγηνται
344 2553 445 2618 αότοιίς
465 2554 535 2615 εἶναι
557 2555 640 2631 ἱρούς.
683 2560 713 2613 ἐκ
732 2554 844 2615 πόντων
864 2556 895 2614 δὲ

91 2642 139 2702 ένα
166 2642 289 2719 ἑκάτεροι
316 2643 455 2718 τρέφουσι
483 2642 668 2719 κροκόδειλον,
697 2643 893 2723 δεδιδαγμένον

90 2731 161 2790 εἰναι
172 2730 329 2809 χειροήθεα·
365 2729 512 2806 οἷρτήματό
525 2755 556 2788 τε
572 2731 667 2788 λίθινα
680 2730 752 2808 χυτοὶ
766 2731 812 2788 καὶ
825 2729 892 2808 χρό-

89 2843 145 2878 σεα
171 2823 199 2881 ε’ς
217 2817 253 2878 τὰ
274 2817 330 2876 ὦτα
351 2818 480 2886 ἐνθέντες,
509 2817 554 2875 καὶ
582 2816 720 2894 ἀμφιδέας
744 2819 808 2895 περὶ
827 2817 892 2881 τοιίς

89 2907 243 2983 προσθίους
262 2905 357 2975 πόδας,
376 2907 422 2963 καὶ
442 2905 521 2964 σιτία
541 2903 685 2965 ἅπότακτα
706 2904 826 2968 διδόντες
846 2907 892 2964 καί

90 2994 175 3070 ἰρήϊα,
192 2993 238 3052 καὶ
257 2994 434 3070 περιέποντες
455 2992 490 3055 οἷς
511 2992 654 3052 κάλλιστα
675 2993 801 3064 ζώοντας,
823 2993 890 3053 οἷπο·

89 3081 224 3144 θανόντας
237 3081 267 3140 δὲ
279 3079 472 3158 ταριχεύοντες
488 3079 628 3140 θάπτουσι
641 3087 670 3141 ἐν
685 3085 763 3161 ἶρῇσι
777 3081 897 3159 θηκησι.

89 3174 116 3230 οἰ
128 3170 160 3229 δὲ
172 3170 235 3246 περὶ
244 3169 449 3249 Ἐλεφαντίνην
460 3169 549 3232 πόλιν
561 3171 705 3235 οἰκέοντες
718 3171 770 3230 καλ
779 3169 941 3260 ἐοδίουσικ

78 3255 185 3327 αὗΐθθςι
201 3257 251 3318 ουἰι
268 3259 428 3344 η’γεόμενοι
447 3261 531 3346 ἱροὺς
551 3261 639 3324 εἰναι.
684 3252 951 3322 mmmmm
