2040 3464
89 107 198 173 89-94]
377 110 604 160 ΜΕΛΠΟΜΕΝΗ.
841 110 887 161 317

89 195 210 248 ΟΝΤΑΙ
245 194 411 248 ΠΑΝΤΩΝ
452 193 657 248 ΠΟΤΑΜΩΝ.
713 192 783 246 ΚΑΙ
823 185 888 245 ΕΠ’

88 278 213 339 ΑΥΤΑΣ
235 282 410 334 ΑΠΙΚΕΤΟ
432 282 621 335 ΕΛΑΥΝΩΝ
642 281 713 334 ΕΠῙ
734 275 888 341 ΣΚΥΘΑΣ

90 367 267 426 ΣΤΡΑΤΟΝ
295 368 404 422 ΑΝΗΡ
432 364 596 426 ΑΡΙΣΤΟΣ
623 369 672 421 ΤΕ
696 368 767 422 ΚΑΙ
794 367 888 421 ΚΑΛ-

89 451 229 513 λΙΣΤΟΣ
263 455 429 509 ΠΑΝΤΩΝ
463 456 690 520 ΑΝΘΡΩΠΩΝ,
719 450 888 514 ΔΑΡΕΙΟΣ
946 470 952 481 ’

86 537 122 596 Ὁ
135 537 383 607 ’ΥΣΤΑΣΠΕΟΣ
398 540 584 602 ΠΕΡΣΕΩΝ
597 544 645 596 ΤΕ
666 543 736 596 ΚΑΙ
753 538 888 603 ΠΑΣΗΣ

88 627 165 689 ΤΗΣ
184 632 362 685 ΗΠΕῙΡΟΥ
382 627 585 691 ΒΑΣΙΛΕΥΣ·
619 629 708 687 ταῦτα
721 625 756 701 δή
770 626 889 686 ε’νθαῧτιι

88 713 207 795 ἐγράφη·

129 805 248 877 Δαρεῖος
268 800 299 860 δὲ
318 801 443 862 ε’νθεΰτεν
462 800 593 879 ὁρμηθεὶς
613 800 727 861 ἀπίκετο
748 805 775 864 ἐς
795 799 934 872 ἅλλον92

87 889 215 965 ποταμόν
224 893 262 967 τῷ
276 887 382 966 οὕνομα
390 887 539 965 Ἀρτισκός
549 894 619 960 ε’στι,
630 888 661 952 ὃς
674 889 719 948 διιὶ
728 888 886 966 Ὀδρυσέων

86 977 151 1053 ῥέει.
193 977 239 1035 ε’πὶ
255 979 354 1036 τοῦτον
367 976 401 1050 δή
414 976 464 1038 τόν
481 977 608 1054 ποταμόν
625 976 792 1053 ἀπικόμενος
812 979 885 1037 ε’ποί·

87 1089 142 1139 ησε
161 1064 277 1124 τοιόνδε·
298 1063 435 1134 ἀποδέξας
452 1066 553 1143 χωρίον
572 1070 608 1143 τῇ
628 1069 757 1143 στρατιῇ,
776 1066 885 1124 ε’κέλευε

87 1151 180 1212 πάντα
206 1150 293 1228 ἄνδρα
319 1153 401 1212 λίθον
421 1152 469 1211 ἕνα
488 1153 654 1228 παρεξιόντα
680 1153 784 1212 τιθέναι
805 1157 833 1214 ές
851 1152 885 1212 τό

88 1238 309 1320 ἀποδεδεγμένον
320 1243 404 1299 τοῦτο
417 1241 528 1318 χωρίον·
550 1239 585 1302 ὦς
598 1240 628 1298 δὲ
640 1240 757 1315 ταῦταή
768 1239 886 1316 στρατιή

88 1329 244 1397 ε’πετέλεσε,
267 1328 385 1387 ἐνθαῦτα
405 1326 543 1390 κολωνοιὶς
565 1327 706 1408 μεγάλους
725 1331 780 1387 τῶν
799 1329 886 1388 λίθων

88 1414 256 1487 καταλιπόν,
273 1415 413 1475 ἀπέλαυνε
431 1414 484 1491 τήν
504 1415 648 1492 στρατιήν.
684 1416 757 1493 Πρὶν
777 1417 807 1475 δὲ
823 1415 932 1476 ‹im-93

88 1505 188 1563 κέσθαι
207 1505 252 1562 ε’πὶ
269 1503 318 1563 τόν
330 1503 453 1581 Ἴστρον,
473 1503 599 1580 πρώτους
617 1505 702 1580 αἱρέει
720 1505 807 1567 Γέτας
821 1503 886 1567 τούς

88 1590 311 1662 ἀθανατίζοντας.
353 1594 380 1650 οὶ
399 1594 451 1667 μὲν
473 1592 529 1672 γοὶρ
550 1591 584 1667 δή
605 1591 654 1651 τόν
676 1591 886 1668 Σαλμυδησσόν

88 1681 198 1757 ἔχοντες
214 1679 331 1756 Θρήϊκες
350 1680 396 1738 καὶ
415 1679 484 1756 ὑπὲρ
498 1679 690 1755 Ἀπολλωνίης
709 1705 740 1740 τε
761 1680 807 1737 καὶ
827 1685 885 1738 Με-

87 1768 233 1845 σαμβρίης
255 1766 355 1830 πόλιος
379 1768 527 1842 οἰκημένοι,
550 1766 728 1847 (καλεύμενοι
748 1767 778 1825 δὲ
798 1768 885 1844 Σκυρ-

86 1856 183 1931 μιάδαι
204 1856 250 1914 καὶ
270 1854 411 1936 Νιψαῖοι,)
433 1855 557 1933 ἀμαχητὶ
578 1856 670 1931 σφέας
686 1854 786 1918 ου’τοιὶς
802 1856 885 1932 παρέ-

87 1943 175 2002 δοσαν
203 1943 320 2022 Δαρείῳ,
348 1947 376 2003 οἶ
402 1944 432 2002 δὲ
465 1945 548 2001 Γέται
580 1944 651 2020 πρός
685 1942 885 2024 ἀγνωμοσύνην

85 2031 256 2108 τραπόμενοι
285 2030 384 2109 αὐτίκα
410 2031 615 2107 ἐδουλώθησαν,
643 2032 768 2110 Θρηίκων
795 2031 885 2094 ε’όντες

86 2119 274 2195 ἀνδρειότατοι
308 2120 355 2177 καὶ
388 2118 561 2180 δικαιότατοι.
602 2120 816 2190 Ἀθανατίζουσι
853 2119 929 2180 δὶο4

85 2205 165 2266 τόνδε
182 2206 232 2266 τόν
247 2206 362 2284 τρόπον·
384 2204 448 2267 οὕτε
466 2206 653 2283 ἀποθνήσκειν
672 2208 786 2270 έωυτοιὶς
806 2207 882 2284 νομί·

86 2295 167 2364 ζουσι
191 2295 259 2354 ἰέναι
281 2320 313 2354 τε
337 2293 387 2355 τόν
414 2293 610 2370 ἀπολλύμενον
635 2294 713 2373 παραὶ
740 2294 883 2371 Ζάλμοξιῐ

86 2382 212 2458 δαίμονα·
237 2385 264 2442 οἱ
284 2383 314 2441 δὲ
334 2381 424 2442 αὐτῶν
444 2381 494 2442 τόν
516 2381 599 2442 αὐτόν
619 2386 718 2441 τοῦτον
738 2382 880 2457 νομίζουσι

85 2471 256 2545 Γεβελεῖζιν·
277 2470 323 2529 διαὶ
341 2470 532 2546 πεντετηρίδος
548 2471 579 2529 δὲ
594 2469 643 2531 τόν
658 2469 740 2548 πόλῳ
757 2468 879 2547 λαχόντα

84 2558 141 2615 αἰεί
156 2563 254 2634 σφεων
272 2557 360 2619 αὐτῶν
381 2557 582 2634 ἀποπέμπουσι
602 2556 724 2638 ἄγγελον
742 2557 819 2632 παραὶ
832 2557 882 2616 τόν

84 2644 235 2722 Ζάλμοξιν,
256 2645 451 2723 ἐντελλόμενοι
470 2649 525 2705 τῶν
545 2643 579 2704 ἂν
600 2645 733 2704 ἑκάστοτε
760 2645 880 2704 δέωνταυ

82 2734 228 2810 πέμπουσι
247 2734 277 2793 δὲ
298 2731 358 2792 ὧδε·
380 2737 407 2793 οἶ
426 2736 478 2810 μὲν
499 2733 588 2793 αὐτῶν
605 2734 753 2812 ταχθέντες
768 2732 880 2793 ἀκόντια

82 2822 148 2896 τρία
165 2822 271 2899 έχουσι·
293 2821 379 2880 ἄλλοι
399 2822 429 2880 δὲ
445 2821 628 2897 διαλαβόντες
647 2825 697 2880 τοῦ
717 2820 881 2896 ἀποπεμπο-

82 2910 169 2984 μένου
182 2908 259 2985 παραὶ
271 2909 321 2969 τόν
332 2909 474 2985 Ζάλμοξιν
483 2909 533 2973 τὰς
545 2912 641 2988 χεῖρας
654 2909 699 2967 καὶ
712 2909 776 2971 τοιὶς
786 2907 880 2978 πόδας,

82 2996 298 3071 ἀνακινήσαντες
331 2997 417 3057 αὐτόν
448 2991 586 3075 μετέωρον
618 2999 747 3073 ριπτεῦσι
777 3001 804 3059 ἔς
832 3005 881 3059 τοὶς

82 3083 201 3164 λόγχας.
240 3082 276 3159 ἣν
295 3086 347 3160 μὲν
370 3083 403 3159 δή
425 3083 552 3164 α’ποθάνη
579 3084 735 3160 ἀναπαρεὶς,
755 3088 832 3144 τοῖσι
851 3085 881 3143 δὲ

83 3171 165 3233 ἵλεως
184 3170 200 3230 ὁ
222 3169 284 3233 θεός
304 3171 393 3230 δοκέει
413 3171 491 3231 εἶναι·
511 3170 547 3248 ἢν
564 3171 596 3230 δὲ
613 3170 652 3249 μή
665 3171 892 3249 ἀποθόυή,αἰτι-

77 3263 162 3317 ιῑνται
178 3255 265 3319 ου’τδν
279 3257 332 3320 τόν
351 3257 491 3346 ἄγγελον,
505 3260 637 3341 ᾡόμενοί
651 3285 699 3338 μιν
714 3258 811 3334 ὶιυλρα
828 3252 919 3311 *νὼ
