2040 3464
90 105 198 169 κιο-αι]
432 108 543 156 mmo.
861 109 893 156 ευ

89 184 207 262 στήριον
220 186 443 261 προσκαλέομαι,
458 185 544 261 φίλος
555 211 586 245 τε
600 186 689 245 θέλων
701 185 834 265 γενέσθαι
846 185 893 244 καὶ

89 270 240 352 σύμμαχος
253 271 316 332 άνευ
328 299 359 332 τε
373 272 457 331 δόλου
472 273 517 331 καὶ
531 272 663 348 άπατης.”
702 275 828 349 Κροῖσος
839 275 892 349 μὲν

88 359 123 435 δη
143 365 232 419 ταῦτα
252 359 285 418 δι’
299 359 427 441 ἀγγέλων
447 359 666 436 ἐπεκηρυκεύετο,
680 360 893 436 Λακεδαιμόνιοι

88 447 119 506 δὲ
143 447 292 524 ἀκηκοότες
313 448 359 506 καὶ
380 447 458 507 αι’τοὶ
478 447 511 507 τό
533 447 700 524 θεοπρόπιον
719 447 752 507 τδ
777 449 893 528 Κροίσῳ

87 535 246 616 γενόμενον,
267 535 400 611 ἥσθησάν
422 562 453 596 τε
475 540 511 614 τῇ
534 534 629 611 α’φίξεῖ
648 540 702 595 τῶν
725 538 823 595 Λυδῶν
847 538 892 595 καὶ

88 624 258 698 ἐποιήσαντο
281 623 361 699 ὅρκια
382 624 482 699 ξεινίης
501 623 566 701 πέρι
589 623 635 682 καὶ
656 623 822 702 ξυμμαχίης·
847 624 893 682 καὶ

86 711 142 792 γάρ
158 710 346 775 τινες”αὗτούς
365 711 519 792 εὐεργεσίαι
539 712 615 790 εἶχον
633 716 663 769 ε’κ
682 712 809 789 Κροίσου
824 711 892 788 πρό-

85 825 169 876 τερον
182 800 221 858 έτι
233 803 383 881 γεγονυῖαι·
398 801 558 877 πέμψαντες
570 799 625 880 γάρ
640 801 666 857 οἶ
679 799 893 875 Λακεδαιμόνιοι

86 892 115 950 ε’ς
136 886 237 964 Σάρδις
257 887 366 966 χρυσόν
387 886 510 957 ὠνέοντο,
533 893 561 950 ε’ς
583 885 700 969 ἄγαλμα
720 887 892 964 βουλόμενοι

86 975 251 1053 χρήσασθαι
269 979 351 1034 τοῦτο
368 976 400 1035 τό
417 979 466 1035 νῦν
481 980 532 1051 τῆς
547 979 708 1050 Λακωνικῆς
727 980 756 1035 έν
772 975 891 1052 Θόρνακι

27 1095 29 1098 ·
87 1064 193 1140 ἵδρυται
215 1063 404 1126 Ἀπόλλωνος·
433 1068 558 1140 Κροῖσος
581 1063 612 1121 δέ
635 1069 691 1139 σφι
715 1062 892 1139 ὠνεομένοισι

86 1151 169 1215 ἔδωκε
186 1151 309 1227 δωτίνην,
349 1150 460 1210 Τούτων
477 1178 508 1211 τε
529 1151 566 1210 ὦν
587 1152 688 1210 εἵνεκεν
710 1154 736 1209 οἱ
758 1151 890 1210 Λακεδαι-
899 1151 938 1212 70

84 1238 178 1314 μόνιοι
195 1238 247 1314 τὴν
265 1240 429 1316 συμμαχίην
447 1239 582 1308 ἐδέξαντο,
600 1241 646 1297 καὶ
667 1238 710 1297 ὅτι
731 1244 761 1296 ἐκ
781 1237 891 1299 πάντων

85 1328 179 1402 σφέας
205 1328 354 1403 προκρίνας
381 1327 526 1402 Ἑλλήνων
555 1328 661 1402 αἱρέετο
691 1328 801 1402 φίλους·
836 1327 890 1396 καὶ,

84 1419 168 1474 τοῦτο
178 1418 229 1491 μὲν
243 1415 321 1474 αὐτοὶ
333 1415 408 1490 ἦσαν
423 1419 528 1491 ἑτοῖμοι
543 1416 748 1496 ἐπαγγείλαντι·
765 1416 891 1474 τοῦτοδὲ

85 1503 271 1578 ποιησάμενοι
301 1508 424 1580 κρητῆρα
450 1503 581 1582 χάλκεον,
610 1503 710 1573 ζωδίων
736 1529 767 1562 τε
794 1503 891 1571 ἔξωθεν

85 1591 246 1665 πλήσαντες
265 1593 330 1668 περὶ
349 1591 382 1650 τό
401 1595 499 1669 χεῖλος
519 1591 565 1648 καὶ
582 1590 699 1671 μεγάθεϊ
715 1592 890 1667 τριηκοσίους

44 1704 48 1712 ·
84 1677 230 1757 α’μφορέας
252 1680 393 1759 χωρέοντα
416 1679 494 1760 ἦγον,
517 1679 605 1757 δῶρον
625 1678 796 1756 βουλόμενοι
817 1679 890 1739 ἅντι-

85 1767 180 1826 δοῦναι
207 1769 333 1846 Κροίσῳ.
375 1765 455 1830 οὗτος
477 1767 493 1827 ὁ
517 1767 621 1844 κρητὴρ
646 1766 695 1826 οὐκ
721 1767 836 1827 ἀπίκετο
863 1773 889 1832 ἐς

85 1855 194 1932 Σάρδις,
208 1854 242 1913 δι’
256 1856 345 1918 αἰτίας
359 1855 493 1930 διφασίας
508 1856 662 1936 λεγομένας
677 1855 773 1914 τάσδε·
795 1859 822 1914 οἱ
837 1859 889 1932 μὲν

85 1942 299 2018 Λακεδαιμόνιοι
315 1944 441 2025 λέγουσι,
459 1943 494 2006 ὦς
513 1945 621 2002 ἐπείτε
638 1943 774 2023 άγόμενος
792 1949 819 2006 ἐς
839 1944 890 2008 τὰς

85 2030 186 2108 Σάρδις
199 2031 214 2090 ὁ
229 2031 335 2108 κρητὴρ
349 2032 454 2112 ε’γίνετο
465 2030 536 2090 κατά
546 2030 598 2106 την
609 2031 726 2107 Σαμίην,
736 2031 889 2109 πυθόμενοι

85 2118 188 2195 Σάμιοι
214 2118 365 2177 ἀπελοίατο
392 2118 478 2179 αὐτόν
504 2120 586 2194 νηυσὶ
612 2123 739 2196 μακρῇσι
769 2119 888 2178 ε’πιπλιό-

84 2231 193 2270 σαντες.
236 2205 315 2266 αὐτοὶ
333 2208 363 2266 δὲ
379 2206 481 2283 Σάμιοι
498 2208 624 2286 λέγουσι,
640 2206 675 2270 αῖς
691 2207 752 2265 ε’πεί
765 2234 795 2266 τε
808 2207 888 2266 ὗστέ-

83 2318 175 2369 ρησαν
196 2297 223 2353 οἱ
243 2293 357 2374 ἄγοντες
376 2299 431 2353 τῶν
449 2294 671 2370 Λακεδαιμονίων
688 2294 737 2353 τόν
756 2300 887 2372 κρητῆρα,

84 2381 269 2442 ἐπυνθάνοντο
293 2381 322 2440 δὲ
344 2382 446 2458 Σάρδις
467 2408 499 2441 τε
523 2384 568 2441 καὶ
592 2387 719 2458 Κροῖσον
742 2383 886 2458 ἡλωκέναι,

83 2469 219 2530 ἀπέδοντο
236 2470 286 2530 τόν
304 2474 427 2546 κρητῆρα
445 2476 474 2530 ἐν
495 2470 589 2548 Σάμῳ·
612 2470 718 2533 ἰδιώτας
740 2471 770 2529 δὲ
789 2471 889 2548 ἄνδρας

83 2560 250 2635 πριαμένους
262 2558 407 2618 α’ναθεῖναί
417 2584 466 2635 μιν
479 2563 506 2621 ἐς
519 2559 552 2618 τό
566 2559 692 2636 Ἡραῖον.
723 2558 797 2638 τάχα
811 2559 841 2618 δὲ
854 2557 888 2618 άν

84 2649 129 2704 καὶ
144 2650 170 2706 οῖ
184 2645 352 2721 οἷποδόμενοι
365 2647 475 2728 λέγοιεν
489 2646 652 2722 ἀπικόμενοι
662 2653 690 2709 ἐς
701 2647 840 2722 Σπάρτην,
853 2647 887 2710 αῖς

83 2733 301 2812 ἀπαιρεθείησαν
314 2733 370 2793 ὗπὸ
384 2735 506 2811 Σαμίων.
547 2735 619 2794 κατοὶ
631 2735 683 2810 μέν
695 2761 743 2794 νυν
758 2734 808 2794 τόν
824 2760 887 2812 κρη-

83 2826 154 2899 τῆρα
168 2822 253 2885 οὕτως
267 2825 344 2901 ἔσχε.

124 2914 250 2988 Κροῖσος
263 2910 293 2967 δὲ
306 2909 437 2986 άμαρτών
448 2914 498 2970 τοῦ
510 2915 651 2988 χρησμοῦ,
667 2911 789 2969 ε’ποιέετο
803 2936 888 2986 στρα-
896 2912 931 2974 71

83 2999 161 3074 τηίην
182 3003 210 3060 ές
230 2998 443 3073 Καππαδοκίην,
458 3001 577 3063 ε’λπίσας
598 2997 776 3075 καταιρήσειν
794 2998 888 3074 Κῦρόν

83 3111 113 3144 τε
126 3087 171 3145 καὶ
184 3084 238 3162 τήν
253 3085 385 3160 Περσέων
399 3085 524 3162 δύναμιν.

123 3173 412 3251 Παρασκευαζομένου
429 3174 460 3236 δὲ
478 3175 614 3255 Κροίσου
633 3172 855 3252 στρατείιεσδαι
867 3170 924 3228 ἐπλ

75 3262 194 3375 HQ&
221 3265 278 3322 τῶν
298 3289 342 3326 τις
366 3265 471 3328 Λυδῶν
500 3267 704 3347 νομιζόμενος
730 3263 784 3323 καλ
802 3257 944 3333 πυδσῦΰ
