<?xml version="1.0" encoding="UTF-8"?>
<!DOCTYPE html PUBLIC "-//W3C//DTD XHTML 1.0 Transitional//EN"
    "http://www.w3.org/TR/xhtml1/DTD/xhtml1-transitional.dtd">
<html xmlns="http://www.w3.org/1999/xhtml" xml:lang="en" lang="en">
 <head>
  <title>
</title>
<meta http-equiv="Content-Type" content="text/html;charset=utf-8" />
  <meta name='ocr-system' content='tesseract 3.04.00' />
  <meta name='ocr-capabilities' content='ocr_page ocr_carea ocr_par ocr_line ocrx_word'/>
</head>
<body>
  <div class='ocr_page' id='page_1' title='image "./recensuitjoseph00herogoog_0222.png"; bbox 0 0 2040 3464; ppageno 0'>
   <div class='ocr_carea' id='block_1_1' title="bbox 76 107 953 3339">
    <p class='ocr_par' dir='ltr' id='par_1_1' title="bbox 90 107 895 1752">
     <span class='ocr_line' id='line_1_1' title="bbox 94 107 891 172; baseline 0 -14"><span class='ocrx_word' id='word_1_1' title='bbox 94 107 233 172; x_wconf 78' lang='grc' dir='ltr'>ιιι-ιιι]</span> <span class='ocrx_word' id='word_1_2' title='bbox 420 109 582 158; x_wconf 73' lang='grc' dir='ltr'>καταυαιι.</span> <span class='ocrx_word' id='word_1_3' title='bbox 844 109 891 160; x_wconf 83' lang='grc' dir='ltr'>ιιι</span> 
     </span>
     <span class='ocr_line' id='line_1_2' title="bbox 94 185 894 266; baseline 0.001 -21"><span class='ocrx_word' id='word_1_4' title='bbox 94 186 189 264; x_wconf 78' lang='grc' dir='ltr'>ἄφορα</span> <span class='ocrx_word' id='word_1_5' title='bbox 208 185 315 245; x_wconf 84' lang='grc' dir='ltr'>πολλά·</span> <span class='ocrx_word' id='word_1_6' title='bbox 339 185 427 266; x_wconf 89' lang='grc' dir='ltr'>λόγον</span> <span class='ocrx_word' id='word_1_7' title='bbox 447 186 477 245; x_wconf 85' lang='grc' dir='ltr'>δὲ</span> <span class='ocrx_word' id='word_1_8' title='bbox 496 185 576 246; x_wconf 82' lang='grc' dir='ltr'>τόνδε</span> <span class='ocrx_word' id='word_1_9' title='bbox 596 186 772 266; x_wconf 72' lang='grc' dir='ltr'>ἐπιλέγοντες</span> <span class='ocrx_word' id='word_1_10' title='bbox 794 188 822 246; x_wconf 85' lang='grc' dir='ltr'>οἰ</span> <span class='ocrx_word' id='word_1_11' title='bbox 845 189 894 246; x_wconf 89' lang='grc' dir='ltr'>Αἰ·</span> 
     </span>
     <span class='ocr_line' id='line_1_3' title="bbox 92 272 895 354; baseline 0.001 -22"><span class='ocrx_word' id='word_1_12' title='bbox 92 273 205 353; x_wconf 83' lang='grc' dir='ltr'>γύπτιοι</span> <span class='ocrx_word' id='word_1_13' title='bbox 221 273 296 348; x_wconf 82' lang='grc' dir='ltr'>φασὶ</span> <span class='ocrx_word' id='word_1_14' title='bbox 317 272 386 332; x_wconf 86' lang='grc' dir='ltr'>εἶναι</span> <span class='ocrx_word' id='word_1_15' title='bbox 407 272 493 348; x_wconf 81' lang='grc' dir='ltr'>αι’τήν</span> <span class='ocrx_word' id='word_1_16' title='bbox 512 274 635 348; x_wconf 88' lang='grc' dir='ltr'>πλωτήν·</span> <span class='ocrx_word' id='word_1_17' title='bbox 658 273 693 337; x_wconf 79' lang='grc' dir='ltr'>οἰς</span> <span class='ocrx_word' id='word_1_18' title='bbox 713 279 742 333; x_wconf 94' lang='grc' dir='ltr'>ἐν</span> <span class='ocrx_word' id='word_1_19' title='bbox 761 277 797 352; x_wconf 78' lang='grc' dir='ltr'>τῇ</span> <span class='ocrx_word' id='word_1_20' title='bbox 817 273 895 354; x_wconf 75' lang='grc' dir='ltr'>νήσῳ</span> 
     </span>
     <span class='ocr_line' id='line_1_4' title="bbox 92 358 894 438; baseline 0.004 -19"><span class='ocrx_word' id='word_1_21' title='bbox 92 361 179 438; x_wconf 83' lang='grc' dir='ltr'>ταύτῃ</span> <span class='ocrx_word' id='word_1_22' title='bbox 194 359 243 420; x_wconf 88' lang='grc' dir='ltr'>ούκ</span> <span class='ocrx_word' id='word_1_23' title='bbox 260 361 346 438; x_wconf 83' lang='grc' dir='ltr'>ἐούσῃ</span> <span class='ocrx_word' id='word_1_24' title='bbox 360 362 496 438; x_wconf 87' lang='grc' dir='ltr'>πρότερον</span> <span class='ocrx_word' id='word_1_25' title='bbox 508 366 615 438; x_wconf 80' lang='grc' dir='ltr'>πλωτῇ,</span> <span class='ocrx_word' id='word_1_26' title='bbox 628 361 721 434; x_wconf 80' lang='grc' dir='ltr'>Ληταί,</span> <span class='ocrx_word' id='word_1_27' title='bbox 736 366 823 421; x_wconf 81' lang='grc' dir='ltr'>ἐοῦσα</span> <span class='ocrx_word' id='word_1_28' title='bbox 838 358 894 423; x_wconf 67' lang='lat' dir='ltr'>ufir</span> 
     </span>
     <span class='ocr_line' id='line_1_5' title="bbox 94 447 895 529; baseline 0.006 -23"><span class='ocrx_word' id='word_1_29' title='bbox 94 447 165 507; x_wconf 81' lang='grc' dir='ltr'>όκταί</span> <span class='ocrx_word' id='word_1_30' title='bbox 186 449 255 508; x_wconf 76' lang='grc' dir='ltr'>θεοῖν</span> <span class='ocrx_word' id='word_1_31' title='bbox 277 452 333 507; x_wconf 80' lang='grc' dir='ltr'>τῶν</span> <span class='ocrx_word' id='word_1_32' title='bbox 353 448 468 523; x_wconf 83' lang='grc' dir='ltr'>πριύτων</span> <span class='ocrx_word' id='word_1_33' title='bbox 488 451 642 529; x_wconf 77' lang='grc' dir='ltr'>γενομένων</span> <span class='ocrx_word' id='word_1_34' title='bbox 664 449 795 509; x_wconf 77' lang='grc' dir='ltr'>οἰκέουσα</span> <span class='ocrx_word' id='word_1_35' title='bbox 815 452 845 510; x_wconf 85' lang='grc' dir='ltr'>δέ</span> <span class='ocrx_word' id='word_1_36' title='bbox 865 455 895 511; x_wconf 88' lang='grc' dir='ltr'>έν</span> 
     </span>
     <span class='ocr_line' id='line_1_6' title="bbox 94 534 893 613; baseline 0.005 -20"><span class='ocrx_word' id='word_1_37' title='bbox 94 539 198 595; x_wconf 81' lang='grc' dir='ltr'>Βουτοῖ</span> <span class='ocrx_word' id='word_1_38' title='bbox 215 535 293 604; x_wconf 88' lang='grc' dir='ltr'>πόλι,</span> <span class='ocrx_word' id='word_1_39' title='bbox 311 535 356 595; x_wconf 82' lang='grc' dir='ltr'>ἴνα</span> <span class='ocrx_word' id='word_1_40' title='bbox 376 534 410 610; x_wconf 87' lang='grc' dir='ltr'>δή</span> <span class='ocrx_word' id='word_1_41' title='bbox 428 539 454 593; x_wconf 87' lang='grc' dir='ltr'>οἱ</span> <span class='ocrx_word' id='word_1_42' title='bbox 474 535 507 594; x_wconf 80' lang='grc' dir='ltr'>τό</span> <span class='ocrx_word' id='word_1_43' title='bbox 527 535 699 613; x_wconf 90' lang='grc' dir='ltr'>χρηστήριον</span> <span class='ocrx_word' id='word_1_44' title='bbox 719 537 802 596; x_wconf 85' lang='grc' dir='ltr'>τοῦτό</span> <span class='ocrx_word' id='word_1_45' title='bbox 823 543 893 612; x_wconf 83' lang='grc' dir='ltr'>ἐστι,</span> 
     </span>
     <span class='ocr_line' id='line_1_7' title="bbox 92 620 893 702; baseline 0.006 -22.057"><span class='ocrx_word' id='word_1_46' title='bbox 92 620 262 684; x_wconf 82' lang='grc' dir='ltr'>Απόλλωνα</span> <span class='ocrx_word' id='word_1_47' title='bbox 283 648 358 699; x_wconf 89' lang='grc' dir='ltr'>παρα</span> <span class='ocrx_word' id='word_1_48' title='bbox 378 621 468 685; x_wconf 86' lang='grc' dir='ltr'>Ἴσιος</span> <span class='ocrx_word' id='word_1_49' title='bbox 491 623 726 699; x_wconf 83' lang='grc' dir='ltr'>παρακαταθήκην</span> <span class='ocrx_word' id='word_1_50' title='bbox 750 625 893 702; x_wconf 76' lang='grc' dir='ltr'>δεξαμένη,</span> 
     </span>
     <span class='ocr_line' id='line_1_8' title="bbox 93 709 895 804; baseline 0.004 -37"><span class='ocrx_word' id='word_1_51' title='bbox 93 709 211 770; x_wconf 86' lang='grc' dir='ltr'>διέσωσε</span> <span class='ocrx_word' id='word_1_52' title='bbox 231 710 469 788; x_wconf 83' lang='grc' dir='ltr'>κατακρύψασα’</span> <span class='ocrx_word' id='word_1_53' title='bbox 457 736 486 769; x_wconf 89' lang='grc' dir='ltr'>εν</span> <span class='ocrx_word' id='word_1_54' title='bbox 508 713 544 788; x_wconf 76' lang='grc' dir='ltr'>τῇ</span> <span class='ocrx_word' id='word_1_55' title='bbox 565 715 614 771; x_wconf 80' lang='grc' dir='ltr'>νῦν</span> <span class='ocrx_word' id='word_1_56' title='bbox 636 715 736 788; x_wconf 79' lang='grc' dir='ltr'>πλωτῇ</span> <span class='ocrx_word' id='word_1_57' title='bbox 755 714 895 804; x_wconf 78' lang='grc' dir='ltr'>λεγομένῃ</span> 
     </span>
     <span class='ocr_line' id='line_1_9' title="bbox 92 790 894 878; baseline 0.005 -21"><span class='ocrx_word' id='word_1_58' title='bbox 92 797 177 878; x_wconf 87' lang='grc' dir='ltr'>νήσω,</span> <span class='ocrx_word' id='word_1_59' title='bbox 200 797 246 857; x_wconf 82' lang='grc' dir='ltr'>ὅτε</span> <span class='ocrx_word' id='word_1_60' title='bbox 270 797 358 872; x_wconf 80' lang='grc' dir='ltr'>δή</span> <span class='ocrx_word' id='word_1_61' title='bbox 325 825 359 858; x_wconf 90' lang='grc' dir='ltr'>το</span> <span class='ocrx_word' id='word_1_62' title='bbox 383 801 440 858; x_wconf 79' lang='grc' dir='ltr'>πᾶν</span> <span class='ocrx_word' id='word_1_63' title='bbox 464 796 643 874; x_wconf 80' lang='grc' dir='ltr'>διζήμενος</span> <span class='ocrx_word' id='word_1_64' title='bbox 628 825 643 857; x_wconf 97' lang='grc' dir='ltr'>ο</span> <span class='ocrx_word' id='word_1_65' title='bbox 660 799 762 873; x_wconf 88' lang='grc' dir='ltr'>Τυφων</span> <span class='ocrx_word' id='word_1_66' title='bbox 786 790 894 874; x_wconf 79' lang='grc' dir='ltr'>ἐπῆλθε</span> 
     </span>
     <span class='ocr_line' id='line_1_10' title="bbox 93 884 893 962; baseline 0.005 -20"><span class='ocrx_word' id='word_1_67' title='bbox 93 885 182 945; x_wconf 85' lang='grc' dir='ltr'>θέλων</span> <span class='ocrx_word' id='word_1_68' title='bbox 192 885 310 962; x_wconf 82' lang='grc' dir='ltr'>ἐξευρεῖν</span> <span class='ocrx_word' id='word_1_69' title='bbox 323 889 373 944; x_wconf 82' lang='grc' dir='ltr'>τοῦ</span> <span class='ocrx_word' id='word_1_70' title='bbox 386 884 557 961; x_wconf 85' lang='grc' dir='ltr'>Ὀσίριος</span> <span class='ocrx_word' id='word_1_71' title='bbox 524 911 574 944; x_wconf 91' lang='grc' dir='ltr'>τον</span> <span class='ocrx_word' id='word_1_72' title='bbox 586 885 681 944; x_wconf 83' lang='grc' dir='ltr'>παῖδα·</span> <span class='ocrx_word' id='word_1_73' title='bbox 684 923 723 932; x_wconf 91' lang='grc'>-</span> <span class='ocrx_word' id='word_1_74' title='bbox 723 884 893 947; x_wconf 87' lang='grc' dir='ltr'>Απόλλωνα</span> 
     </span>
     <span class='ocr_line' id='line_1_11' title="bbox 93 970 893 1054; baseline 0.008 -25"><span class='ocrx_word' id='word_1_75' title='bbox 93 970 122 1030; x_wconf 84' lang='grc' dir='ltr'>δὲ</span> <span class='ocrx_word' id='word_1_76' title='bbox 138 974 185 1031; x_wconf 85' lang='grc' dir='ltr'>καὶ</span> <span class='ocrx_word' id='word_1_77' title='bbox 199 971 334 1049; x_wconf 82' lang='grc' dir='ltr'>Ἀρτεμιν</span> <span class='ocrx_word' id='word_1_78' title='bbox 351 971 492 1032; x_wconf 81' lang='grc' dir='ltr'>Διονύσου</span> <span class='ocrx_word' id='word_1_79' title='bbox 513 972 559 1031; x_wconf 84' lang='grc' dir='ltr'>καὶ</span> <span class='ocrx_word' id='word_1_80' title='bbox 573 971 664 1035; x_wconf 87' lang='grc' dir='ltr'>Ἴσιος</span> <span class='ocrx_word' id='word_1_81' title='bbox 683 973 803 1054; x_wconf 90' lang='grc' dir='ltr'>λέγουσι</span> <span class='ocrx_word' id='word_1_82' title='bbox 823 973 893 1035; x_wconf 85' lang='grc' dir='ltr'>εἶναι</span> 
     </span>
     <span class='ocr_line' id='line_1_12' title="bbox 92 1058 891 1142; baseline 0.006 -26"><span class='ocrx_word' id='word_1_83' title='bbox 92 1059 200 1131; x_wconf 82' lang='grc' dir='ltr'>παῖδας,</span> <span class='ocrx_word' id='word_1_84' title='bbox 214 1064 325 1136; x_wconf 77' lang='grc' dir='ltr'>Λητοῦν</span> <span class='ocrx_word' id='word_1_85' title='bbox 342 1060 372 1118; x_wconf 84' lang='grc' dir='ltr'>δὲ</span> <span class='ocrx_word' id='word_1_86' title='bbox 388 1059 495 1135; x_wconf 76' lang='grc' dir='ltr'>τροφόν</span> <span class='ocrx_word' id='word_1_87' title='bbox 509 1058 619 1119; x_wconf 82' lang='grc' dir='ltr'>αύτοῖσι</span> <span class='ocrx_word' id='word_1_88' title='bbox 636 1061 682 1118; x_wconf 85' lang='grc' dir='ltr'>καὶ</span> <span class='ocrx_word' id='word_1_89' title='bbox 698 1061 834 1138; x_wconf 80' lang='grc' dir='ltr'>σώτειραν</span> <span class='ocrx_word' id='word_1_90' title='bbox 845 1087 891 1142; x_wconf 90' lang='grc' dir='ltr'>γε·</span> 
     </span>
     <span class='ocr_line' id='line_1_13' title="bbox 92 1144 891 1228; baseline -0.001 -22"><span class='ocrx_word' id='word_1_91' title='bbox 92 1149 200 1206; x_wconf 88' lang='grc' dir='ltr'>νέσθαι·</span> <span class='ocrx_word' id='word_1_92' title='bbox 215 1147 384 1228; x_wconf 79' lang='grc' dir='ltr'>Αἰγυπτιστὶ</span> <span class='ocrx_word' id='word_1_93' title='bbox 393 1147 422 1205; x_wconf 85' lang='grc' dir='ltr'>δὲ</span> <span class='ocrx_word' id='word_1_94' title='bbox 432 1144 582 1206; x_wconf 84' lang='grc' dir='ltr'>Ἀπόλλων</span> <span class='ocrx_word' id='word_1_95' title='bbox 589 1146 743 1224; x_wconf 81' lang='grc' dir='ltr'>μὲνὨρος,</span> <span class='ocrx_word' id='word_1_96' title='bbox 754 1149 891 1225; x_wconf 86' lang='grc' dir='ltr'>Δημήτηρ</span> 
     </span>
     <span class='ocr_line' id='line_1_14' title="bbox 110 1233 893 1313; baseline 0.003 -20"><span class='ocrx_word' id='word_1_97' title='bbox 110 1237 122 1293; x_wconf 84' lang='grc' dir='ltr'>ὲ</span> <span class='ocrx_word' id='word_1_98' title='bbox 137 1234 219 1305; x_wconf 84' lang='grc' dir='ltr'>Ἶσις,</span> <span class='ocrx_word' id='word_1_99' title='bbox 230 1234 364 1313; x_wconf 81' lang='grc' dir='ltr'>Ἀρτεμις</span> <span class='ocrx_word' id='word_1_100' title='bbox 382 1235 411 1293; x_wconf 82' lang='grc' dir='ltr'>δὲ</span> <span class='ocrx_word' id='word_1_101' title='bbox 429 1234 601 1311; x_wconf 83' lang='grc' dir='ltr'>Βούβαστις.</span> <span class='ocrx_word' id='word_1_102' title='bbox 636 1239 667 1292; x_wconf 86' lang='grc' dir='ltr'>ἐκ</span> <span class='ocrx_word' id='word_1_103' title='bbox 682 1233 781 1293; x_wconf 92' lang='grc' dir='ltr'>τούτου</span> <span class='ocrx_word' id='word_1_104' title='bbox 797 1235 827 1293; x_wconf 81' lang='grc' dir='ltr'>δὲ</span> <span class='ocrx_word' id='word_1_105' title='bbox 842 1239 893 1295; x_wconf 84' lang='grc' dir='ltr'>τοῦ</span> 
     </span>
     <span class='ocr_line' id='line_1_15' title="bbox 91 1321 895 1404; baseline 0.007 -24"><span class='ocrx_word' id='word_1_106' title='bbox 91 1321 179 1404; x_wconf 89' lang='grc' dir='ltr'>λόγου</span> <span class='ocrx_word' id='word_1_107' title='bbox 200 1324 246 1381; x_wconf 87' lang='grc' dir='ltr'>καὶ</span> <span class='ocrx_word' id='word_1_108' title='bbox 267 1322 377 1386; x_wconf 73' lang='grc' dir='ltr'>οὐδενός</span> <span class='ocrx_word' id='word_1_109' title='bbox 401 1321 493 1380; x_wconf 78' lang='grc' dir='ltr'>ἄλλου</span> <span class='ocrx_word' id='word_1_110' title='bbox 513 1321 659 1399; x_wconf 82' lang='grc' dir='ltr'>Αἰσχύλος</span> <span class='ocrx_word' id='word_1_111' title='bbox 679 1325 695 1380; x_wconf 89' lang='grc' dir='ltr'>ὁ</span> <span class='ocrx_word' id='word_1_112' title='bbox 715 1321 895 1398; x_wconf 78' lang='grc' dir='ltr'>Εὐφορίωνος</span> 
     </span>
     <span class='ocr_line' id='line_1_16' title="bbox 91 1409 894 1491; baseline 0.002 -23"><span class='ocrx_word' id='word_1_113' title='bbox 91 1409 203 1486; x_wconf 82' lang='grc' dir='ltr'>ἥρπασε</span> <span class='ocrx_word' id='word_1_114' title='bbox 215 1411 248 1470; x_wconf 78' lang='grc' dir='ltr'>τό</span> <span class='ocrx_word' id='word_1_115' title='bbox 263 1410 315 1491; x_wconf 76' lang='grc' dir='ltr'>ἐγοί</span> <span class='ocrx_word' id='word_1_116' title='bbox 327 1411 437 1486; x_wconf 81' lang='grc' dir='ltr'>φράσω,</span> <span class='ocrx_word' id='word_1_117' title='bbox 449 1413 551 1486; x_wconf 81' lang='grc' dir='ltr'>μοῦνος</span> <span class='ocrx_word' id='word_1_118' title='bbox 564 1410 598 1484; x_wconf 80' lang='grc' dir='ltr'>δή</span> <span class='ocrx_word' id='word_1_119' title='bbox 612 1411 747 1484; x_wconf 88' lang='grc' dir='ltr'>ποιητέων</span> <span class='ocrx_word' id='word_1_120' title='bbox 759 1414 814 1469; x_wconf 80' lang='grc' dir='ltr'>τῶν</span> <span class='ocrx_word' id='word_1_121' title='bbox 826 1436 894 1486; x_wconf 91' lang='grc' dir='ltr'>προ-</span> 
     </span>
     <span class='ocr_line' id='line_1_17' title="bbox 90 1496 892 1577; baseline 0 -20"><span class='ocrx_word' id='word_1_122' title='bbox 90 1499 253 1577; x_wconf 88' lang='grc' dir='ltr'>γενομένων·</span> <span class='ocrx_word' id='word_1_123' title='bbox 281 1500 397 1573; x_wconf 90' lang='grc' dir='ltr'>ἐποίησε</span> <span class='ocrx_word' id='word_1_124' title='bbox 421 1497 478 1577; x_wconf 80' lang='grc' dir='ltr'>γάρ</span> <span class='ocrx_word' id='word_1_125' title='bbox 499 1496 635 1573; x_wconf 72' lang='grc' dir='ltr'>’Ἄρτεμιν</span> <span class='ocrx_word' id='word_1_126' title='bbox 659 1497 728 1556; x_wconf 84' lang='grc' dir='ltr'>εἶναι</span> <span class='ocrx_word' id='word_1_127' title='bbox 754 1497 892 1577; x_wconf 85' lang='grc' dir='ltr'>θυγατέρα</span> 
     </span>
     <span class='ocr_line' id='line_1_18' title="bbox 92 1584 893 1665; baseline 0 -21"><span class='ocrx_word' id='word_1_128' title='bbox 92 1585 343 1663; x_wconf 72' lang='grc' dir='ltr'>Δήμητρος-τήν</span> <span class='ocrx_word' id='word_1_129' title='bbox 357 1587 386 1644; x_wconf 86' lang='grc' dir='ltr'>δὲ</span> <span class='ocrx_word' id='word_1_130' title='bbox 404 1590 492 1660; x_wconf 76' lang='grc' dir='ltr'>νῆσον</span> <span class='ocrx_word' id='word_1_131' title='bbox 509 1585 554 1644; x_wconf 81' lang='grc' dir='ltr'>διιί</span> <span class='ocrx_word' id='word_1_132' title='bbox 572 1589 655 1644; x_wconf 83' lang='grc' dir='ltr'>τοῦτο</span> <span class='ocrx_word' id='word_1_133' title='bbox 671 1584 804 1665; x_wconf 87' lang='grc' dir='ltr'>γενέσθαι</span> <span class='ocrx_word' id='word_1_134' title='bbox 818 1591 893 1644; x_wconf 87' lang='grc' dir='ltr'>πλω-</span> 
     </span>
     <span class='ocr_line' id='line_1_19' title="bbox 90 1672 562 1752; baseline 0.002 -21"><span class='ocrx_word' id='word_1_135' title='bbox 90 1672 151 1748; x_wconf 87' lang='grc' dir='ltr'>τήν.</span> <span class='ocrx_word' id='word_1_136' title='bbox 185 1679 273 1733; x_wconf 81' lang='grc' dir='ltr'>ταῦτα</span> <span class='ocrx_word' id='word_1_137' title='bbox 286 1677 337 1750; x_wconf 82' lang='grc' dir='ltr'>μὲν</span> <span class='ocrx_word' id='word_1_138' title='bbox 351 1673 421 1732; x_wconf 77' lang='grc' dir='ltr'>οὕτω</span> <span class='ocrx_word' id='word_1_139' title='bbox 435 1673 562 1752; x_wconf 88' lang='grc' dir='ltr'>λέγουσι.</span> 
     </span>
    </p>

    <p class='ocr_par' dir='ltr' id='par_1_2' title="bbox 89 1759 939 2276">
     <span class='ocr_line' id='line_1_20' title="bbox 131 1759 939 1840; baseline 0.006 -21"><span class='ocrx_word' id='word_1_140' title='bbox 131 1763 307 1840; x_wconf 80' lang='grc' dir='ltr'>Ψαμμίτιχος</span> <span class='ocrx_word' id='word_1_141' title='bbox 331 1761 361 1820; x_wconf 88' lang='grc' dir='ltr'>δὲ</span> <span class='ocrx_word' id='word_1_142' title='bbox 384 1761 558 1837; x_wconf 84' lang='grc' dir='ltr'>ἐβασίλευσε</span> <span class='ocrx_word' id='word_1_143' title='bbox 582 1759 724 1840; x_wconf 85' lang='grc' dir='ltr'>Αἰγύπτου</span> <span class='ocrx_word' id='word_1_144' title='bbox 747 1762 939 1839; x_wconf 84' lang='grc' dir='ltr'>τέσσερα157</span> 
     </span>
     <span class='ocr_line' id='line_1_21' title="bbox 92 1848 892 1925; baseline 0.004 -19"><span class='ocrx_word' id='word_1_145' title='bbox 92 1849 137 1906; x_wconf 86' lang='grc' dir='ltr'>καὶ</span> <span class='ocrx_word' id='word_1_146' title='bbox 150 1850 323 1925; x_wconf 89' lang='grc' dir='ltr'>πεντήκοντα</span> <span class='ocrx_word' id='word_1_147' title='bbox 337 1850 407 1907; x_wconf 81' lang='grc' dir='ltr'>ἐτεα·</span> <span class='ocrx_word' id='word_1_148' title='bbox 429 1852 483 1907; x_wconf 83' lang='grc' dir='ltr'>τῶν</span> <span class='ocrx_word' id='word_1_149' title='bbox 496 1848 532 1907; x_wconf 78' lang='grc' dir='ltr'>τά</span> <span class='ocrx_word' id='word_1_150' title='bbox 549 1850 609 1911; x_wconf 80' lang='grc' dir='ltr'>ἑνός</span> <span class='ocrx_word' id='word_1_151' title='bbox 625 1848 722 1908; x_wconf 86' lang='grc' dir='ltr'>δέοντα</span> <span class='ocrx_word' id='word_1_152' title='bbox 736 1849 892 1925; x_wconf 86' lang='grc' dir='ltr'>τριήκοντα,</span> 
     </span>
     <span class='ocr_line' id='line_1_22' title="bbox 89 1935 895 2015; baseline 0.006 -21"><span class='ocrx_word' id='word_1_153' title='bbox 89 1937 218 2008; x_wconf 83' lang='grc' dir='ltr'>Ἀζωτον,</span> <span class='ocrx_word' id='word_1_154' title='bbox 233 1941 283 2012; x_wconf 81' lang='grc' dir='ltr'>τῆς</span> <span class='ocrx_word' id='word_1_155' title='bbox 298 1936 399 2013; x_wconf 80' lang='grc' dir='ltr'>Συρίης</span> <span class='ocrx_word' id='word_1_156' title='bbox 411 1936 540 2015; x_wconf 81' lang='grc' dir='ltr'>μεγάλην</span> <span class='ocrx_word' id='word_1_157' title='bbox 555 1935 649 2004; x_wconf 91' lang='grc' dir='ltr'>πόλιν,</span> <span class='ocrx_word' id='word_1_158' title='bbox 664 1937 895 2014; x_wconf 88' lang='grc' dir='ltr'>προσκατήμενος</span> 
     </span>
     <span class='ocr_line' id='line_1_23' title="bbox 92 2023 894 2102; baseline 0.004 -20"><span class='ocrx_word' id='word_1_159' title='bbox 92 2024 261 2102; x_wconf 88' lang='grc' dir='ltr'>ἐπολιόρκεε,</span> <span class='ocrx_word' id='word_1_160' title='bbox 273 2031 300 2086; x_wconf 91' lang='grc' dir='ltr'>ἐς</span> <span class='ocrx_word' id='word_1_161' title='bbox 312 2024 345 2083; x_wconf 81' lang='grc' dir='ltr'>τό</span> <span class='ocrx_word' id='word_1_162' title='bbox 357 2027 452 2093; x_wconf 80' lang='grc' dir='ltr'>ἐξεῖλε.</span> <span class='ocrx_word' id='word_1_163' title='bbox 480 2023 548 2099; x_wconf 82' lang='grc' dir='ltr'>αὕτη</span> <span class='ocrx_word' id='word_1_164' title='bbox 560 2025 589 2082; x_wconf 82' lang='grc' dir='ltr'>δὲ</span> <span class='ocrx_word' id='word_1_165' title='bbox 601 2024 619 2098; x_wconf 86' lang='grc' dir='ltr'>ή</span> <span class='ocrx_word' id='word_1_166' title='bbox 629 2023 751 2094; x_wconf 81' lang='grc' dir='ltr'>Ἀζωτος</span> <span class='ocrx_word' id='word_1_167' title='bbox 762 2025 894 2085; x_wconf 80' lang='grc' dir='ltr'>ἁπασέων</span> 
     </span>
     <span class='ocr_line' id='line_1_24' title="bbox 91 2110 894 2191; baseline 0.001 -21"><span class='ocrx_word' id='word_1_168' title='bbox 91 2114 223 2172; x_wconf 87' lang='grc' dir='ltr'>πολίων</span> <span class='ocrx_word' id='word_1_169' title='bbox 211 2139 255 2171; x_wconf 92' lang='grc' dir='ltr'>επι</span> <span class='ocrx_word' id='word_1_170' title='bbox 246 2114 408 2171; x_wconf 82' lang='grc' dir='ltr'>πλεῖστον</span> <span class='ocrx_word' id='word_1_171' title='bbox 423 2110 525 2189; x_wconf 87' lang='grc' dir='ltr'>χρόνον</span> <span class='ocrx_word' id='word_1_172' title='bbox 538 2112 759 2189; x_wconf 87' lang='grc' dir='ltr'>πολιορκευμένη</span> <span class='ocrx_word' id='word_1_173' title='bbox 773 2111 894 2191; x_wconf 72' lang='grc' dir='ltr'>ἀντέσχε</span> 
     </span>
     <span class='ocr_line' id='line_1_25' title="bbox 90 2201 340 2276; baseline 0.008 -18"><span class='ocrx_word' id='word_1_174' title='bbox 90 2226 147 2260; x_wconf 89' lang='grc' dir='ltr'>των</span> <span class='ocrx_word' id='word_1_175' title='bbox 161 2201 240 2276; x_wconf 84' lang='grc' dir='ltr'>ημεῖς</span> <span class='ocrx_word' id='word_1_176' title='bbox 254 2201 340 2276; x_wconf 83' lang='grc' dir='ltr'>ἴδμεν.</span> 
     </span>
    </p>

    <p class='ocr_par' dir='ltr' id='par_1_3' title="bbox 76 2256 949 3338">
     <span class='ocr_line' id='line_1_26' title="bbox 131 2256 941 2368; baseline 0.004 -22"><span class='ocrx_word' id='word_1_177' title='bbox 131 2289 356 2367; x_wconf 80' lang='grc' dir='ltr'>Ψαμμιτίχουδὲ</span> <span class='ocrx_word' id='word_1_178' title='bbox 376 2286 473 2350; x_wconf 87' lang='grc' dir='ltr'>Νεκως</span> <span class='ocrx_word' id='word_1_179' title='bbox 491 2292 557 2350; x_wconf 88' lang='grc' dir='ltr'>παῖς</span> <span class='ocrx_word' id='word_1_180' title='bbox 576 2289 692 2368; x_wconf 88' lang='grc' dir='ltr'>ἐγένετο,</span> <span class='ocrx_word' id='word_1_181' title='bbox 708 2315 754 2346; x_wconf 93' lang='grc' dir='ltr'>και</span> <span class='ocrx_word' id='word_1_182' title='bbox 743 2256 872 2363; x_wconf 89' lang='grc' dir='ltr'>ἐβασί-</span> <span class='ocrx_word' id='word_1_183' title='bbox 884 2289 941 2349; x_wconf 83' lang='grc'>158</span> 
     </span>
     <span class='ocr_line' id='line_1_27' title="bbox 91 2375 893 2458; baseline 0 -24"><span class='ocrx_word' id='word_1_184' title='bbox 91 2380 176 2436; x_wconf 86' lang='grc' dir='ltr'>λευσε</span> <span class='ocrx_word' id='word_1_185' title='bbox 197 2375 386 2458; x_wconf 89' lang='grc' dir='ltr'>Αἰγύπτου·</span> <span class='ocrx_word' id='word_1_186' title='bbox 370 2403 401 2439; x_wconf 87' lang='grc' dir='ltr'>ος</span> <span class='ocrx_word' id='word_1_187' title='bbox 418 2402 453 2453; x_wconf 88' lang='grc' dir='ltr'>τη</span> <span class='ocrx_word' id='word_1_188' title='bbox 440 2375 614 2454; x_wconf 83' lang='grc' dir='ltr'>διώρυχι’</span> <span class='ocrx_word' id='word_1_189' title='bbox 601 2377 766 2452; x_wconf 84' lang='grc' dir='ltr'>επεχείρησε</span> <span class='ocrx_word' id='word_1_190' title='bbox 785 2380 893 2451; x_wconf 83' lang='grc' dir='ltr'>πρῶτος</span> 
     </span>
     <span class='ocr_line' id='line_1_28' title="bbox 91 2462 894 2542; baseline -0.005 -17"><span class='ocrx_word' id='word_1_191' title='bbox 91 2469 126 2542; x_wconf 79' lang='grc' dir='ltr'>τῇ</span> <span class='ocrx_word' id='word_1_192' title='bbox 140 2471 166 2527; x_wconf 93' lang='grc' dir='ltr'>ἐς</span> <span class='ocrx_word' id='word_1_193' title='bbox 178 2465 229 2541; x_wconf 83' lang='grc' dir='ltr'>τήν</span> <span class='ocrx_word' id='word_1_194' title='bbox 243 2463 380 2541; x_wconf 85' lang='grc' dir='ltr'>Ἐρυθρήν</span> <span class='ocrx_word' id='word_1_195' title='bbox 396 2463 547 2523; x_wconf 88' lang='grc' dir='ltr'>θάλασσαν</span> <span class='ocrx_word' id='word_1_196' title='bbox 559 2462 694 2539; x_wconf 87' lang='grc' dir='ltr'>φερούσῃ,</span> <span class='ocrx_word' id='word_1_197' title='bbox 709 2462 760 2537; x_wconf 82' lang='grc' dir='ltr'>τήν</span> <span class='ocrx_word' id='word_1_198' title='bbox 774 2467 894 2538; x_wconf 84' lang='grc' dir='ltr'>Δαρεῖος</span> 
     </span>
     <span class='ocr_line' id='line_1_29' title="bbox 91 2549 893 2628; baseline -0.004 -17"><span class='ocrx_word' id='word_1_199' title='bbox 91 2552 106 2611; x_wconf 85' lang='grc' dir='ltr'>ὁ</span> <span class='ocrx_word' id='word_1_200' title='bbox 118 2555 232 2628; x_wconf 80' lang='grc' dir='ltr'>Πέρσης</span> <span class='ocrx_word' id='word_1_201' title='bbox 246 2552 358 2628; x_wconf 88' lang='grc' dir='ltr'>δεύτερα</span> <span class='ocrx_word' id='word_1_202' title='bbox 369 2550 491 2627; x_wconf 75' lang='grc' dir='ltr'>διώρυξε·</span> <span class='ocrx_word' id='word_1_203' title='bbox 505 2555 555 2625; x_wconf 85' lang='grc' dir='ltr'>τῆς</span> <span class='ocrx_word' id='word_1_204' title='bbox 568 2554 656 2624; x_wconf 80' lang='grc' dir='ltr'>μῆκος</span> <span class='ocrx_word' id='word_1_205' title='bbox 669 2550 721 2625; x_wconf 89' lang='grc' dir='ltr'>μέν</span> <span class='ocrx_word' id='word_1_206' title='bbox 732 2555 793 2608; x_wconf 89' lang='grc' dir='ltr'>ἐστι</span> <span class='ocrx_word' id='word_1_207' title='bbox 804 2549 893 2613; x_wconf 89' lang='grc' dir='ltr'>πλόος</span> 
     </span>
     <span class='ocr_line' id='line_1_30' title="bbox 90 2635 892 2717; baseline -0.004 -18"><span class='ocrx_word' id='word_1_208' title='bbox 90 2640 192 2717; x_wconf 84' lang='grc' dir='ltr'>ήμέραι</span> <span class='ocrx_word' id='word_1_209' title='bbox 204 2642 346 2714; x_wconf 87' lang='grc' dir='ltr'>τέσσερες,</span> <span class='ocrx_word' id='word_1_210' title='bbox 358 2639 436 2714; x_wconf 76' lang='grc' dir='ltr'>εὖρος</span> <span class='ocrx_word' id='word_1_211' title='bbox 450 2639 479 2697; x_wconf 83' lang='grc' dir='ltr'>δὲ</span> <span class='ocrx_word' id='word_1_212' title='bbox 494 2637 605 2715; x_wconf 83' lang='grc' dir='ltr'>οἰρύχθη</span> <span class='ocrx_word' id='word_1_213' title='bbox 619 2635 692 2696; x_wconf 75' lang='grc' dir='ltr'>ὥστε</span> <span class='ocrx_word' id='word_1_214' title='bbox 704 2635 833 2713; x_wconf 86' lang='grc' dir='ltr'>τριήρεας</span> <span class='ocrx_word' id='word_1_215' title='bbox 843 2636 892 2696; x_wconf 87' lang='grc' dir='ltr'>δύο</span> 
     </span>
     <span class='ocr_line' id='line_1_31' title="bbox 89 2723 892 2804; baseline -0.002 -18"><span class='ocrx_word' id='word_1_216' title='bbox 89 2729 186 2788; x_wconf 84' lang='grc' dir='ltr'>πλέειν</span> <span class='ocrx_word' id='word_1_217' title='bbox 200 2727 270 2804; x_wconf 82' lang='grc' dir='ltr'>ὁμοῦ</span> <span class='ocrx_word' id='word_1_218' title='bbox 285 2726 516 2802; x_wconf 87' lang='grc' dir='ltr'>ἐλαστρευμένας.</span> <span class='ocrx_word' id='word_1_219' title='bbox 550 2724 632 2800; x_wconf 83' lang='grc' dir='ltr'>ἦκται</span> <span class='ocrx_word' id='word_1_220' title='bbox 649 2724 678 2782; x_wconf 82' lang='grc' dir='ltr'>δὲ</span> <span class='ocrx_word' id='word_1_221' title='bbox 695 2723 750 2782; x_wconf 81' lang='grc' dir='ltr'>άπδ</span> <span class='ocrx_word' id='word_1_222' title='bbox 764 2729 814 2783; x_wconf 81' lang='grc' dir='ltr'>τοῦ</span> <span class='ocrx_word' id='word_1_223' title='bbox 827 2726 892 2784; x_wconf 85' lang='grc' dir='ltr'>Νεί·</span> 
     </span>
     <span class='ocr_line' id='line_1_32' title="bbox 90 2811 893 2893; baseline 0 -21"><span class='ocrx_word' id='word_1_224' title='bbox 90 2819 143 2875; x_wconf 90' lang='grc' dir='ltr'>λου</span> <span class='ocrx_word' id='word_1_225' title='bbox 162 2815 197 2875; x_wconf 79' lang='grc' dir='ltr'>τό</span> <span class='ocrx_word' id='word_1_226' title='bbox 214 2815 285 2893; x_wconf 78' lang='grc' dir='ltr'>ὕδωρ</span> <span class='ocrx_word' id='word_1_227' title='bbox 302 2820 330 2878; x_wconf 83' lang='grc' dir='ltr'>ἐς</span> <span class='ocrx_word' id='word_1_228' title='bbox 350 2813 445 2889; x_wconf 84' lang='grc' dir='ltr'>αύτήν·</span> <span class='ocrx_word' id='word_1_229' title='bbox 467 2813 548 2888; x_wconf 79' lang='grc' dir='ltr'>ἦκται</span> <span class='ocrx_word' id='word_1_230' title='bbox 570 2814 598 2870; x_wconf 82' lang='grc' dir='ltr'>δὲ</span> <span class='ocrx_word' id='word_1_231' title='bbox 620 2811 774 2889; x_wconf 87' lang='grc' dir='ltr'>κατύπερθε</span> <span class='ocrx_word' id='word_1_232' title='bbox 794 2811 893 2892; x_wconf 83' lang='grc' dir='ltr'>ὀλίγον</span> 
     </span>
     <span class='ocr_line' id='line_1_33' title="bbox 91 2899 893 3013; baseline -0.001 -53"><span class='ocrx_word' id='word_1_233' title='bbox 91 2903 271 3013; x_wconf 83' lang='grc' dir='ltr'>Βουβάστιρς</span> <span class='ocrx_word' id='word_1_234' title='bbox 290 2903 398 2972; x_wconf 89' lang='grc' dir='ltr'>πόλιος,</span> <span class='ocrx_word' id='word_1_235' title='bbox 416 2901 493 2977; x_wconf 85' lang='grc' dir='ltr'>παραὶ</span> <span class='ocrx_word' id='word_1_236' title='bbox 512 2900 664 2976; x_wconf 79' lang='grc' dir='ltr'>Πάτουμον</span> <span class='ocrx_word' id='word_1_237' title='bbox 681 2899 734 2975; x_wconf 84' lang='grc' dir='ltr'>τήν</span> <span class='ocrx_word' id='word_1_238' title='bbox 753 2899 893 3009; x_wconf 85' lang='grc' dir='ltr'>Ἀραβίην</span> 
     </span>
     <span class='ocr_line' id='line_1_34' title="bbox 91 2986 892 3097; baseline -0.002 -48"><span class='ocrx_word' id='word_1_239' title='bbox 91 2991 214 3051; x_wconf 88' lang='grc' dir='ltr'>πόλιν·’</span> <span class='ocrx_word' id='word_1_240' title='bbox 201 2991 293 3070; x_wconf 84' lang='grc' dir='ltr'>εσέχει</span> <span class='ocrx_word' id='word_1_241' title='bbox 304 2990 356 3049; x_wconf 82' lang='grc' dir='ltr'>δὲ’</span> <span class='ocrx_word' id='word_1_242' title='bbox 344 3017 370 3053; x_wconf 88' lang='grc' dir='ltr'>ες</span> <span class='ocrx_word' id='word_1_243' title='bbox 382 2989 434 3065; x_wconf 82' lang='grc' dir='ltr'>τήν</span> <span class='ocrx_word' id='word_1_244' title='bbox 446 2987 584 3094; x_wconf 77' lang='grc' dir='ltr'>Ἐρυθρήν</span> <span class='ocrx_word' id='word_1_245' title='bbox 595 2986 794 3048; x_wconf 66' lang='grc' dir='ltr'>θάλασσαν’</span> <span class='ocrx_word' id='word_1_246' title='bbox 774 3011 892 3097; x_wconf 89' lang='grc' dir='ltr'>ωρυκται</span> 
     </span>
     <span class='ocr_line' id='line_1_35' title="bbox 91 3076 901 3157; baseline -0.002 -21"><span class='ocrx_word' id='word_1_247' title='bbox 91 3079 121 3137; x_wconf 85' lang='grc' dir='ltr'>δὲ</span> <span class='ocrx_word' id='word_1_248' title='bbox 141 3084 251 3155; x_wconf 82' lang='grc' dir='ltr'>πρῶτον</span> <span class='ocrx_word' id='word_1_249' title='bbox 270 3080 322 3154; x_wconf 85' lang='grc' dir='ltr'>μέν</span> <span class='ocrx_word' id='word_1_250' title='bbox 339 3103 389 3137; x_wconf 92' lang='grc' dir='ltr'>του</span> <span class='ocrx_word' id='word_1_251' title='bbox 376 3077 502 3136; x_wconf 86' lang='grc' dir='ltr'>πεδίου</span> <span class='ocrx_word' id='word_1_252' title='bbox 520 3080 571 3135; x_wconf 80' lang='grc' dir='ltr'>τοῦ</span> <span class='ocrx_word' id='word_1_253' title='bbox 592 3076 746 3157; x_wconf 85' lang='grc' dir='ltr'>Αἰγυπτίου</span> <span class='ocrx_word' id='word_1_254' title='bbox 765 3102 806 3134; x_wconf 81' lang='grc' dir='ltr'>τα</span> <span class='ocrx_word' id='word_1_255' title='bbox 822 3101 901 3146; x_wconf 66' lang='grc' dir='ltr'>ταας</span> 
     </span>
     <span class='ocr_line' id='line_1_36' title="bbox 91 3155 926 3247; baseline -0.01 -23.971"><span class='ocrx_word' id='word_1_256' title='bbox 91 3165 256 3241; x_wconf 67' lang='grc' dir='ltr'>Ἂραβιην”</span> <span class='ocrx_word' id='word_1_257' title='bbox 238 3191 350 3245; x_wconf 87' lang='grc' dir='ltr'>εχοντα·</span> <span class='ocrx_word' id='word_1_258' title='bbox 368 3167 465 3247; x_wconf 87' lang='grc' dir='ltr'>ἐχεται</span> <span class='ocrx_word' id='word_1_259' title='bbox 479 3165 512 3228; x_wconf 87' lang='grc' dir='ltr'>δε</span> <span class='ocrx_word' id='word_1_260' title='bbox 526 3165 689 3245; x_wconf 78' lang='grc' dir='ltr'>κατύπερθε</span> <span class='ocrx_word' id='word_1_261' title='bbox 699 3189 755 3224; x_wconf 76' lang='grc' dir='ltr'>που</span> <span class='ocrx_word' id='word_1_262' title='bbox 735 3155 917 3221; x_wconf 52' lang='grc' dir='ltr'>πεδίου</span> <span class='ocrx_word' id='word_1_263' title='bbox 885 3181 926 3212; x_wconf 67' lang='lat' dir='ltr'>‘m</span> 
     </span>
     <span class='ocr_line' id='line_1_37' title="bbox 76 3245 953 3339; baseline -0.003 -31"><span class='ocrx_word' id='word_1_264' title='bbox 76 3274 148 3310; x_wconf 80' lang='grc' dir='ltr'>κατα</span> <span class='ocrx_word' id='word_1_265' title='bbox 143 3252 344 3331; x_wconf 85' lang='grc' dir='ltr'>Μέμφιν</span> <span class='ocrx_word' id='word_1_266' title='bbox 296 3280 392 3318; x_wconf 88' lang='grc' dir='ltr'>τεινον</span> <span class='ocrx_word' id='word_1_267' title='bbox 408 3256 490 3338; x_wconf 81' lang='grc' dir='ltr'>ὄρος,</span> <span class='ocrx_word' id='word_1_268' title='bbox 503 3263 533 3320; x_wconf 84' lang='grc' dir='ltr'>ἐν</span> <span class='ocrx_word' id='word_1_269' title='bbox 547 3261 593 3339; x_wconf 80' lang='grc' dir='ltr'><strong><em>τῶ</em></strong></span> <span class='ocrx_word' id='word_1_270' title='bbox 604 3283 636 3317; x_wconf 91' lang='grc' dir='ltr'>αι</span> <span class='ocrx_word' id='word_1_271' title='bbox 620 3245 853 3316; x_wconf 71' lang='grc' dir='ltr'>λιθοταιιίαι“</span> <span class='ocrx_word' id='word_1_272' title='bbox 847 3256 953 3302; x_wconf 52' lang='lat' dir='ltr'>xvv-“⁸</span> 
     </span>
    </p>
   </div>
   <div class='ocr_carea' id='block_1_2' title="bbox 0 0 1024 3464">
    <p class='ocr_par' dir='ltr' id='par_1_4' title="bbox 0 0 1024 3464">
     <span class='ocr_line' id='line_1_38' title="bbox 0 0 1024 3464; baseline 0 0"><span class='ocrx_word' id='word_1_273' title='bbox 0 0 1024 3464; x_wconf 95' lang='lat' dir='ltr'> </span> 
     </span>
    </p>
   </div>
  </div>
 </body>
</html>
