2040 3464
171 105 217 151 ιιι
485 107 667 153 ἰιΡοΔοιον
908 106 968 169 [lv.

170 182 316 258 ἀπήμονας
332 184 524 244 ἀποστελέειν·
546 187 754 262 πειθομένουδὲ
767 191 817 245 τοῦ
834 187 970 262 Ἰήσονος,

171 272 241 331 οὕτω
256 273 290 346 δὴ
303 273 352 332 τόν
365 300 396 332 τε
407 274 555 332 διέκπλοον
568 279 623 333 τῶν
636 276 765 353 βραχέων
776 275 912 335 δεικνύναι
922 278 969 338 τόν

169 360 292 436 Τρίτωνά
313 369 376 436 σφι,
392 362 437 419 καὶ
458 362 507 420 τόν
527 363 645 438 τρίποδα
664 365 751 422 θεῖναι
768 369 796 422 ἐν
813 368 851 442 τῷ
870 369 970 426 ἐωυτοῦ

172 451 228 525 ἱρῷ,
262 449 484 508 ἐπιθεσπίσαντά
504 476 534 507 τε
555 455 593 527 τῷ
615 451 726 527 τρίποδι
750 453 795 508 καὶ
815 454 892 510 τοῖσι
916 453 969 512 σύν

168 534 274 610 Ἰήσονι
296 535 461 614 σημήναντα
477 537 526 596 τόν
543 538 633 596 πάντα
650 537 746 618 λόγον,
767 538 802 601 ἀς
818 540 902 599 ἐπεάν
919 542 969 601 τόν

168 624 286 699 τρίποδα
300 626 451 701 κομίσηται
463 629 517 683 τῶν
532 626 648 705 ἐκγόνων
661 652 703 688 τις
715 630 769 684 τῶν
782 631 811 685 ἐν
820 630 856 704 τῇ
870 627 968 709 Ἀργοῖ

168 714 378 787 συμπλεόντων,
394 713 458 772 τότε
476 714 572 772 ἑκατόν
588 714 689 776 πόλιας
706 718 819 788 οἰκῆσαι
837 717 902 790 περὶ
916 717 968 792 τήν

167 802 318 874 Τριτωνίδα
334 803 437 876 λίμνην
452 801 618 875 Ἑλληνίδας
634 806 730 861 πᾶσαν
747 802 815 860 εἶναι
833 801 967 883 ἀνάγκην·

166 893 253 946 ταῦτα
280 888 454 952 ἀκούσαντας
485 889 550 951 τούς
582 891 742 966 ἐπιχωρίους
771 893 826 948 τῶν
851 891 968 966 Λιβύων

167 976 269 1052 κρύψαι
281 977 330 1035 τόν
343 979 469 1053 τρίποδα.

124 1066 177 1120 Ιλδθ
230 1063 341 1124 Τοίτων
355 1066 384 1123 δὲ
399 1067 509 1144 ἔχονται
522 1071 577 1125 τῶν
591 1064 735 1143 Μαχλύων
748 1064 860 1128 Αύσεῖς.
888 1066 966 1128 οὗτοι

166 1152 195 1209 δὲ
221 1153 267 1211 καὶ
295 1157 320 1211 οἱ
343 1149 478 1231 Μάχλυες
502 1155 583 1230 πέριξ
608 1153 659 1228 τήν
685 1154 836 1228 Τριτωνίδα
863 1157 966 1232 λίμνην

167 1242 297 1299 οἰκέουσι·
321 1240 354 1300 τά
378 1243 468 1318 μέσον
492 1242 523 1300 δέ
543 1248 598 1316 σφι
621 1240 721 1317 οὐρίζει
742 1239 757 1298 ό
778 1242 894 1316 Τρίτων·
919 1246 965 1303 καὶ

166 1331 192 1385 οἱ
214 1331 265 1404 μὲν
286 1329 422 1406 Μάχλυες
441 1328 477 1388 τά
500 1327 591 1388 ὀπίσω
610 1328 743 1404 κομέουσι
760 1333 810 1403 τῆς
828 1335 964 1407 κεφαλῆς,

166 1419 191 1473 οἱ
213 1416 241 1474 δὲ
263 1421 366 1479 Αυσεῖς
381 1416 416 1475 τά
436 1418 587 1493 ἔμπροσθε·
609 1416 677 1494 ὁρτῇ
697 1415 725 1474 δὲ
742 1417 867 1496 ἐνιαυσίῃ
880 1417 965 1495 Ἀθη-

165 1505 242 1578 ναίης
263 1509 291 1562 αἱ
312 1506 444 1581 παρθένοι
465 1504 554 1564 αὐτῶν
572 1506 638 1582 δίχα
656 1504 808 1562 διαστᾶσαι
824 1504 964 1583 μάχονται

164 1592 234 1665 πρός
254 1592 383 1667 ἀλλήλας
399 1593 432 1650 λί
450 1593 511 1650 οισί
526 1618 556 1650 τε
572 1593 618 1649 καὶ
635 1591 754 1661 ξύλοισι,
770 1595 806 1669 τῇ
825 1592 965 1674 αύθιγενέί

165 1680 217 1756 θεῷ
234 1682 370 1760 λέγουσαι
388 1680 423 1738 τά
438 1680 542 1756 πάτρια
560 1679 729 1758 ἀποτελέειν,
742 1679 793 1753 τήν
812 1678 964 1758 Ἀθηναίην

164 1769 310 1843 καλέομεν·
344 1769 394 1830 τάς
421 1769 450 1826 δὲ
482 1766 714 1842 ἀποθνησκούσας
739 1771 794 1826 τῶν
820 1770 964 1843 παρθένων

164 1859 194 1912 ἐκ
215 1860 268 1913 τῶν
291 1855 441 1931 τρωμάτων
463 1855 701 1932 ψευδοπαρθένους
722 1855 866 1913 καλέουσι·
897 1859 964 1934 πρὶν

164 1942 193 1999 δὲ
220 1942 324 2002 ἀνεῖναι
352 1943 437 2005 αύτάς
463 1942 614 2020 μάχεσθαι,
639 1941 704 2000 τάδε
730 1946 851 2000 ποιεῦσι·
884 1950 964 2024 κοινῇ

162 2031 300 2106 παρθένον
315 2031 366 2105 τὴν
388 2029 630 2089 καλλιστεύουσαν
645 2029 778 2088 ἑκάστοτε
799 2031 962 2105 κοσμήσαν-

161 2144 206 2180 τες
225 2122 291 2195 κυνῇ
307 2144 338 2176 τε
359 2119 494 2195 Κορινθίῃ
514 2119 559 2176 καὶ
577 2119 721 2195 πανοπλίῃ
738 2116 902 2196 Ἑλληνικῇ,
918 2121 963 2178 καὶ

162 2204 203 2262 ἐπ’
228 2204 303 2282 ἅρμα
327 2205 564 2280 ἀναβιβάσαντες,
588 2204 755 2286 περιάγουσι
781 2204 833 2279 την
859 2207 963 2283 λίμνην

161 2295 261 2371 κύκλῳ·
277 2294 382 2352 ὁτέοισι
396 2294 425 2351 δὲ
438 2294 471 2352 τά
485 2293 574 2351 πάλαι
589 2293 724 2368 ἐκόσμεον
737 2291 786 2354 τάς
799 2293 963 2368 παρθένους,

161 2383 226 2458 πρὶν
242 2381 260 2457 ἧ
277 2389 333 2457 σφι
345 2381 489 2456 Ἕλληνας
502 2383 727 2458 παροικισθῆναι,
743 2378 792 2438 ούκ
807 2381 861 2458 ἔχω
875 2380 962 2440 εἶπαι·

161 2470 246 2528 δοκέω
263 2469 285 2528 δ’
303 2471 339 2529 ὧν
357 2470 535 2549 Αἰγυπτίοισι
549 2468 665 2528 ὅπλοισι
679 2468 853 2543 κοσμέεσθαι
866 2468 962 2532 αύτάς·

160 2557 217 2617 ἀπό
237 2558 291 2637 γάρ
310 2557 453 2637 Αἰγύπτου
474 2557 519 2614 καὶ
542 2557 594 2632 τήν
615 2556 722 2615 ἀσπίδα
745 2556 791 2613 καὶ
809 2554 842 2613 τό
862 2556 962 2632 κράνος

161 2647 235 2720 φημὶ
256 2644 374 2723 ἀπῖχθαι
395 2651 422 2707 ἐς
437 2645 500 2707 τούς
515 2643 668 2719 Ἕλληνας·
689 2642 741 2718 τήν
758 2643 788 2701 δέ
807 2640 963 2720 Ἀθηναίην

161 2735 235 2809 φασὶ
265 2733 455 2794 Ποσειδέωνος
482 2733 550 2792 εἶναι
577 2733 715 2812 θυγατέρα
741 2731 788 2789 καὶ
817 2733 867 2805 τῆς
898 2737 962 2807 Τρι·

159 2822 270 2884 τωνίδος
291 2823 400 2898 λίμνης·
422 2821 470 2878 καί
488 2846 537 2895 μιν
557 2816 738 2896 μεμφθεῖσάν
758 2843 786 2876 τι
805 2821 844 2895 τῷ
864 2820 959 2895 πατρὶ,

160 2909 255 2968 δοῦναι
283 2909 383 2983 ἑωυτήν
410 2912 448 2986 τῷ
475 2908 531 2967 Διί·
564 2906 614 2966 τόν
642 2907 671 2965 δὲ
698 2905 754 2964 Δία
781 2908 882 2963 ἑωυτοῦ
912 2932 961 2981 μιν

159 2992 335 3071 ποιήσασθαι
357 2995 504 3076 θυγατέρα.
540 2995 699 3069 ταῦταμὲν
719 2992 847 3072 λέγουσι.
884 2994 961 3069 μίξιν

152 3084 185 3144 δέ
209 3085 349 3145 ἐπίκοινον
371 3088 427 3144 τῶν
438 3087 584 3166 ,γυναικῶν
606 3081 755 3148 ποιέονται,
780 3077 843 3138 οὔτε
867 3105 960 3139 συνοι-

80 3204 103 3259 ι
141 3175 262 3241 χέοντες
284 3174 426 3256 κτηνηδόν
446 3198 479 3236 ‘re
500 3168 675 3255 μω-ηόμενοι·
703 3165 782 3224 ἐπεέιυ
803 3165 834 3222 δὲ
850 3167 959 3243 γυναικὶ

152 3261 169 3325 μ’·
192 3265 316 3333 παιδίον
338 3267 434 3350 ἁδρὰν
455 3265 588 3350 γένηται,
609 3280 672 3331 συμ
697 3252 821 3311 οιτέουοι
839 3254 869 3308 ἐς
888 3248 976 3306 &mk
