2040 3464
95 144 104 149 .
144 111 191 156 120
441 111 625 157 Ἱινοιιοοοι·
894 108 943 171 [Π.

144 185 242 263 ῶρέων,
257 188 302 246 καὶ
315 192 364 247 τοῦ
379 187 495 265 οὐρανοῦ
513 193 549 265 τῇ
567 190 619 265 μὲν
631 192 680 247 νῦν
695 186 712 246 ἀ
728 188 884 264 βορέης.τε
897 191 942 248 καὶ

146 273 279 351 ἀχειμῶν
300 278 402 333 έστᾶσι
421 273 508 353 ταύτη
524 276 575 350 μὲν
591 280 641 334 τοῦ
659 274 740 334 νότου
755 273 790 348 ἦν
805 273 824 348 ἡ
840 275 941 339 στάσις

142 363 189 419 καὶ
201 365 251 435 τῆς
264 363 453 438 μεσαμβρίης,
466 367 502 440 τῇ
516 363 545 421 δὲ
559 361 575 421 ὁ
589 362 668 424 νότος
681 366 729 420 νῦν
743 362 843 436 ἕστηκε
855 367 942 441 ταῦπη

144 447 178 522 δὴ
191 447 207 507 ὁ
219 450 332 525 βορέης,
348 454 371 507 εἰ
384 454 471 508 ταῦτα
485 449 555 509 οὐτω
570 449 635 527 εἶχε,
650 448 666 507 ἀ
679 448 760 524 ἥλιος
774 447 808 509 ἀν
821 449 941 509 ἀπελαυ·

143 534 256 611 νόμενος
270 540 299 593 ἐκ
313 536 403 612 μέσου
416 541 466 595 τοῦ
484 536 602 615 οὐρανοῦ
615 535 669 596 ὐπδ
684 541 735 594 τοῦ
747 539 883 615 χειμῶνος
896 539 941 596 καὶ

142 628 192 682 τοῦ
204 624 297 700 βορέω
310 623 354 698 ἤϊε
366 621 400 683 ἂν
412 624 448 684 τά
464 622 520 684 ἅνω
534 628 585 700 τῆς
600 623 743 700 Εὐρώπης,
757 623 879 699 κατάπερ
893 629 941 685 νῦν

142 716 193 786 τῆς
205 711 315 787 Λιβύης
333 712 450 790 ἔρχεται·
472 712 607 782 διεξιόντα
625 711 648 770 δ’
668 711 701 770 ῶν
716 737 765 787 μιν
783 710 828 769 διά
847 711 941 788 πόσης

142 799 283 874 Εὐρώπης,
296 801 417 875 ἔλπομαι
430 799 534 859 ποιέειν
547 799 581 857 ἂν
593 800 643 859 τάν
651 798 765 875 Ἵστρον
779 798 814 858 τά
826 826 879 876 περ
893 805 941 860 νῦν

94 887 131 946 27
142 887 284 967 ἐργάζεται
300 886 349 946 τάν
366 891 481 946 Νεῖλον.
522 891 578 963 Τῆς
592 885 675 962 αὔρης
694 887 723 945 δὲ
738 888 810 962 πέρι,
829 885 873 946 ὅτι
891 887 940 946 οὐκ

141 974 280 1047 ἀποπνέει,
294 974 376 1050 τήνδε
395 975 448 1052 ἔχω
465 974 586 1056 γνώμην,
601 974 636 1037 ῶς
652 973 739 1050 κάρτα
758 973 813 1033 άπά
832 976 940 1052 θερμῶν

141 1063 251 1140 χωρέων
264 1062 313 1120 οὐκ
327 1061 401 1124 οἰκός
415 1068 476 1121 ε’στι
490 1063 569 1121 οὐδὲν
582 1062 737 1138 ἀποπνέειν·
758 1061 828 1139 αὔρη
841 1063 871 1120 δὲ
883 1063 939 1124 ἀπά

141 1154 249 1228 ψυχροῦ
262 1176 336 1212 τινος
351 1152 443 1225 φιλέει
456 1151 556 1210 πνέειν.

93 1239 131 1296 28
181 1242 275 1297 Ταῦτα
300 1239 352 1315 μέν
379 1264 427 1298 νυν
448 1240 519 1298 ἔστω
540 1237 575 1300 ῶς
597 1241 657 1297 ἔστι
677 1264 707 1298 τε
728 1238 774 1295 καὶ
795 1237 830 1300 ῶς
851 1237 941 1316 ἀρχὴν

142 1326 259 1406 ἐγένετο.
300 1331 350 1385 τοῦ
370 1327 399 1384 δὲ
414 1328 521 1385 Νείλου
537 1325 587 1388 τάς
602 1324 694 1406 πηγάς
708 1325 769 1384 οὔτε
783 1329 941 1406 Αἰγυπτίων

141 1413 204 1473 οὐτε
217 1413 332 1491 Λιβύων
346 1413 408 1473 οὐτε
421 1412 566 1489 Ἑλλήνων
579 1417 634 1472 τῶν
651 1414 712 1489 ἐμοὶ
728 1412 901 1488 ἀπικομένων
914 1420 941 1478 ἐς

138 1501 241 1583 λόγους
255 1501 342 1564 οὐδεὶς
355 1502 495 1579 ἀπέσχετο
510 1502 616 1570 εἰδέναι,
632 1505 655 1559 εἰ
668 1501 707 1577 μη
723 1505 752 1559 έν
764 1500 896 1580 Αἰγύπτῳ
910 1508 939 1560 έν

140 1590 193 1652 Σάϊ
211 1590 279 1649 πόλι
300 1589 549 1670 ὁγραμματιστης
567 1593 622 1648 τῶν
641 1593 706 1665 ἰρῶν
722 1587 872 1666 χρημάτων
889 1595 939 1665 τῆς

139 1676 296 1753 Ἀθηναίης·
318 1676 398 1739 οὗτος
417 1676 439 1735 δ’
457 1678 521 1752 ε’μοί
534 1703 567 1756 γε
583 1678 690 1747 παίζειν
711 1677 801 1735 ἐδόκεε
815 1676 939 1752 φάμενος

140 1766 238 1824 εἰδέναι
252 1765 393 1841 ἀτρεκέως.
432 1766 510 1844 έλεγε
524 1765 553 1822 δὲ
568 1762 628 1823 ῶδε·
650 1764 740 1824 ι(εἶναι
753 1763 802 1822 δύο
816 1763 897 1841 οὔρεα
911 1771 938 1829 ές

137 1852 185 1922 ἀξύ
199 1853 248 1914 τάς
262 1851 386 1928 κορυφάς
399 1850 545 1931 ἀπιγμένα,
559 1851 663 1927 μεταξύ
675 1850 782 1927 Συήνης
794 1878 824 1911 τε
837 1852 937 1917 πόλιος

139 1943 249 2018 κείμενα
269 1945 319 2016 τῆς
339 1940 481 2015 Θηβαΐδος
502 1941 547 1997 καὶ
564 1939 774 2016 Ἐλεφαντίνης·
796 1940 937 2017 οὐνόματα

138 2030 168 2090 δὲ
185 2029 253 2088 εἶναι
273 2032 350 2088 τοῖσι
371 2027 474 2105 οὐρεσι,
488 2027 526 2106 τῶ
547 2030 597 2104 μὲν
614 2033 716 2104 Κρῶφι
736 2032 773 2104 τῷ
794 2028 823 2086 δὲ
836 2033 936 2105 Μῶφι·

134 2118 184 2179 τάς
198 2116 235 2176 ῶν
253 2117 286 2192 δη
309 2116 400 2196 πηγάς
416 2120 466 2175 τοῦ
484 2117 600 2185 Νείλου,
618 2116 717 2178 ἐούσας
734 2115 890 2191 ἀβύσσους,
906 2123 936 2176 ε’κ

135 2210 185 2265 τοῦ
211 2205 301 2281 μέσου
327 2209 382 2264 τῶν
403 2203 503 2281 οὐρέων
523 2203 626 2263 τούτων
646 2207 726 2279 ῥέειν·
763 2205 808 2262 καὶ
831 2203 864 2263 τά
884 2208 937 2281 μὲν

136 2292 224 2369 ἥμισυ
236 2297 286 2352 τοῦ
295 2292 393 2355 ὐδατος
405 2292 446 2350 ἐπ’
456 2291 598 2372 Αἰγύπτου
607 2293 678 2367 ῥέειν
692 2293 737 2350 καὶ
750 2291 820 2367 πράς
830 2293 936 2369 βορέην

137 2381 246 2459 ἀνεμον,
267 2380 300 2441 τά
322 2381 344 2440 δ’
367 2382 459 2457 ἕτερον
484 2380 581 2456 ἥμισυ,
604 2381 649 2437 ἐπὶ
671 2381 817 2456 Αἰθιοπίης
837 2405 868 2440 τε
890 2383 936 2440 καὶ

136 2471 227 2531 νότου·
249 2470 284 2532 ῶς
303 2470 333 2528 δὲ
353 2468 483 2545 ἀβυσσοί
502 2473 557 2527 εἶσι
578 2472 606 2527 αἱ
627 2470 723 2548 πηγαὶ,
745 2473 772 2530 ἐς
793 2468 936 2546 διάπειραν

137 2561 192 2635 ἔφη
212 2558 312 2618 τούτου
332 2559 510 2635 Ψαμμίτιχον
531 2556 672 2636 Αἰγύπτου
693 2557 821 2631 βασιλέα
841 2556 935 2616 ἀπικέ·

135 2648 212 2708 σθαι·
233 2647 363 2706 πολλέων
375 2645 430 2726 γάρ
444 2642 529 2703 αὐτόν
541 2643 675 2723 χιλιάδων
689 2644 819 2724 ὀργυιέων
833 2646 934 2714 πλεξά-

138 2762 221 2810 μενον
242 2734 328 2794 κάλον
350 2737 470 2792 κατεῖναι
489 2732 585 2810 ταύτῃ,
611 2733 656 2790 καὶ
677 2731 727 2790 οὐκ
748 2733 888 2801 ἐξικέσθαι
908 2739 935 2797 ές

136 2821 277 2901 βυσσόν.”
317 2822 387 2881 οὐτω
410 2823 461 2896 μὲν
488 2820 522 2895 δὴ
543 2820 558 2879 ὁ
579 2820 802 2900 γραμματιστὴς,
825 2821 861 2899 (εἰ
880 2820 935 2897 ἄρα

135 2916 222 2972 ταῦτα
234 2910 369 2992 γενόμενα
388 2908 486 2988 έλεγε,)
501 2907 645 2983 ἀπέφαινε,
661 2907 696 2969 ῶς
713 2910 761 2984 ἐμὲ
779 2909 934 2968 κατανοέειν

118 2997 198 3062 δίνας
218 2998 299 3063 τινάς
318 2997 407 3079 ταύτῃ
429 2996 531 3060 εὀὐσας
552 2995 670 3074 ἰσχυρὰς
692 2997 737 3053 καὶ
754 2998 932 3071 παλιρροίην·

103 3085 151 3142 οἵα
183 3087 217 3147 δέ
238 3089 454 3168 ἐμβάλλοντος
480 3091 533 3150 τοῦ
561 3085 665 3149 ὐδατος
691 3087 773 3144 τοῖσι
794 3081 893 3155 οἰιρεσι
913 3088 952 3153 μὴ

87 3170 244 3239 δύνασθαι
288 3182 472 3261 κατιεμένην
501 3172 771 3253 καταπειρητηρίην
801 3173 831 3227 ’ἰῖ
857 3165 970 3238 βωὼ

28 3247 67 3306 39
77 3257 171 3322 ἰέναι·
213 3265 350 3333 Ἀλλου
366 3273 399 3334 δὲ
416 3269 545 3336 οὐδενὸς
568 3267 655 3330 οὐδὶν
674 3258 822 3325 ἰδυνάιιιςν
838 3247 976 3306 υυῦἒῦλῦ
