2040 3464
85 98 227 172 ιον-ιιι]
296 133 299 138 -
404 112 565 160 αυτονιιιι.
835 109 884 160 ιιυ

85 190 244 263 Μυκερίνου
256 189 501 265 ἀποθνήσκουσαν,
516 195 545 250 ἐν
557 193 596 268 τῷ
613 193 726 267 ἐνιαυτῷ
742 187 820 257 ἅπαξ
836 213 885 265 μιν

83 276 135 334 τῶν
148 275 230 350 ήλιον
244 278 370 337 κατιδεῖν.

126 363 208 422 Μετοϊ
222 364 252 423 δὲ
264 370 314 439 τῆς
331 365 467 446 θυγατρδς
487 364 520 424 πθ
538 364 636 433 πάθος,
652 363 766 441 δεύτερα
778 364 865 443 τούτῳ
875 367 930 425 133

83 453 123 527 τῷ
142 452 262 525 βασιλέϊ
282 452 347 511 τάδε
366 451 508 532 γενέσθαι·
540 453 632 511 ἐλθεῖν
653 454 679 510 οϊ
698 453 834 527 μαντήϊον
854 458 884 512 ἐκ

85 542 208 601 Βουτοῦς
227 539 335 608 πόλιος,
350 538 387 602 ῶς
401 539 525 614 “μέλλοι
546 539 577 607 ἐξ
597 540 657 597 ἔτεα
677 543 782 613 μοῖνον
801 540 885 615 βιούς

84 629 122 702 τῷ
136 625 246 705 ἑβδόμῳ
259 625 461 702 τελευτήσειν·”
480 626 578 694 τῶνδὲ,
589 626 678 684 δεινόν
686 625 885 703 ποιησάμενον,

84 712 196 789 πέμψαι
210 718 238 776 ἐς
255 714 288 773 τδ
308 712 443 790 μαντήϊον
460 720 498 792 τῷ
514 716 567 792 θεῷ
588 712 741 790 ὀνείδισμα,
756 713 884 791 άντιμεμ-

85 800 209 876 φάμενον
222 800 266 860 ὅτι
286 800 323 859 “ὁ
340 803 392 877 μὲν
409 799 495 859 αῦτοῦ
513 800 606 876 πατήρ
624 802 669 859 καὶ
685 801 802 877 πάτρως,
818 802 886 861 αἶπο-

85 887 255 962 κληϊσαντες
268 889 303 948 τῶ
318 888 363 964 ἶροϊ
377 889 422 946 καὶ
437 889 506 948 θεῶν
520 887 552 947 οῦ
566 887 736 965 μεμνημένοι
749 889 826 947 α’λλοὶ
840 890 886 949 καὶ

84 975 152 1038 τοῦς
178 976 340 1053 ἀνθρώπους
366 976 535 1053 φθείροντες,
563 976 688 1051 ἐβίωσαν
714 975 816 1054 χρόνον
840 979 886 1037 ἐπὶ

84 1063 204 1134 πολλῶν,
226 1063 309 1128 αῦτιϊς
326 1063 349 1123 δ’
366 1063 489 1139 εὐσεβής
506 1064 557 1123 ἐῶν
574 1063 678 1139 μέλλοι
693 1063 798 1142 ταχέως
815 1064 885 1125 οὕτω

84 1151 289 1227 τελευτήσειν·”
313 1156 343 1210 ἐκ
364 1151 393 1209 δέ
412 1155 464 1210 τοῦ
484 1151 657 1229 χρηστηρίου
678 1150 752 1228 αὐτῷ
772 1151 886 1228 δεύτερα

86 1239 178 1297 ἐλθεῖν
204 1238 325 1320 λέγοντα
357 1239 481 1299 “τούτων
511 1239 600 1298 εἵνεκα
631 1238 676 1296 καὶ
706 1239 887 1316 συνταχύνειν

61 1382 63 1387 .
85 1324 160 1400 αὐτῷ
179 1325 229 1386 τῶν
250 1328 326 1403 βίον·
350 1327 382 1386 οῦ
403 1326 459 1407 γάρ
480 1326 602 1401 ποιῆσαί
619 1351 668 1400 μιν
687 1325 720 1385 τά
741 1326 831 1404 χρεῶν
850 1327 886 1402 ἦν

84 1413 197 1472 ποιέειν·
219 1415 275 1474 δεῖν
286 1414 342 1496 γάρ
355 1415 497 1495 Αἴγυπτον
516 1414 670 1472 κακοῦσθαι
689 1411 731 1470 ἐπ’
746 1415 807 1471 έτεα
822 1441 884 1474 πεν-

84 1499 206 1573 τήκοντά
226 1529 257 1561 τε
273 1505 319 1561 καὶ
340 1502 446 1562 ἐκατάν·
476 1504 521 1560 καὶ
539 1501 605 1563 τοῦς
620 1504 671 1576 μὲν
689 1500 738 1559 δύο
753 1501 816 1563 τοῦς
828 1503 884 1580 πρῶ

85 1590 189 1647 ἐκείνου
215 1589 380 1669 γενομένους
399 1589 541 1666 βασιλέας
564 1590 664 1664 μαθεῖν
683 1593 775 1658 τοῦτο,
797 1593 885 1650 κεῖνον

85 1675 115 1734 δὲ
128 1675 186 1735 οῦ·”
206 1683 293 1738 ταῦτα
307 1678 468 1737 οἱκούσαντα
481 1678 530 1736 τῶν
543 1679 708 1753 Μυκερῖνον,
723 1675 758 1739 ds
772 1702 884 1736 κατακε-

85 1762 218 1840 κριμένων
231 1765 283 1841 ήδη
301 1769 335 1846 οϊ
344 1765 456 1834 τούτων,
471 1764 561 1844 λύχνα
577 1764 768 1839 ποιησάμενον
777 1765 883 1838 πολλά,

84 1851 153 1914 ὅκως
178 1853 284 1933 γίνοιτο
310 1853 368 1923 νύξ,
395 1854 541 1931 άνάψαντα
564 1851 642 1921 αῦτιϊ,
670 1853 759 1912 πίνειν
784 1879 815 1912 τε
839 1854 885 1912 καὶ

85 1938 230 2000 εὐπαθέειν
244 1939 306 2000 οὔτε
319 1940 424 2018 ήμέρης
443 1940 506 2000 οῦτε
520 1940 616 2002 νυκτδς
633 1939 751 2013 οἷνιέντα,
766 1941 793 2002 ἐς
805 1966 836 1999 τε
848 1941 884 1999 τοὶ

85 2026 151 2085 ἕλεα
165 2028 210 2086 καὶ
226 2028 261 2087 τά
279 2028 372 2088 ἄλσεα
390 2028 570 2105 πλανώμενον
592 2028 637 2086 καὶ
657 2029 700 2086 ἵνα
718 2026 884 2088 πυνθάνοιτο

85 2114 154 2173 εἶναι
167 2120 219 2196 γῆς
232 2116 404 2194 ἐνηβητήρια
418 2116 628 2191 ἐπιτηδεοϊτατα.
669 2120 757 2175 ταῦτα
773 2116 803 2174 δὲ
820 2121 879 2193 ἐμη

84 2207 191 2280 χανιῖτο
218 2203 307 2263 θέλων
334 2205 367 2264 τῦ
390 2205 524 2281 μαντήϊον
549 2203 717 2281 ψευδόμενον
740 2202 881 2273 ἀποδέξαι,

86 2290 130 2348 ἵνα
143 2294 170 2350 οϊ
189 2292 308 2351 δυώδεκα
323 2294 384 2351 ἔτεα
402 2290 464 2351 άντὶ
478 2292 509 2361 ἐξ
525 2291 605 2351 ἐτέων
622 2290 736 2371 γένηται
749 2294 777 2349 αϊ
791 2291 884 2354 νύκτες

84 2377 187 2454 ήμέραι
200 2380 368 2455 ποιεύμεναι.

126 2468 275 2543 Πυραμίδα
289 2468 378 2527 δὲκαὶ
392 2465 471 2531 οὗτος
485 2466 638 2526 οἷπελίπετο
651 2463 761 2525 πολλῶν
778 2464 862 2525 ἐλάσ·
872 2468 928 2527 134
991 2482 995 2491 “

84 2578 128 2613 σω
144 2559 194 2614 τοῦ
211 2555 324 2632 πατρῦς,
340 2556 455 2635 (ἐείκοσι
475 2555 567 2614 ποδῶν
587 2552 776 2612 καταδέουσαν
793 2557 883 2613 κῶλον

85 2642 204 2702 ἕκαστον
219 2647 302 2719 τριῶν
321 2645 457 2720 πλέθρων,
473 2643 572 2717 ἐούσης
589 2639 782 2721 τετραγώνου,)
800 2641 883 2699 λίθου

85 2729 115 2788 δὲ
129 2735 156 2793 ἐς
169 2729 201 2790 τῦ
215 2730 303 2806 ήμισυ
317 2733 490 2791 Αἰθιοπικοῦ·
511 2729 563 2804 τήν
577 2728 611 2803 δή
624 2727 798 2804 μετεξέτεροί
809 2733 880 2802 φασι

84 2815 229 2893 Ἑλλήνων
254 2818 406 2881 Ῥοδοϊπιος
433 2818 541 2894 ἑταίρης
569 2814 699 2897 γυναικός
730 2816 806 2884 εἶναι,
833 2814 883 2874 ούκ

85 2903 174 2981 ὀρθῶς
186 2907 325 2987 λέγοντες·
347 2907 409 2966 οῦδὲ
428 2905 465 2965 ῶν
478 2905 540 2964 οῦδὲ
559 2903 659 2966 εἰδότες
672 2929 720 2980 μοι
737 2903 883 2979 φαίνονται

86 2994 179 3074 λέγειν
192 2991 268 3053 οὗτοι
280 2993 341 3069 ήτις
352 2994 388 3070 ἦν
399 2992 419 3069 ή
431 2992 574 3054 Ῥοδῶπις·
594 2990 628 3051 ου’
641 2995 696 3072 γάρ
711 2989 744 3050 ἄν
758 2993 784 3049 οϊ
796 3017 883 3068 πυρα·

86 3082 153 3157 μίδα
166 3080 302 3141 ἀνέθεσαν
317 3081 494 3156 ποιήσασθαι
512 3078 649 3155 τοιαύτην,
668 3084 696 3142 ἐς
712 3079 764 3154 τήν
781 3077 884 3138 ταλάν-

85 3193 140 3227 των
156 3168 283 3246 χιλιάδες
301 3167 496 3248 άναρίθμητοι,
515 3167 552 3234 ῶς
572 3166 655 3250 λάχω
677 3170 780 3239 ἐιπέιν,
794 3163 908 3223 ἐιυαισϊ·

72 3277 191 3328 μωνταν
212 3255 285 3334 πρός
299 3257 337 3330 δέ,
353 3257 401 3324 ὅτι
418 3259 496 3326 κατὰ,
507 3257 647 3341 1Ἄμασιν
673 3243 947 3337 βασιλεῦονταῖλ*
