2040 3464
119 109 166 154 ιω
428 109 613 158 Ἦνοιουοτ
868 108 920 172 [11.

73 186 109 243 62
119 184 201 254 ξεῖνοι
217 187 263 244 καὶ
276 185 326 244 ούκ
343 186 502 267 Αἰγύπτιοι.
540 186 589 250 Ἐς
607 186 677 251 Σάῖν
690 187 720 247 δὲ
737 186 823 247 πόλιν
839 188 922 247 ἐπεάν

119 274 317 343 συλλεχθέωσι
330 278 399 351 τῇσι
414 276 538 353 θυσίῃσι,
554 276 582 334 ἐν
595 301 649 334 τινι
663 276 740 335 νυκτὶ
756 274 849 353 λύχνα
865 275 922 333 καί·

120 385 184 419 ουσι
197 359 298 422 πάντες
311 362 409 420 πολλοὶ
422 362 555 438 ὑπαίθρια
568 362 632 437 περὶ
644 362 680 421 τοὶ
694 361 807 438 δώματα
820 361 922 440 κύκλῳ·

121 447 157 506 τό
171 448 200 506 δὲ
213 448 304 527 λύχνα
317 449 378 508 ἐστὶ
397 450 528 526 ἐμβάφια
544 450 653 526 ἔμπλεα
667 449 736 512 άλός
752 449 799 507 καὶ
817 450 923 508 ἐλαίου·

120 539 257 612 ἐπιπολῆς
278 537 306 594 δέ
324 538 421 597 ἔπεστι
440 537 507 597 αύτό
524 537 557 596 τό
576 537 732 616 ἐλλύχνιον.
774 537 820 594 καὶ
839 541 923 596 τοῦτο

121 625 226 683 καίεται
240 624 401 702 παννύχατν·
423 626 469 684 καὶ
481 629 517 703 τῇ
536 623 605 702 όρτῇ
621 624 726 701 οὕνομα
745 626 835 683 κέεται
847 631 923 703 Λυχ·

120 712 226 788 νοκαίῃ·
249 712 275 771 οἳ
296 711 319 770 δ’
337 714 371 772 ἂν
388 713 428 789 μῦ
452 714 556 772 ἔλθωσι
575 717 629 771 τῶν
648 713 807 792 Αἰγυπτίων
825 717 852 774 ἐς
871 712 924 788 τήν

121 800 275 880 πανήγυριν
294 801 405 875 ταύτην,
421 800 620 875 φυλάσσοντες
639 800 690 875 τήν
708 800 793 860 νύκτα
813 803 863 874 τῆς
877 800 923 859 θυ·

121 888 185 963 σίῃς
199 889 309 946 καίουσι
324 889 370 946 καὶ
383 889 462 947 αυτοὶ
478 887 580 950 πάντες
593 888 629 947 τοὶ
649 886 750 966 λύχνα.
792 887 839 945 καὶ
852 886 923 946 οὕτω

123 973 171 1034 οῦκ
199 981 227 1034 ἐν
255 975 309 1040 Σάῖ
331 975 421 1054 μούνῃ
446 978 558 1048 καίεται,
582 975 660 1034 άλλοὶ
683 977 728 1033 καὶ
752 973 805 1033 dvo?
826 979 924 1034 πᾶσαν

126 1064 274 1143 Αἴγυπτον.
315 1063 379 1123 ὅτευ
399 1065 429 1122 δὲ
449 1065 540 1122 εἵνεκα
558 1068 617 1139 φῶς
634 1065 718 1141 ἔλαχε
735 1063 780 1121 καὶ
800 1063 884 1138 τιμήν
904 1056 923 1138 ἦ

126 1150 175 1220 νῦξ
201 1150 278 1226 αὕτη,
301 1153 362 1210 ἔστι
384 1151 443 1228 ἶρδς
465 1154 530 1228 περὶ
551 1151 634 1211 αὐτοῦ
657 1151 742 1229 λόγος
762 1149 922 1231 λεγόμενος.

18 1242 24 1261 ’
77 1241 113 1296 ῦὸ
128 1242 170 1301 Es·
195 1241 225 1297 δέ·
248 1239 349 1298 Ἠλίου
370 1239 455 1299 πόλιν
479 1241 525 1298 καὶ
548 1243 671 1299 Βουτοῦν
696 1238 794 1300 θυσίας
820 1238 923 1314 μούνας

124 1328 299 1386 ἐπιτελέουσι
313 1329 481 1403 φοιτέοντες.
524 1334 553 1388 ἐν
566 1329 595 1387 δέ
609 1327 747 1403 Παπρήμι
761 1326 859 1389 θυσίας
871 1330 923 1402 μὲν

125 1414 170 1472 καὶ
188 1415 241 1491 ἱρά,
261 1415 383 1492 κατάπερ
405 1416 451 1473 καὶ
470 1419 506 1492 τῇ
523 1416 607 1494 ἄλλῃ,
627 1419 748 1473 ποιεῦσι·
770 1413 823 1473 εὖτ’
842 1412 876 1473 ἂν
893 1415 923 1474 δὲ

122 1502 234 1580 γίνηται
261 1503 420 1579 καταφερὴς
441 1502 457 1562 ό
479 1503 567 1577 ἥλιος,
589 1502 682 1582 ὀλίγοι
705 1503 757 1578 μέν
775 1527 847 1564 τινες
868 1506 924 1562 τῶν

123 1591 201 1664 ἱρέων
214 1592 278 1667 περὶ
290 1589 427 1671 ἰιῦγαλμα
440 1592 617 1650 πεπονέαται·
632 1593 658 1648 οἷ
672 1590 702 1648 δὲ
714 1590 819 1648 πολλοὶ
833 1589 923 1650 αύτῷν

123 1676 213 1746 ξύλων
227 1678 344 1753 κορύνας
357 1679 466 1755 ἔχοντες
480 1682 581 1738 ἑστᾶσι
594 1682 643 1737 τοῦ
663 1681 723 1753 ἱροῦ
738 1683 766 1736 ἐν
776 1682 811 1756 τῇ
826 1678 922 1758 ἐσόδῳ,

124 1762 209 1824 ἄλλοι
244 1767 273 1823 δέ
308 1764 432 1844 εύχωλάς
460 1767 653 1835 ἐπιτελέοντες,
681 1769 799 1828 πλεῦνες
824 1767 923 1844 χιλίων

124 1850 230 1928 α’νδριῦν
242 1853 365 1923 ἕκαστοι,
375 1857 484 1932 ἐχοντες
497 1854 568 1922 ξύλα
581 1855 627 1911 καὶ
641 1850 725 1921 οῦτοι,
737 1853 783 1911 ἐπὶ
794 1852 830 1911 τά
844 1853 923 1930 Ιἐτερα

124 1938 204 2003 άλέες
215 1943 325 1999 ἑστᾶσι.
339 1941 373 2000 τῦ
386 1942 416 2002 δὲ
426 1939 542 2021 ἄγαλμα
556 1941 601 2000 ἐόν
612 1946 640 2000 ἐν
654 1945 709 2018 νηῷ
720 1945 809 2022 μικρῷ
823 1941 923 2021 ξυλίνῳ

124 2029 394 2108 κατακεχρυσωμένῳ
419 2031 650 2106 προεκκομίζουσι
670 2033 705 2106 τῇ
723 2029 874 2106 προτεραίῃ
896 2035 923 2092 ἐς

125 2113 198 2174 ἄλλο
209 2116 311 2192 οἴκημα
326 2116 394 2192 ίρόν·
414 2141 441 2177 οι
453 2119 505 2193 μὲν
518 2118 552 2192 δὴ
566 2118 659 2197 ὀλίγοι
672 2120 699 2174 οἱ
711 2117 775 2192 περὶ
787 2114 922 2195 τῶγαλμα

127 2205 302 2280 λελειμμένοι
321 2205 436 2263 ἕλκουσι
456 2205 643 2281 τετράκυκλον
659 2203 775 2280 ἅμαξαν,
797 2202 922 2285 ἄγουσαν

125 2290 174 2351 τόν
190 2291 257 2367 νηόν
274 2318 305 2351 τε
323 2294 369 2351 καὶ
384 2292 417 2352 τῦ
437 2297 465 2352 ἐν
481 2296 519 2372 τῷ
537 2296 592 2371 νηῷ
608 2291 683 2352 ἐνεόν
701 2289 827 2370 ἄγαλμα·
848 2296 875 2351 οἱ
893 2293 924 2352 δὲ

126 2377 176 2439 οῦκ
196 2384 271 2449 ἐιῦσι,
291 2386 319 2440 ἐν
336 2384 412 2440 τοῖσι
429 2381 633 2457 προπυλαίοισι
649 2383 787 2448 ἑστεῶτες,
809 2380 923 2440 ἐσιέναι·

126 2469 152 2526 οἱ
178 2468 207 2526 δὲ
235 2468 423 2547 εύχωλιμαῖοι,
449 2469 628 2544 τιμωρέοντες
654 2471 692 2545 τῷ
719 2467 779 2544 θεῷ,
806 2468 925 2527 παίουσι

125 2553 224 2618 αύτούς
237 2556 429 2632 άλεξομένους.
457 2556 575 2616 ἐνθαῦτα
587 2555 667 2634 μάχῃ
677 2555 790 2623 ξύλοισι
804 2557 924 2632 καρτερὴ

125 2644 239 2725 γίνεται·
274 2644 401 2721 κεφαλάς
426 2671 458 2704 τε
484 2644 720 2721 συναράσσονται,
744 2644 790 2702 καὶ
813 2642 849 2706 ὦς
869 2645 924 2725 ἐγιῦ

125 2730 217 2803 δοκέω,
233 2734 339 2791 πολλοὶ
356 2734 401 2792 καὶ
416 2730 629 2807 ἀποθνήσκουσι
644 2737 675 2790 ἐκ
692 2735 747 2791 τῶν
763 2731 923 2808 τρωμάτων·

125 2818 157 2878 ού
181 2822 278 2894 μέντοι
305 2822 334 2880 οἵ
358 2846 391 2902 γε
420 2820 569 2900 Αἰγύπτιοι
597 2821 708 2895 ἔφασαν
735 2818 924 2894 ἀποθνήσκειν

79 2909 115 2967 64
125 2907 231 2967 οὐδένα.
271 2910 329 2985 Τὴν
344 2909 373 2968 δὲ
387 2908 540 2988 πανήγυριν
552 2907 655 2984 ταύτην
670 2913 699 2966 ἐκ
715 2908 796 2967 τοῦδε
809 2909 924 2984 νομίσαι

124 2997 200 3071 φασὶ
227 3001 254 3056 οἱ
276 2996 426 3076 ἐπιχώριοι·
463 2998 560 3056 οἰκέειν
581 3001 610 3056 ἐν
630 3001 668 3075 τῷ
692 2999 741 3074 ἱρῷ
762 2995 851 3076 τούτῳ
873 3001 923 3055 τοῦ
991 2996 994 3000 ’

115 3083 216 3158 Ἄρεος
227 3083 282 3160 τήν
295 3086 417 3163 μητέρα·
438 3085 485 3145 καὶ
500 3083 550 3167 τόν
559 3082 649 3159 'Apta
666 3083 830 3161 ἀπότροφον
847 3084 923 3165 γενό-

95 3192 199 3240 μενον,
215 3175 316 3236 ἐλθεῖν
330 3174 542 3254 ἐξανδρωμένον
559 3173 695 3234 ἐθελοντα
709 3198 747 3250 τῃ
764 3172 924 3247 μητρλπυμ-

11 3300 13 3305 ·
78 3252 184 3323 μῖξαι·
206 3263 262 3321 καὶ
273 3264 351 3330 τοῦς
363 3267 541 3345 προπόλους
549 3268 605 3342 τῆς
620 3261 738 3342 μητρὸς,
751 3259 799 3318 oh
810 3257 864 3317 οῦκ
873 3255 946 3314 {nm-
