2040 3464
138 106 184 152 348
445 105 627 152 'IlPOAOTOT
880 103 939 166 [H]

139 183 251 261 οἰχώκεε
262 189 289 245 ἐς
300 184 451 263 Αἴγυπτον·
467 183 541 258 ἦσαν
555 182 609 263 γάρ
623 187 650 242 οἱ
663 188 693 242 ἐκ
706 188 756 242 τοῦ
770 183 942 260 Ἀρκεσίλεω

138 271 291 350 εὐεργεσίαι
314 277 340 333 ἐς
362 272 524 348 Καμβύσεα
547 271 596 331 τόν
618 271 714 346 Κύρου
741 273 941 347 πεποιημέναι·

138 357 230 437 (οὗτος
246 359 300 438 γάρ
318 358 352 432 ἦν
367 359 382 418 ὁ
401 359 585 436 Ἀρκεσίλεως
600 359 629 421 ὅς
644 359 777 435 Κυρήνην
792 359 940 438 Καμβύσῃ

138 447 218 504 ἔδωκε
232 448 277 504 καὶ
292 447 381 522 φόρον
393 447 531 526 ἐτάξατο)
545 447 700 523 ἀπικομένη
716 446 745 505 δὲ
760 453 787 509 ἐς
799 449 942 528 Αἴγυπτον

136 534 155 609 ἦ
169 538 306 611 Φερετίμη
320 535 474 612 Ἀρυάνδεω
489 536 571 598 ἱκέτις
585 536 669 606 ἕζετο,
680 540 843 612 τιμωρῆσαι
857 540 942 613 ἑωυτῇ

138 623 304 682 κελεύουσα·
325 625 520 701 προῖσχομένη
538 622 693 698 πρόφασιν,
709 622 745 685 ὦς
762 622 807 681 διά
827 623 877 682 τόν
891 650 942 699 μη-

91 713 147 770 ]66
158 711 259 788 δεσμόν
273 711 289 771 ό
301 715 368 774 ταῖς
379 715 405 770 οἱ
419 712 542 787 τέθνηκε.
571 710 606 768 Ὁ
618 711 647 769 δὲ
654 709 807 787 Ἀρυάνδης
817 710 852 786 ἦν
864 709 943 773 οὗτος

136 804 186 874 τῆς
197 799 340 880 Αἰγύπτου
350 800 475 877 ὕπαρχος
488 799 543 858 ῦπό
555 798 722 874 Καμβύσεω
732 799 898 861 κατεστεώς·
913 799 942 862 ὃς

136 888 243 967 ὑστέρῳ
260 888 351 967 χρόνῳ
364 888 467 946 τούτων
481 888 684 964 παρισεύμενος
703 887 811 965 Δαρείῳ
828 887 941 961 διεφθά-

136 1001 182 1051 ρη.
213 975 369 1051 πυθόμενος
391 976 446 1056 γάρ
469 977 515 1034 καί
535 976 598 1035 ἰδών
618 980 738 1051 Δαρεῖον
757 977 942 1050 ἐπιθυμέοντα

136 1063 316 1138 μνημόσυνον
333 1067 434 1122 ἑωυτοῦ
451 1063 587 1123 λιπέσθαι
604 1067 688 1122 τοῦτο
701 1062 734 1122 τό
748 1062 788 1138 μή
803 1062 886 1141 ἄλλῳ
901 1065 942 1138 εἰη

136 1151 256 1225 βασιλέϊ
285 1150 520 1230 κατεργασμένον,
548 1150 676 1228 ἐμιμέετο
703 1154 816 1209 τοῦτον·
853 1157 881 1214 ἐς
910 1149 941 1210 οὗ

138 1240 226 1313 ἔλαβε
239 1237 289 1297 τόν
302 1237 418 1314 μισθόν.
458 1242 576 1315 Δαρεῖος
589 1241 641 1314 μὲν
654 1237 709 1318 γάρ
723 1239 844 1316 χρυσίον
858 1240 941 1296 καθα-

135 1325 260 1400 ρώτατον
287 1325 437 1403 ἀπεψήσας
469 1331 497 1388 ἐς
522 1325 556 1385 τό
583 1326 782 1393 δυνατώτατον,
817 1326 943 1403 νόμισμα

139 1413 273 1490 ἐκόψατο·
302 1412 453 1489 Ἀρυάνδης
475 1415 505 1472 δὲ
528 1413 622 1492 άρχων
642 1414 787 1493 Αἰγώπτου
810 1412 942 1494 άργύριον

136 1501 224 1560 τώυτό
241 1506 325 1560 τοῦτο
345 1501 448 1559 ἐποίεε·
471 1504 516 1560 καὶ
530 1506 579 1562 νῦν
595 1503 656 1560 ἐστὶ
670 1500 803 1580 ἀργύριον
818 1503 942 1580 καθαρώ-

136 1614 221 1648 τατον
233 1588 266 1648 τό
279 1588 469 1664 Ἀρυανδικόν.
503 1589 599 1666 μαθών
614 1589 643 1648 δὲ
658 1589 776 1663 Δαρεῖός
790 1615 839 1665 μιν
852 1597 942 1648 ταῦτα

136 1681 274 1746 ποιεῦντα,
289 1679 378 1752 αἰτίην
399 1679 426 1734 οἱ
445 1676 538 1752 άλλην
559 1678 706 1745 ἐπενείκας,
726 1675 761 1738 ὥς
782 1680 809 1734 οἰ
828 1679 942 1737 ἐπανίσ-

91 1765 147 1823 167
158 1791 245 1834 ταιτο,
265 1763 417 1824 άπέκτεινε.
448 1765 517 1823 Τότε
531 1766 560 1823 δὲ
574 1762 655 1827 οὗτος
674 1763 689 1822 ό
706 1762 862 1839 Ἀρυάνδης
879 1792 941 1823 κατ-

137 1854 272 1928 οικτείρας
302 1854 462 1928 Φερετίμην,
493 1853 565 1911 διδοῖ
592 1850 662 1930 αὐτῇ
684 1851 808 1927 στρατόν
835 1853 885 1911 τόν
914 1853 944 1922 ἐξ

136 1940 280 2020 Αἰγύπτου
302 1939 419 2009 ἅπαντα,
440 1942 486 1998 καὶ
505 1942 553 1999 τόν
569 1940 653 2010 πεζόν
669 1940 716 1997 καὶ
732 1939 781 1998 τόν
801 1940 941 2000 ναυτικόν·

136 2027 297 2108 στρατηγόν
311 2029 340 2085 δὲ
353 2033 403 2086 τοῦ
417 2031 468 2104 μὲν
485 2032 569 2100 πεζοῦ
583 2028 711 2103 Ἀμασιν
725 2026 842 2095 α’πέδεξε
856 2027 942 2104 άνδρα

137 2115 300 2190 Μαράφιον,
313 2119 363 2173 τοῦ
385 2117 413 2174 δὲ
435 2121 564 2174 ναυτικοῦ
582 2117 702 2192 Βάδρην,
722 2113 803 2174 ἐόντα
823 2122 940 2193 Πασαρ-

135 2204 222 2283 γάδην
236 2205 324 2283 γένος.
367 2205 432 2280 πρὶν
446 2205 475 2262 δὲ
488 2202 505 2279 ἦ
520 2203 689 2263 ἀποστεῖλαι
702 2202 754 2278 τήν
765 2203 912 2278 στρατιήν,
927 2205 942 2263 ό

135 2291 287 2368 Ἀρυάνδης
297 2294 409 2369 πέμψας
423 2297 450 2354 ἐς
463 2292 514 2366 την
526 2292 638 2368 Βάρκην
649 2291 762 2367 κήρυκα,
774 2291 943 2352 ἐπυνθάνετο

136 2383 178 2443 τίς
199 2383 240 2456 εἴη
261 2381 276 2441 ὁ
296 2380 483 2456 Ἀρκεσίλεων
504 2379 680 2447 άποκτείνας;
705 2381 732 2437 οἱ
755 2378 784 2436 δὲ
805 2384 943 2454 Βαρκαῖοι

137 2470 216 2528 αῦτοί
237 2469 404 2528 ῦποδεκέατο
426 2468 535 2530 πάντες·
563 2467 660 2526 πολλά
680 2494 711 2527 τε
731 2467 786 2546 γάρ
807 2467 853 2524 καὶ
872 2469 944 2526 κακά

136 2557 258 2634 πάσχειν
268 2555 312 2614 ὑπ’
322 2555 416 2614 αῦτοῦ·
438 2556 593 2630 πυθόμενος
607 2556 636 2613 δὲ
649 2559 737 2614 ταῦτα
751 2554 766 2613 ὁ
780 2554 941 2631 Ἀρυάνδης,

137 2645 207 2703 οὕτω
220 2645 254 2719 δὴ
268 2644 320 2718 την
338 2642 475 2719 στρατιήν
492 2643 643 2703 ἀπέστειλε
661 2642 721 2719 ἅμα
739 2647 775 2720 τῇ
794 2645 942 2722 Φερετίμη.

138 2733 207 2808 αὕτη
228 2734 279 2808 μέν
299 2759 347 2791 νυν
368 2733 441 2806 αἰτίη
462 2732 618 2810 πρόσχημα
637 2736 687 2790 τοῦ
708 2731 797 2811 λόγου
823 2733 939 2811 ε’γίνετο·

137 2820 317 2895 ἀπεπέμπετο
345 2820 374 2877 δὲ
401 2819 419 2894 ἡ
447 2820 574 2895 στρατιη,
603 2819 638 2882 ώς
666 2820 728 2895 ἐμοὶ
756 2820 870 2888 δοκέειν,
897 2821 942 2878 ἐπὶ

137 2907 252 2984 Λιβύων
267 2912 463 2986 καταστροφῇ·
485 2907 599 2982 Λιβύων
619 2907 674 2986 γάρ
696 2907 730 2982 δὴ
748 2908 828 2966 ἔθνεα
845 2907 942 2965 πολλά

138 2998 184 3054 καὶ
193 2994 313 3054 παντοῖά
326 3001 397 3054 ἐστι·
420 2996 465 3053 καὶ
478 2997 514 3054 τά
526 2998 577 3069 μὲν
596 2995 685 3055 αὐτῶν
699 2995 784 3075 ὀλίγα
803 2996 942 3070 βασιλέος

131 3083 169 3162 ἤν
182 3083 300 3161 ῦτιήκοα,
314 3082 351 3143 τά
365 3085 394 3142 δὲ
407 3085 483 3142 πλέω
495 3083 638 3158 ἐφρόντιζε
650 3084 769 3159 Δαρείου
784 3083 873 3142 οὐδέν.

72 3177 137 3236 168
184 3176 326 3237 Οἰκέουσι
351 3174 381 3236 δὲ
406 3172 478 3234 κατά
502 3171 570 3231 τάδε
594 3172 702 3246 λίβυες·
732 3167 776 3226 ἀπ’
801 3170 941 3249 Αἰγύπτου

112 3265 295 3348 ἀρξάμενοι,
307 3257 644 3350 πρῶτοιἈδυρμκῑχῖῗὶῐῑι
652 3255 764 3330 Μίδων
776 3256 953 3324 mdmwm
