2040 3464
99 112 238 176 115-118]
439 116 572 164 οιιοιι,
850 119 897 170 2⁵7

97 191 217 268 ἑκάστης
233 193 386 253 ἑκάστοισι·
415 197 476 253 ἐπεί
491 221 522 254 τε
538 195 567 253 δέ
585 194 640 254 ύπό
656 199 695 273 τῷ
711 195 813 275 Πέρσῃ
833 198 897 267 εἰσὶ,

96 281 256 340 πεπόνθασι
282 282 397 341 τοιόνδε·
438 283 488 345 τῶς
522 283 684 363 διασφάγας
716 288 771 342 τῶν
798 279 899 359 ούρέων

97 368 221 446 ἐνδείμας
242 369 257 428 ό
284 369 431 445 βασιλεύς,
453 370 608 440 πύλαςέ’π’
631 371 736 449 ἑκάστῃ
759 371 897 453 διασφάγι

96 456 210 532 ἔστησε·
231 457 469 533 ἀποκεκληιμένου
484 459 513 517 δὲ
526 463 575 518 τοῦ
588 458 687 521 ὕδατος
702 464 752 534 τῆς
766 460 897 532 διεξόδου,

95 545 129 603 τό
155 545 251 604 πεδίον
275 545 309 605 τό
336 546 412 608 ἐντός
432 551 487 606 τῶν
508 545 609 624 ούρέων
635 547 761 627 πέλαγος
782 549 896 623 γίνεται,

96 632 249 696 ἐνδιδόντος
274 636 326 709 μὲν
351 639 401 693 τοῦ
432 639 562 712 ποταμοῦ
593 635 705 712 ἔχοντος
732 634 762 693 δὲ
788 635 897 712 ου’δομῆ

95 721 236 795 ἐξήλυσιν,
279 719 356 781 οὗτοι
370 721 406 781 ῶν
419 723 498 800 οἷπερ
517 723 676 800 ἔμπροσθεν
694 722 816 783 ἐώθεσαν
828 728 897 801 χρῶ-

94 809 166 868 σθαι
178 813 216 888 τῷ
229 809 314 882 ὕδατι,
331 810 380 869 ούκ
395 811 505 888 ἔχοντες
520 810 594 888 αύτῷ
609 811 744 889 χρᾶσθαι,
759 816 896 891 συμφορῇ

95 896 207 976 μεγάλῃ
220 897 408 976 διαχρέωνται·
428 898 478 958 τόν
490 901 542 975 μὲν
553 897 608 979 γάρ
622 902 745 976 χειμῶνα
756 898 797 956 ύει
810 906 866 974 σφι
880 903 896 958 ὁ

96 984 167 1054 θεός,
190 985 284 1061 ῶσπερ
303 985 349 1043 καὶ
363 989 441 1044 τοῖσι
459 985 578 1045 άλλοισι
596 985 777 1062 οἶνθριύποισι·
798 991 848 1045 τοῦ
866 988 896 1046 δλ

95 1072 189 1148 θέρεος
202 1074 363 1150 σπείροντες
375 1074 492 1150 μελίνην
506 1074 552 1132 καὶ
568 1073 710 1150 σήσαμον,
724 1074 895 1151 χρηίσκοντο

94 1163 133 1236 τῷ
158 1159 246 1220 ὕδατι·
274 1161 358 1220 ἐπεάν
385 1160 426 1221 ῶν
448 1162 534 1237 μηδέν
556 1167 612 1236 σφι
632 1161 822 1236 παραδιδῶται
842 1166 893 1222 τοῦ

94 1245 201 1318 ὕδατος,
223 1249 351 1311 ἐλθόντες
372 1254 399 1310 ἐς
418 1249 482 1311 τούς
496 1249 612 1325 Πέρσας
632 1247 713 1311 αύτοί
730 1274 761 1306 τε
782 1249 827 1306 καὶ
846 1275 894 1328 γυ-

94 1338 192 1406 ναῖκες,
206 1335 322 1398 στάντες
336 1337 405 1395 κατά
418 1337 468 1398 τάς
482 1336 567 1413 θύρας
580 1340 629 1394 τοῦ
643 1336 783 1411 βασιλέος
797 1336 893 1410 βοῶσι

94 1419 254 1498 ῶρυόμενοι·
282 1424 298 1483 ’ὁ
320 1425 349 1482 δὲ
369 1424 509 1500 βασιλεύς
528 1428 606 1483 τοῖσι
626 1423 784 1498 δεομένοισι
804 1423 893 1484 αύτῶν

92 1511 220 1584 μάλιστα
233 1513 393 1572 ἐντέλλεται
406 1512 527 1592 α’νοίγειν
539 1511 590 1573 τάς
603 1511 695 1573 πύλας
707 1510 757 1572 τάς
770 1514 797 1573 ἐς
809 1514 893 1570 τοῦτο

93 1599 244 1674 φερούσας·
272 1601 355 1659 ἐπεάν
374 1601 403 1659 δὲ
424 1598 552 1676 διάκορος
570 1599 589 1674 ἦ
605 1603 643 1680 γῆ
665 1600 761 1673 σφέων
780 1599 894 1679 γένηται

94 1688 212 1746 πίνουσα
225 1688 258 1746 τό
278 1689 358 1765 ὕδωρ,
373 1686 455 1747 αὗται
472 1691 523 1764 μὲν
537 1691 566 1746 αἱ
579 1689 667 1746 πύλαι
682 1687 892 1761 ἀποκληίονται,

91 1774 184 1838 ἄλλος
204 1774 226 1834 δ’
248 1779 407 1836 ἐντέλλεται
427 1776 548 1856 ἀνοίγειν
565 1775 682 1834 άλλοισι
703 1779 780 1834 τοῖσι
799 1774 892 1852 δεομέ-

91 1888 167 1922 νοισι
178 1864 305 1940 μάλιστα
318 1870 371 1924 τῶν
384 1868 500 1924 λοιπῶν·
521 1864 556 1927 ῶς
570 1865 599 1922 δὲ
613 1863 667 1944 ἐγῶ
681 1863 743 1938 οἶδα
760 1861 892 1934 α’κούσας,

90 1951 222 2029 χρήματα
245 1953 357 2034 μεγάλα
379 1951 578 2028 πρησσόμενος
598 1951 711 2032 οἷνοίγει,
730 1950 820 2027 πάρεξ
841 1956 891 2010 τοῦ

90 2038 191 2114 φόρου.
232 2047 320 2100 ταῦτα
333 2043 385 2117 μὲν
398 2040 432 2115 δη
448 2044 504 2119 ἔχει
518 2040 597 2100 οὕτω.

131 2132 192 2186 Τῶν
213 2128 242 2187 δὲ
261 2133 299 2206 τῷ
319 2129 411 2209 Μάγῳ
432 2128 647 2188 ἐπαναστάντων
667 2127 737 2187 ἑπτά
757 2126 937 2204 οἷνδρῶν,118

90 2215 139 2273 ἕνα
160 2215 249 2276 αύτῶν
269 2216 448 2294 Ἰνταφέρνεα
468 2218 619 2292 κατέλαβε,
637 2216 797 2293 ὑβρίσαντα
816 2214 890 2284 τάδε,

89 2303 240 2364 οἷποθανεῖν
261 2305 359 2364 αὐτίκα
379 2305 451 2381 μετά
470 2305 523 2380 τὴν
536 2304 737 2363 ἐπανάστασιν·
758 2303 843 2376 ἤθελε
864 2307 892 2365 ἐς

87 2391 125 2451 τοὶ
144 2393 287 2468 βασιλήῖα
308 2392 433 2452 ἐσελθῶν
453 2393 686 2471 χρηματίσασθαι
704 2395 742 2467 τῷ
759 2391 889 2464 βασιλέϊ·

88 2482 135 2537 καὶ
151 2481 206 2560 γάρ
226 2483 260 2557 δή
275 2481 350 2541 καὶὸ
365 2481 450 2556 νόμος
468 2481 539 2539 οὕτω
553 2480 610 2557 εἶχε
623 2483 700 2539 τοῖσι
714 2482 891 2536 ἐπαναστᾶσι

87 2572 127 2644 τῷ
146 2569 246 2650 Μάγῳ,
262 2571 360 2629 ἔσοδον
375 2570 443 2628 εἶναι
459 2569 535 2644 παρά
549 2567 676 2642 βασιλέα
689 2565 753 2624 ἄνευ
767 2563 891 2644 άγγέλου

87 2656 122 2730 ἢν
141 2657 181 2732 μή
197 2659 306 2737 γυναικὶ
324 2657 448 2737 τυγχάνῃ
461 2655 633 2735 μισγόμενος
647 2654 662 2714 ό
676 2651 825 2729 βασιλεύς·
847 2650 891 2710 ού·

88 2769 142 2803 κων
162 2745 196 2819 δή
217 2745 396 2822 Ἰνταφέρνης
417 2745 534 2803 ἐδικαίευ
556 2743 653 2802 ούδένα
671 2746 698 2800 οἱ
717 2743 890 2821 ἐσαγγεῖλαι,

87 2830 162 2902 ἀλλ’,
177 2833 221 2892 ὅτι
233 2834 268 2909 ἦν
281 2839 336 2892 τῶν
350 2832 427 2902 ἑπτά,
443 2832 548 2892 ἐσιέναι
561 2830 655 2906 ἤθελε·
677 2829 693 2889 ό
708 2831 736 2888 δὲ
750 2828 891 2904 πυλουρός

86 2921 134 2978 καὶ
147 2919 163 2980 ό
177 2921 386 3002 ἀγγελιηφόρος
400 2920 431 2979 ού
445 2919 603 2998 περιιόρεον,
614 2918 735 2995 φάμενοι
745 2917 795 2976 τάν
804 2916 890 2991 βασι·

86 3008 140 3066 λέα
166 3011 276 3090 γυναικὶ
302 3009 468 3089 μίσγεσθαι·
497 3007 513 3067 ό
538 3008 568 3066 δὲ
588 3007 767 3084 Ἰνταφέρνης
791 3003 891 3063 δοκέων
914 3045 916 3049 >

86 3096 180 3170 σφέας
193 3097 295 3176 ψεύδεα
308 3097 409 3177 λέγειν,
420 3097 508 3155 ποιέει
520 3096 622 3155 τοιάδε·
645 3093 828 3170 σπασάμενος
840 3090 891 3150 τόν

86 3183 217 3244 άκινάκεα
237 3183 392 3262 α’ποτάμνει
412 3183 502 3246 αύτῶν
515 3182 598 3246 τότε
612 3183 673 3244 εἶπα
687 3184 736 3242 καλ
747 3181 803 3243 τὶς
817 3183 914 3254 {ms

76 3271 125 3327 καὶ
144 3270 257 3349 α’νειρας
276 3274 343 3352 περὶ
362 3273 417 3338 τόν
434 3275 565 3359 χαλινόν
580 3279 638 3339 τοῖι
655 3276 755 3336 ἵππου
777 3268 851 3338 περὶ
868 3259 944 3316 ταὶς

149 3352 177 3394 ‘21
1001 3366 1007 3405 γ
