2040 3464
85 106 195 170 ττ-ιτ]
397 108 560 156 mmmm.
837 109 887 155 τιο

85 188 197 258 ξύλινον
219 188 415 265 πεποιημένον,
436 187 630 266 μεμιμημένον
652 191 679 250 ές
699 186 735 246 τό
758 185 887 262 μάλιστα

86 277 132 334 καὶ
147 280 246 356 γραφῇ
263 276 308 334 καὶ
325 277 403 355 ἔργῳ,
419 276 542 356 μέγαθος
558 273 628 334 ὅσον
643 300 675 334 τε
690 274 782 350 πάντη
797 300 886 352 πηχυ-

493 362 571 385 xe!
674 367 687 382 Α

84 366 147 422 αῖον
163 362 181 439 ἢ
200 364 330 441 δίπηχυν·
352 363 456 426 δεικνύς
474 363 504 422 δε
523 388 631 441 εκαστῳ
648 389 703 422 των
721 363 888 439 συμποτέων

84 452 171 531 λέγει·
193 457 247 514 “ε’ς
263 454 363 510 τοῖτον
379 451 471 526 ὁρέων,
489 451 553 509 πῖνέ
570 476 601 509 τε
617 451 663 508 καὶ
678 450 787 526 τέρπευ·
810 451 887 509 ἔσεαι

83 539 139 618 γοὶρ
153 538 302 599 ἀποθανών
317 537 468 601 τοιοῦτος.”
502 541 590 597 ταῦτα
607 540 659 613 μὲν
672 537 749 614 παριῖ
765 537 801 596 τό
815 564 886 615 συμ·

84 627 174 686 πόσια
186 629 308 686 ποιεῦσι.

125 716 278 790 Ποτρίοισι
301 713 331 771 δὲ
354 712 506 791 χρεώμενοι
533 712 654 790 νόμοισι,
676 711 767 770 ἄλλον
789 712 931 774 ούδένα79

85 802 272 861 ἐπικτέωνται.
299 804 377 859 τοῖσι
390 799 467 858 ἄλλα
480 826 510 858 τε
525 800 624 868 ἐπόξιοί
638 805 699 860 ἔστι
712 799 823 877 νόμιμα,
839 802 885 858 καὶ

85 889 119 964 δή
138 890 183 948 καὶ
201 888 306 964 ἄεισμα
325 888 354 946 ἕν
375 893 437 947 ε’στι
455 889 547 957 Λίνος,
565 887 655 964 ὅσπερ
674 890 703 946 έν
720 914 751 947 τε
769 888 883 966 Φοινίκη

84 976 209 1053 ἀοίδιμός
225 982 286 1035 ε’στι
304 976 350 1033 καὶ
369 979 397 1033 έν
414 974 519 1055 Κύπρῳ
533 977 579 1033 καὶ
598 975 683 1053 ἄλλη·
706 975 776 1034 κατεῖ
788 977 884 1051 μέντοι

85 1066 164 1123 ἔθνεα
177 1062 283 1139 ούνομα
297 1064 363 1140 ἔχει·
384 1065 560 1139 συμφέρεται
571 1063 599 1121 δὲ
614 1063 699 1124 οῖυτός
714 1063 782 1121 εἶναι
795 1064 844 1122 τόν
857 1067 884 1123 οἱ

81 1151 220 1227 Ἕλληνες
236 1152 322 1210 Λίνον
340 1149 521 1225 ὀνομάζοντες
541 1149 676 1209 ἀείδουσι·
698 1150 770 1208 ὥστε
788 1152 885 1209 πολλὰ

83 1242 135 1314 μὲν
151 1240 196 1297 καὶ
215 1237 292 1296 ἅλλα
309 1237 520 1313 α’ποθωυμιίζειν
537 1263 573 1312 με
591 1242 645 1295 τιῖν
662 1239 725 1312 περὶ
742 1239 884 1316 Αἴγυπτον

84 1327 191 1396 ε’όντων,
206 1332 235 1385 έν
248 1326 278 1383 δὲ
292 1325 326 1399 δή
341 1325 386 1382 καὶ
404 1324 453 1383 τόν
466 1326 549 1383 Λίνον
567 1324 664 1383 ὁκόθεν
681 1327 797 1398 ἔλαβον·
819 1327 883 1400 φαί-

84 1439 178 1474 νονται
196 1414 225 1472 δὲ
241 1411 286 1470 αἐί
302 1438 365 1471 κοτε
385 1415 485 1471 τοῦτον
505 1412 651 1474 ἀείδοντες·
674 1413 734 1471 ἔστι
755 1412 784 1470 δὲ
801 1417 884 1492 Αῖγυ·

83 1503 181 1560 πτιστὶ
202 1501 217 1559 ὁ
238 1501 322 1562 Λίνος
345 1496 513 1575 καλεύμενος
540 1500 683 1575 Μανέρως.
720 1500 831 1574 ἔφασαν
852 1501 883 1560 δέ

83 1614 132 1664 μιν
145 1587 293 1669 Αἰγύπτιοι
308 1591 359 1645 τοῦ
373 1585 484 1662 πρύτου
497 1587 728 1662 βασιλεύσαντος
738 1587 882 1666 Αἰγύπτου

82 1677 170 1736 παῖδα
189 1675 358 1754 μουνογενέα
379 1674 520 1753 γενέσθαι·
552 1674 729 1734 ἀποθανόντα
752 1675 775 1733 δ’
799 1674 883 1736 αὐτόν

82 1763 187 1842 ἄνωρον
202 1762 331 1839 θρήνοισι
345 1761 473 1820 τούτοισι
488 1760 535 1821 ὕπ’
549 1764 707 1843 Αἰγυπτίων
720 1765 880 1839 τιμηθῆναι·

82 1854 129 1911 καὶ
147 1851 243 1926 αόιδήν
255 1875 286 1909 τε
303 1848 406 1924 ταύτην
420 1848 533 1926 πρώτην
548 1852 593 1908 καὶ
612 1849 718 1926 μούνην
733 1853 822 1925 σφίσι
836 1878 881 1932 γε·

82 1942 190 2001 νέσθαι.
225 1938 420 2015 Συμφέρονται
440 1937 471 1996 δὲ
491 1939 537 1996 καὶ
557 1939 620 1997 τόδε
640 1938 715 1998 ἄλλο
732 1939 881 2019 Αἰγύπτιοι
889 1942 927 1999 80

79 2026 225 2104 Ἑλλήνων
237 2025 366 2101 μούνοισι
378 2024 634 2102 Λακεδαιμονίοισι·
656 2030 682 2084 οἱ
695 2026 821 2104 νειύτεροι
833 2027 881 2086 αὖ·

80 2121 135 2177 τῶν
143 2120 221 2175 τοῖσι
233 2113 454 2189 πρεσβυτέροισι
468 2114 704 2193 συντυγχάνοντες
715 2115 820 2173 εἴκουσι
830 2119 881 2190 τῆς

81 2206 147 2265 ὁδοῦ
165 2204 211 2262 καὶ
228 2200 419 2277 ἐκτρόπονται,
438 2202 483 2259 καὶ
501 2206 613 2260 ε’πιοῦσι
635 2203 665 2270 ἐξ
687 2203 765 2279 ἕδρης
786 2202 880 2261 ύπανι-

82 2294 190 2353 στέατι.
227 2290 290 2349 τόδε
312 2289 408 2363 μέντοι
426 2289 545 2347 ἄλλοισι
566 2289 710 2363 Ἑλλήνων
732 2291 881 2367 οὐδαμοῖσι

82 2382 285 2457 συμφέρονται·
307 2376 368 2435 ἀντὶ
386 2380 436 2434 τοῦ
452 2376 671 2456 προσαγορεύειν
690 2376 835 2452 ἀλλήλους
852 2384 882 2437 ἐν

81 2474 150 2548 τῇσι
167 2468 266 2535 ὁδοῖσι,
281 2465 486 2538 προσκυνέουσι
503 2465 640 2525 κατιέντες
657 2464 741 2541 μέχρι
754 2469 804 2522 τοῦ
817 2465 880 2545 γού-

82 2583 164 2620 νατος
184 2555 235 2630 τήν
255 2557 345 2631 χεῖρα.
387 2551 567 2610 Ἐνδεδύκασι
588 2552 616 2609 δὲ
638 2553 754 2614 κιθῶνας
773 2554 924 2616 λινέους81

81 2646 146 2722 περὶ
159 2642 195 2703 τό
208 2642 312 2701 σκέλεα
323 2640 505 2708 θυσανωτούς,
517 2639 563 2702 οὓς
578 2639 712 2697 καλέουσι
723 2640 880 2716 καλασίρις·

82 2735 129 2792 ε’πὶ
146 2731 272 2792 τούτοισι
291 2728 320 2785 δὲ
341 2727 440 2804 εἰρίνεα
461 2728 561 2803 εἵματα
577 2725 664 2785 λευκοὶ
683 2726 882 2802 ἐπαναβληδδν

82 2821 229 2897 φορέουσι.
259 2814 290 2874 ού
304 2815 400 2890 μέντοι
414 2816 440 2876 ές
452 2840 485 2894 γε
498 2815 534 2872 τὰ
549 2814 594 2890 ἶρά
609 2815 759 2889 ἐσφέρεται
773 2813 880 2888 εἰρίνεα,

82 2909 145 2969 οὐδὲ
160 2902 426 2988 συγκαταθάπτεταί
443 2909 508 2976 σφι·
530 2901 562 2960 ού
578 2903 632 2982 γιῖρ
653 2901 742 2960 ὅσιον.
777 2900 879 2976 ὁμολο-

82 2998 180 3076 γέουσι
196 2995 225 3052 δὲ
242 2994 330 3051 ταῦτα
348 2993 425 3048 τοῖσι
440 2989 604 3065 Ὀρφικοῖσι
623 2989 819 3065 καλεομένοισι
836 2991 882 3049 καὶ

15 3078 19 3083 ’
82 3086 258 3162 Βακχικοῖσι,
271 3081 349 3137 ἑοῖσι
359 3077 389 3135 δὲ
399 3078 579 3157 Αἰγυπτίοισι
591 3077 637 3134 καὶ
651 3077 890 3157 Πυθαγορείοισι·

82 3172 145 3233 οὐδὲ
155 3171 210 3249 γᾶρ
223 3165 328 3228 τούτων
340 3169 396 3227 τοῖν
406 3164 510 3248 ὀργίων
525 3167 690 3248 μετέχοντα
701 3164 789 3226 δοιον
801 3165 874 3220 ἔστι
882 3163 916 3214 ‘w
