2040 3464
128 113 176 159 ‘214
435 112 617 161 'HPOAOTO'P
856 110 925 174 [ῙΠ.

128 188 293 264 βάλλεσθαι
306 188 399 269 γόνον·
440 189 587 269 Αἰγύπτιοι
600 191 629 248 δὲ
647 190 763 269 λέγουσι
777 190 866 252 σέλας
880 191 925 249 ε’πὶ

130 274 182 351 τὴν
204 278 277 351 βοῦν
301 282 332 335 ἐκ
353 280 405 336 τοῦ
432 276 549 353 ούρανοῦ
576 278 727 355 κατίσχειν,
754 278 803 334 καί
822 303 872 353 μιν
895 282 926 336 έκ

129 361 227 422 τούτου
239 363 341 422 τίκτειν
352 361 507 423 τδνἌπιν·
529 365 585 443 ἔχει
602 365 631 422 δὲ
646 363 662 422 ὁ
678 363 790 442 μόσχος
806 360 927 432 οὗτοςό

124 448 210 514 *Απις
233 450 408 526 καλεόμενος,
429 451 539 527 σημήία
563 450 656 510 τοιάδε
677 450 727 510 ε’ών
747 452 845 526 μέλας·
880 452 928 512 ε’πὶ

129 539 180 611 μὲν
192 541 231 616 τῷ
242 538 359 617 μετώπῳ
372 538 473 598 λευκόν
485 538 663 619 τετράγωνον,
675 537 721 596 ε’πὶ
734 538 764 596 δὲ
776 542 826 597 τοῦ
840 536 926 599 νώτοτ

130 624 221 684 αἰετόν
235 627 407 702 εἰκασμένον,
421 629 451 684 έν
466 625 496 683 δὲ
508 629 544 703 τῇ
557 625 625 703 ούρῇ
638 624 689 688 τοὶς
703 626 801 702 τρίχας
816 625 927 697 διπλᾶς,

84 711 176 770 ἳθέπὶ
194 712 225 771 δὲ
244 717 280 791 τῇ
298 712 421 793 γλώσσῃ
443 711 601 793 κάνθαρον.)
641 711 691 774 Ὡς
709 712 738 770 δὲ
754 710 863 793 ἤγαγον
877 714 928 774 τόν

126 797 211 860 Ἀπιν
225 803 251 859 οἱ
265 801 341 877 ἱρέες,
355 800 371 858 ό
391 799 553 876 Καμβύσης
571 800 616 859 οἱα
634 799 685 859 εὀἱν
700 798 928 881 ὑπομαργότερος

131 887 312 962 σπασάμενος
337 887 371 946 τό
397 887 569 967 ἐγχειρίδιον,
590 888 679 946 θέλων
701 887 786 964 τύψαι
805 888 858 963 τήν
877 915 928 969 γα-

131 976 218 1050 στέρα
231 979 280 1034 τοῦ
288 974 390 1038 ”Απιος
402 976 478 1033 παίει
489 974 540 1034 τόν
555 974 654 1052 μηρόν·
675 974 802 1055 γελάσας
814 975 852 1045 δὲ,
867 976 928 1035 εἰπε

132 1062 201 1137 πρός
219 1061 284 1125 τοῦς
304 1063 386 1139 ἱρέας·
411 1061 453 1120 “ὧ
474 1064 556 1121 κακαὶ
576 1063 707 1137 κεφαλαὶ,
727 1066 848 1122 τοιοῦτοι
869 1065 928 1123 θεοὶ

130 1151 261 1229 γίνονται,
289 1151 396 1226 ἔναιμοί
419 1176 450 1208 τε
475 1152 521 1208 καὶ
543 1149 696 1225 σαρκώδεες
718 1151 765 1208 καὶ
787 1151 928 1215 ἐπαΐοντες

131 1237 277 1314 σιδηρίων;
313 1235 392 1306 άξιος
411 1240 462 1313 μὲν
483 1238 641 1318 Αἰγυπτίων
665 1234 745 1299 οὗτός
763 1262 797 1317 γε
817 1237 833 1296 ό
855 1238 927 1302 θεός·

132 1323 201 1402 οἷτάρ
223 1352 268 1385 τοι
290 1325 367 1401 ὑμεῖς
391 1351 425 1406 γε
447 1324 478 1384 ού
504 1325 648 1403 χαίροντες
673 1326 784 1405 γέλωτα
807 1328 856 1402 ε’μέ
879 1326 928 1402 θή·

133 1413 245 1472 σεσθε.”
278 1418 365 1473 ταῦτα
381 1414 466 1483 εἶπας,
482 1413 636 1473 ἐνετείλατο
648 1418 725 1472 τοῖσι
736 1416 824 1472 ταῦτα
836 1413 929 1490 πρήσ-

133 1526 226 1571 σουσι,
239 1501 304 1564 τοῦς
317 1504 368 1577 μὲν
383 1503 455 1577 ἱρέας
468 1500 713 1581 ἀπομαστιγῶσαι,
726 1503 885 1580 Αἰγυπτίων
898 1503 928 1562 δέ

131 1593 186 1648 τῶν
212 1588 307 1648 ἄλλων
336 1589 386 1648 τόν
414 1587 448 1647 ἂν
477 1588 593 1664 λάβωσι
623 1587 774 1663 ὁρτάζοντα
804 1590 927 1648 κτείνειν.

133 1675 201 1752 όρτη
226 1677 278 1752 μὲν
303 1676 337 1752 δὴ
361 1677 504 1735 διελέλυτο
530 1676 719 1756 Αἰγυπτίοισι·
753 1678 780 1734 οἱ
804 1676 833 1734 δὲ
860 1678 929 1753 ἱρέες

133 1763 307 1823 ἐδικαιεῦντο·
341 1764 357 1822 ό
381 1764 411 1822 δὲ
431 1761 516 1826 ΙἈπις
536 1763 732 1843 πεπληγμένος
754 1763 804 1822 τόν
829 1764 929 1840 μηρόν,

133 1851 227 1925 ἔφθινε
241 1856 270 1910 ἐν
282 1855 320 1928 τῷ
337 1854 385 1928 ἱρῷ
400 1852 602 1926 κατακείμενος.
644 1851 689 1908 καὶ
702 1849 751 1909 τόν
764 1854 823 1926 μὲν,
836 1856 929 1910 τελευ·

133 1937 259 2013 τησαντα
286 1943 316 1995 ἐκ
342 1942 392 1996 τοῦ
412 1938 554 2014 τρώματος
574 1939 680 2014 ἔθαψαν
701 1941 728 1996 οἱ
748 1940 817 2014 ἱρέες
836 1939 929 2016 λάθρη

88 2028 124 2084 30
135 2024 307 2099 Καμβύσεω·
339 2025 500 2100 Καμβύσης
520 2026 557 2094 δὲ,
579 2025 615 2088 ώς
634 2026 751 2106 λέγουσι
771 2025 929 2106 Αἰγύπτιοι,

134 2110 231 2193 αὐτίκα
247 2112 292 2170 διὰ
309 2116 392 2171 τοῦτο
407 2111 440 2171 τδ
459 2112 581 2189 ἀδίκημα
601 2113 696 2189 ε’μάνη,
713 2113 764 2173 ε’ών
783 2113 848 2172 ούδέ
861 2116 930 2191 πρό-

133 2224 213 2274 τερον
233 2199 381 2277 φρενήρης·
420 2201 465 2258 καὶ
485 2205 582 2276 πρῶτα
601 2203 652 2277 μὲν
671 2205 726 2260 τῶν
747 2206 837 2261 κακῶν
857 2203 930 2280 ἐξερ·

136 2286 242 2366 γάσατο
268 2287 317 2347 τόν
340 2287 479 2363 ἀδελφεόν
506 2289 625 2364 Σμέρδιν
652 2288 732 2349 ε’όντα
756 2290 861 2366 πατρός
884 2291 931 2350 καὶ

133 2374 238 2451 μητρός
252 2379 303 2450 τῆς
319 2375 410 2451 αύτῆς,
428 2375 477 2435 τόν
494 2375 641 2454 α’πέπεμψε
660 2381 687 2439 ές
706 2378 820 2453 Πέρσας
834 2377 931 2458 φθόνῳ

134 2463 165 2532 ἐξ
184 2462 400 2543 Αἰγύπτου,’ότι
418 2463 452 2523 τδ
478 2463 561 2532 τόξον
584 2468 686 2540 μοῦνος
706 2465 840 2541 Περσέων
859 2464 932 2527 ὅσον

133 2575 165 2608 τε
178 2551 223 2608 ε’πὶ
241 2551 289 2610 δύο
308 2551 459 2614 δακτύλους
475 2551 576 2628 εἴρυσε,
590 2551 623 2611 τό
639 2551 716 2630 παρά
732 2557 782 2611 τοῦ
796 2553 932 2618 Αἰθίοπος

134 2635 243 2712 ἤνεικαν
270 2641 297 2697 οἱ
317 2637 509 2719 Ἰχθυοφάγοι·
543 2643 598 2698 τῶν
620 2638 650 2698 δὲ
675 2639 771 2698 ἄλλων
798 2642 932 2717 Περσέων

136 2723 222 2788 αι’δεὶς
235 2725 293 2788 οἱός
309 2751 341 2786 τε
360 2726 478 2804 ἐγένετο.
520 2724 706 2804 ἀποιχομένου
721 2725 757 2786 ὧν
773 2732 800 2790 ἐς
816 2730 932 2804 Πέρσας

134 2816 185 2872 τοῦ
207 2814 348 2890 Σμέρδιος,
371 2813 436 2891 ὄψιν
454 2813 508 2873 εἶδε
526 2813 542 2873 ό
561 2813 723 2890 Καμβύσης
745 2819 774 2875 έν
797 2819 836 2894 τῷ
856 2814 932 2896 ύπνῳ

135 2899 251 2975 τοιήνδε·
293 2901 369 2969 ἔδοξέ
395 2904 422 2960 οἱ
448 2901 570 2981 ἄγγελον
596 2901 715 2962 ε’λθόντα
742 2908 772 2961 ἐκ
798 2905 931 2980 Περσέων

136 2986 294 3068 ἀγγέλλειν,
315 2988 351 3051 ώς
369 2993 398 3047 έν
418 2994 457 3067 τῷ
477 2988 565 3068 θρόνῳ
584 2994 623 3068 τῷ
642 2990 787 3069 βασιληίῳ
807 2991 932 3066 ἱζόμενος

130 3075 258 3152 Σμεὶοδις,
273 3079 309 3155 τῇ
326 3081 438 3156 κεφαλῇ
458 3081 507 3135 τοῦ
525 3078 642 3154 ούρανοῦ
658 3077 784 3155 ψαύσειε·
812 3079 883 3156 πρὸς
896 3079 933 3139 ὧν

117 3165 218 3234 ταῦτα,
248 3164 350 3232 δείσας
377 3168 445 3246 περὶ
472 3170 574 3227 ἑωυτοῦ
603 3164 640 3243 μή
669 3191 714 3242 μιν
738 3164 935 3227 δποκτείυαςεὶ

104 3245 261 3330 2⁹5st
280 3255 372 3340 ἄρχῃ,
392 3259 509 3338 πέμπει
528 3253 717 3336 Πρηξάσπεα
732 3257 761 3315 ἐς
774 3251 908 3318 mmm„
920 3248 957 3311 λς
