2040 3464
91 103 231 165 159-162]
409 104 571 150 ETTEPIIH.
848 102 894 149 189

92 182 161 241 εἶναι
188 181 379 256 σοφωτάτους·
417 181 599 243 συνελθόντες
625 180 656 239 δὲ
683 182 710 239 οἱ
738 181 894 262 Αἰγύπτιοι,

90 270 276 329 ε’πυνθάιόιτο
290 273 344 328 τῶν
354 269 474 328 Ἠλείων
488 268 626 349 λεγόντων
640 266 750 327 ἅπαντα
763 269 799 327 τά
812 269 894 346 κατή-

91 383 133 416 κει
146 358 239 431 σφέας
251 358 356 415 ποιέειν
369 358 433 433 περὶ
449 354 501 429 τόνγ
512 355 614 435 ἀγῶνα·
636 354 852 436 ἀπηγησάμενοι
865 358 895 417 δὲ

88 445 125 504 τοὶ
138 445 238 514 πάντα,
253 447 364 519 ἔφασαν
378 443 455 519 ἥκειν
473 441 711 519 ἐπιμαθησόμενοι
725 445 790 503 εἴτι
804 447 893 523 ἔχοιεν

90 531 239 613 Λίγόπτιοι
252 532 356 591 τούτων
370 530 540 608 δικαιότερον
554 531 725 605 ἐπεξευρεῖν;
742 535 769 590 οἱ
782 532 811 591 δὲ
824 535 892 608 βου-

87 620 266 697 λευσάμενοι,
302 619 455 696 ἐπειρώτων
487 617 552 680 τούς
577 616 707 680 Ἠλείους
733 619 759 677 εἴ
784 627 840 696 σφι
866 624 893 683 οἶ

88 713 224 783 πολιῆται
245 709 471 788 ἐναγωνίζονται,
497 710 523 765 οἱ
544 706 573 765 δὲ
594 707 705 781 ἔφασαν
727 708 772 765 καὶ
795 709 893 785 σφέων

89 797 135 854 ιῑαὶ
160 801 216 856 τῶν
242 794 338 855 ἄλλων
364 794 509 870 Ἑλλήνων
536 793 636 871 ὁμοίως
662 797 701 871 τῷ
726 796 892 877 βουλομένῳ

87 884 189 953 ἐξεῖναι
202 883 395 964 ἀγωνίζεσθαι.
430 886 457 942 οἱ
471 882 500 941 δὲ
513 880 662 962 Αἰγύπτιοι
676 883 787 956 ἔφασαν
800 885 891 958 σφέας

91 970 162 1030 οὕτω
194 972 320 1034 τιθέντας
345 969 449 1033 παντός
475 974 525 1029 τοῦ
554 970 659 1028 δικαίου
693 969 891 1047 ἡμαρτηκέναι·

88 1058 218 1134 οὐδεμίαν
231 1059 286 1138 γάρ
302 1058 371 1118 εἶναι
383 1057 513 1135 μηχανήν
526 1056 595 1120 ὅκως
609 1055 640 1115 οὗ
654 1061 692 1135 τῷ
705 1057 781 1136 οἰστῷ
794 1059 891 1139 α’γωνι·

88 1147 192 1224 ζομένῳ
213 1146 436 1221 προσθήσονται,
457 1144 611 1207 άδικέοντες
630 1143 680 1203 τόν
700 1145 798 1214 ξεῖνον·
824 1147 890 1206 ἀλλ’

88 1238 112 1292 εἰ
128 1233 161 1308 δη
178 1234 334 1309 βούλονται
354 1234 463 1296 δικαίως
482 1233 595 1302 τιθέναι,
614 1231 659 1289 καὶ
679 1231 779 1291 τούτου
801 1235 890 1294 εἵνεκα

87 1321 234 1380 ἀπικοίατο
262 1326 289 1383 ἐς
315 1323 466 1402 Αἴγυπτον,
492 1321 607 1389 ξείνοισι
634 1319 807 1399 α’γωνιστῇσι
835 1323 888 1380 ε’κέ-

87 1414 171 1468 λευον
190 1411 240 1468 τόν
260 1409 353 1490 οἷγῶνα
373 1409 487 1478 τιθέναι,
507 1407 626 1466 Ἠλείων
651 1408 680 1465 δὲ
703 1408 799 1483 μηδενὶ
819 1409 886 1469 εἶναι

88 1496 282 1577 ἀγωνίζεσθαι.
322 1499 411 1555 ταῦτα
430 1497 482 1573 μὲν
496 1495 643 1576 Αἰγύπτιοι
663 1493 805 1554 Ἠλείοισι
825 1495 885 1556 ότι-

91 1584 219 1660 θήκαντο.

128 1672 258 1750 Ψάμμιος
272 1673 302 1731 δὲ
316 1673 347 1742 ἓξ
360 1673 421 1732 ἔτεα
434 1675 537 1749 μοῦνον
547 1671 775 1748 βασιλεύσαντος
785 1673 868 1754 Αἰγό-
878 1675 909 1732 l(
923 1687 932 1737 ι

86 1787 167 1830 πτου,
191 1761 238 1819 καὶ
260 1761 505 1838 στρατευσαμένου
528 1764 555 1822 ές
582 1761 738 1836 Αἰθιοπίην,
768 1761 814 1818 καὶ
839 1787 888 1838 με·

86 1850 202 1907 ταυτίκα
209 1848 436 1923 τελευτήσαντος,
448 1847 588 1917 ἐξεδέξατο
597 1847 713 1925 Ἀπρίης
724 1847 740 1907 ό
749 1848 887 1926 Ψάμμιος·

87 1935 118 1998 ὃς
130 1935 202 2012 μετὰ
218 1937 397 2013 Ψαμμίτιχον
413 1934 462 1994 τόν
480 1939 579 1994 ἑωυτοῦ
596 1935 761 2014 προπάτορα
779 1937 886 2017 ἐγένετο

87 2023 334 2100 εὐδαιμονέστατος
353 2027 409 2082 τῶν
428 2023 564 2098 πρότερον
587 2023 741 2098 βασιλέων,
764 2025 806 2083 ἐπ’
827 2026 887 2085 ἔτεα

86 2113 169 2171 πέντε
192 2113 238 2170 καὶ
263 2113 351 2170 εἴκοσι
379 2110 472 2188 ἄρξας·
508 2116 537 2169 ἐν
559 2116 636 2169 τοῖσι
659 2112 707 2169 ε’πί
725 2138 756 2171 τε
780 2113 887 2176 Σιδῶνα

87 2199 210 2276 στρατόν
223 2198 316 2275 ἥλασε
333 2199 379 2257 καὶ
399 2197 576 2275 ἐναυμάχησε
594 2203 632 2277 τῷ
644 2198 743 2277 Τυρίῳ.
786 2201 845 2258 ἐπεὶ
858 2201 887 2259 δί

87 2291 114 2346 οἱ
128 2288 183 2346 έδεε
200 2292 289 2350 κακῶς
301 2286 441 2367 γενέσθαι,
460 2288 567 2366 ἐγένετο
583 2286 639 2345 άπό
658 2287 820 2363 προφάσιος
836 2288 882 2362 τὴν

87 2375 140 2456 ε’γω
160 2375 279 2451 μεζόνως
299 2377 351 2450 μὲν
368 2379 397 2433 ἐν
416 2378 492 2432 τοῖσι
509 2376 662 2449 Λιβυκοῖσι
682 2373 797 2454 λόγοισι
818 2375 881 2450 οἱπη

88 2463 220 2544 γήσομαι,
248 2463 365 2540 μετρίως
391 2462 414 2521 δ’
435 2467 464 2521 έν
484 2466 522 2540 τῷ
541 2462 682 2538 παρεόντι·
718 2463 881 2540 ἀποπέμψαι

85 2552 142 2631 γάρ
159 2550 320 2628 στράτευμα
336 2551 352 2610 ὁ
368 2550 485 2626 Ἀπρίης
503 2551 548 2608 ε’πὶ
563 2549 744 2626 Κυρηναίους,
760 2558 879 2630 μεγαλα)

86 2639 135 2698 στὶ
157 2640 361 2717 προσέπταισε.
404 2637 551 2718 Αἰγύπτιοι
571 2637 600 2695 δὲ
622 2641 710 2696 ταῦτα
732 2638 882 2714 ἔπιμεμφό

85 2753 172 2802 μενοι,
183 2726 348 2802 ἀπέστησαν
359 2725 405 2783 οἵτ’
417 2724 509 2794 αὐτοῦ,
519 2725 659 2787 δοκέοντες
669 2724 719 2783 τόν
727 2724 846 2802 Ἀπρίην
857 2732 883 2788 ἐι

85 2815 216 2891 προνοίης
240 2813 341 2876 αὐτοῦς
367 2813 534 2891 α’ποτέμψαι
555 2817 582 2874 ἐς
603 2812 773 2889 φαινόμενον
793 2813 884 2887 κακόν,

87 2903 132 2961 ἵνα
145 2902 179 2979 δη
197 2903 293 2978 σφέων
312 2900 406 2978 φθορὴ
427 2902 540 2981 γένηται
554 2899 636 2962 αότδς
657 2901 686 2959 δὲ
705 2904 760 2961 τῶν
781 2905 884 2963 λοιπῶν

85 2991 244 3071 Αἰγυπτίων
272 2989 490 3065 ἀσφαλέστερον
517 2986 600 3067 άρχῃ·
642 2993 730 3048 ταῦτα
757 2990 787 3049 δὲ
813 2989 885 3048 δεινά

84 3077 245 3153 ποιεύμενοι
264 3076 345 3136 αὐτοί
358 3101 389 3135 τε
405 3079 433 3135 οἱ
452 3074 698 3152 ἀπονοστήσαντες
719 3078 765 3136 καὶ
785 3080 813 3136 οἱ
832 3081 888 3136 των

86 3165 268 3241 ἀπολομένων
282 3165 372 3240 φίλοι,
386 3162 556 3243 ἀπέστησαν
571 3169 604 3226 ὲκ
615 3168 670 3242 τῆς
680 3164 787 3239 λδεὶης.
820 3165 916 3218 MR
922 3160 967 3212 {ss

685 3246 842 3271 ssx*

78 3252 196 3327 θάμενος
214 3253 245 3311 δὲ
264 3251 385 3331 Ἀπρίης
402 3259 507 3328 ταῦτα,
522 3256 638 3336 πέμπει
653 3259 692 3314 ἒπ
715 3275 831 3312 αυτυυς
856 3253 941 3318 λψς·
