2040 3464
120 110 258 174 ιιι-186]
464 111 577 160 mm.
883 110 915 157 οι

118 189 203 264 τῆσδε
222 194 273 264 τῆς
289 189 439 265 θαλάσσης
452 195 479 252 ἐς
492 191 660 265 Βαβυλῶνα,
676 187 878 248 καταπλέοντες
891 190 920 249 ἐς

116 277 166 336 τόν
182 276 333 353 Εὐφρήτην
350 276 477 353 ποταμὸν
491 277 551 353 τρίς
562 303 594 336 τε
608 281 635 338 ἐς
647 275 699 351 τήν
718 273 803 349 αύτήν
816 272 919 348 ταύτην

117 363 211 440 κώμην
231 364 431 444 παραγίνονται
451 363 497 422 καὶ
518 369 546 423 ἐν
565 364 643 440 τρισὶ
663 363 794 440 ἡμέρῃσι.
835 363 919 420 τοῦτο

116 453 167 528 μὲν
181 450 216 526 δή
227 455 336 510 τοιοῦτο
350 451 473 525 ἐποίησε,
483 454 567 528 χεῦμα
580 451 609 509 δέ
621 451 769 527 παρέχωσε
782 446 847 524 παρ’
859 445 919 506 ἐκά-
975 510 978 517 ,

116 564 197 616 τερον
214 543 265 598 τοῦ
283 542 411 614 ποταμοῦ
425 537 457 597 τό
471 543 574 617 χεῖλος,
589 537 666 606 άξιον
680 536 823 612 θόυματος
835 535 919 615 μέγα·

117 626 167 688 θος
178 625 223 684 καὶ
231 625 302 703 ῦψος
310 624 380 684 ὅσον
389 626 419 684 τί
428 631 498 685 ἐστι·
513 624 666 701 κατύπερθε
677 624 706 682 δὲ
715 626 815 700 πολλῷ
824 624 919 698 Βαβυ-

116 715 204 775 λῶνος
219 712 330 790 ὤρυσσε
341 714 455 790 ἔλυτρον
465 713 551 790 λίμνῃ
565 712 663 791 ὀλίγον
673 737 700 769 τι
713 711 919 787 παρατείνουσα

115 797 173 859 α’πό
193 804 243 860 τοῦ
259 804 396 875 ποταμοῦ,
412 799 504 875 βάθος
521 802 572 875 μὲν
590 804 617 861 ἐς
634 799 667 857 τό
681 797 752 875 ὕδωρ
773 797 816 855 οἶεὶ
836 795 918 873 ὀρύσ-

116 911 211 946 σουσα
228 886 305 964 εῦρος
325 887 355 945 δὲ
370 886 403 945 τό
422 888 586 964 περίμετρον
600 884 684 944 αύτοῦ
697 890 817 944 ποιεῦσα
831 885 922 944 εἴκοσί

116 998 148 1032 τε
158 975 203 1032 καὶ
213 975 398 1050 τετρακοσίων
408 975 537 1034 σταδίων·
551 973 600 1034 τόν
609 974 638 1032 δὲ
649 973 840 1050 ὀρυσσόμενον
850 975 920 1050 χοῦν

118 1063 148 1118 ἐκ
166 1060 266 1120 τούτου
281 1064 331 1120 τοῦ
346 1059 502 1141 ὀρύγματος
520 1060 669 1137 α’ναισίμου
686 1061 762 1136 παρά
775 1060 809 1119 ταὶ
822 1061 919 1138 χείλεα

116 1151 167 1206 τοῦ
177 1152 304 1224 ποταμοῦ
313 1150 503 1226 παραχέουσα,
515 1149 614 1207 ἐπείτε
625 1148 655 1206 δέ
665 1151 691 1206 οῖ
702 1145 814 1224 ὦρυκτο,
823 1147 919 1210 λίθους

117 1234 280 1315 ἀγαγομένη
294 1236 413 1312 κρηπῖδα
426 1234 518 1315 κύκλῳ
528 1236 592 1312 περὶ
603 1234 689 1311 αῦτήν
699 1232 801 1309 ήλασε.
831 1233 920 1292 ἐποίεε

117 1321 147 1380 δὲ
164 1322 312 1399 οἷμφότερα
329 1327 425 1393 ταῦτα,
439 1322 489 1382 τόν
506 1347 538 1382 πε
554 1321 682 1397 ποταμόν
698 1320 815 1381 σκολιόν
828 1321 874 1379 καὶ
886 1321 919 1382 τό

117 1408 227 1490 ὄρυγμα
245 1415 302 1469 πᾶν
323 1411 394 1479 ἕλος,
412 1410 447 1473 οἷς
466 1410 526 1469 ὅτε
545 1409 671 1486 ποταμός
686 1407 857 1485 βραδύτερος
875 1409 917 1484 εἴη

118 1500 180 1574 περὶ
199 1496 311 1573 καμπὰς
330 1497 441 1560 πολλάς
457 1496 616 1578 άγνύμενος,
638 1497 683 1554 καὶ
704 1499 731 1554 οἱ
749 1496 834 1554 πλόοι
855 1496 921 1554 ἔωσι

117 1587 230 1644 σκολιοὶ
240 1590 267 1648 ἐς
277 1584 329 1661 τήν
339 1587 507 1661 Βαβυλῶνα,
519 1585 548 1643 ἐκ
561 1610 592 1644 τε
605 1587 660 1643 τιῦν
669 1583 765 1642 πλόων
780 1583 920 1658 ἐκδέκηται

117 1674 243 1750 περίοδος
254 1677 304 1748 τῆς
317 1673 417 1748 λίμνης
426 1673 530 1750 μακρή.
560 1671 630 1731 κατοὶ
642 1675 725 1730 τοῦτο
739 1671 769 1729 δὲ
779 1669 919 1750 εἰργάζετο

115 1765 167 1836 τῆς
178 1761 314 1839 χάρηςτῇ
328 1761 397 1820 αἵτε
408 1762 531 1837 ἐσβολαὶ
541 1759 616 1835 ἦσαν
629 1760 674 1818 καὶ
683 1760 719 1818 τά
730 1759 857 1834 σύντομα
869 1762 920 1834 τῆς

95 1854 147 1906 ιέκ
167 1849 272 1923 Μήδων
290 1848 364 1916 ὁδοῦ,
380 1848 424 1907 ἵνα
439 1848 479 1924 μή
496 1846 710 1929 ἐπιμισγόμενοι
724 1850 751 1906 οἱ
764 1846 860 1921 Μῆδοι
877 1851 919 1905 ἐκ·

116 1936 280 2013 μανθάνοιεν
298 1936 382 2010 αὐτῆς
397 1935 433 1994 τοὶ
445 1935 606 2016 πρήγματα.
648 1940 742 1994 Ταῦτα
755 1937 806 2012 μὲν
820 1934 854 2009 δή
869 1939 898 1994 ἐκ
909 1937 967 1995 186

116 2023 221 2099 βάθεος
233 2024 429 2101 περιεβάλετο,
439 2023 547 2098 τοιήνδε
560 2023 590 2082 δὲ
604 2023 634 2092 ἐξ
644 2023 733 2082 αὐτῶν
743 2021 920 2100 παρενθήκην

116 2110 279 2186 ἐποιήσατο·
301 2116 353 2186 τῆς
365 2111 464 2175 πόλιος
480 2110 581 2187 ἐούσης
600 2111 648 2170 δύο
667 2112 808 2188 φαρσέων,
821 2116 872 2170 τοῦ
889 2111 919 2170 δὲ

115 2204 245 2275 ποταμοῦ
258 2200 349 2275 μέσον
362 2200 483 2277 ἔχοντος,
499 2200 544 2258 ἐπὶ
557 2204 611 2259 τιῦν
624 2199 760 2277 πρότερον
772 2199 918 2276 βασιλέων

115 2285 185 2349 ὅκως
201 2314 243 2351 τις
263 2287 356 2346 ἐθέλοι
375 2293 405 2344 ἐκ
421 2291 471 2346 τοῦ
491 2287 584 2364 ἐτέρου
602 2287 730 2364 φάρσεος
749 2293 776 2350 ἐς
788 2285 919 2364 τούτερον

115 2375 256 2450 διαβῆναι,
280 2379 353 2452 χρήν
372 2374 463 2453 πλοίῳ
484 2375 528 2433 δια
553 2376 646 2434 αίνειν·
668 2377 715 2433 καὶ
736 2374 779 2449 ἦν,
804 2375 839 2437 οῖς
865 2373 918 2454 ἐγιῦ

116 2462 209 2533 δοκέω,
228 2462 353 2541 ὀχληρὸν
373 2467 466 2521 τοῦτο·
488 2461 557 2538 αῦτη
579 2462 608 2520 δὲ
629 2463 777 2521 καὶτοῦτο
797 2461 918 2536 προεῖδε·

116 2552 178 2609 ἐπεί
188 2577 219 2609 τε
230 2550 286 2631 γάρ
298 2549 410 2626 ὤρυσσε
419 2549 452 2609 τό
464 2551 579 2625 ἔλυτρον
588 2554 623 2628 τῇ
634 2550 728 2628 λίμνη,
738 2548 919 2626 μνημόσυνον

115 2635 178 2697 τόδε
198 2637 272 2696 ἄλλο
294 2635 349 2696 α’πδ
366 2642 416 2697 τοῦ
435 2637 520 2696 αὐτοῦ
539 2640 622 2718 ἔργου
640 2639 762 2696 ἐλίπετο·
784 2635 917 2712 ἐτάμνετο

116 2726 211 2788 λίθους
227 2724 405 2802 περιμήκεας·
430 2725 465 2787 (ῦς
486 2725 517 2784 δέ
536 2728 563 2784 οἱ
583 2724 657 2799 ἦσαν
674 2729 701 2784 οἱ
717 2725 793 2783 λίθοι
812 2727 917 2799 ἑτοῖμοι

115 2814 162 2870 καὶ
173 2813 206 2872 rox
219 2814 321 2891 χωρίον
336 2811 484 2889 ὀρώρυκτο,
500 2812 660 2889 ἐκτρέψασα
674 2816 725 2870 τοῦ
743 2815 871 2887 ποταμοῦ
883 2811 916 2870 τό

115 2900 228 2978 ῥέεθρον
241 2905 298 2959 πᾶν
317 2905 345 2962 ἐς
362 2899 395 2958 τό
412 2898 523 2976 ὤρυσσε
539 2900 650 2976 χωρίον,
665 2904 743 2977 ἐντῷ
757 2900 916 2974 ἐπίμπλατο

115 2993 196 3048 τοῦτο
211 2986 340 3066 ἐντούτῳ
357 2986 587 3063 ἀπεξηρασμένου
600 2991 650 3046 τοῦ
664 2985 781 3064 α’ρχαίου
794 2987 915 3063 ῥεέθρου,

115 3081 197 3136 τοῦτο
204 3078 256 3153 μὲν
267 3075 303 3134 τοὶ
312 3078 411 3152 χείλεα
419 3078 470 3133 τοῦ
482 3079 619 3151 ποταμοῦ,
634 3074 704 3134 κατοὶ
716 3073 768 3149 τήν
777 3073 861 3133 πόλιν
871 3075 916 3133 καῖ

114 3163 165 3226 τάς
178 3162 356 3240 καταβάσιας
368 3161 418 3224 τάς
432 3166 462 3220 ἐκ
475 3165 530 3220 τῶν
549 3161 673 3221 πυλίδων
689 3167 719 3224 ἐς
729 3161 780 3220 τὸν
794 3163 927 3232 ποταχκῖςυ

109 3251 259 3326 Φερούσας,
274 3249 487 3330 α’νοικοδόμησε
501 3251 662 3313 πλίνθοισι
675 3249 801 3327 ὀπτῇσι,
814 3243 893 3303 κατα
902 3242 957 3296 πλευ

999 3336 1008 3421 i
