2040 3464
140 109 187 157 ιιι
445 111 628 161 ἭΡοΔοποτ
875 107 943 172 1111,

96 189 277 268 119αύχενας
290 190 386 265 σφέων
400 191 490 265 ἐδησε,
505 190 551 247 καὶ
564 187 664 263 ἀπῆκε·
686 190 722 248 Οἱ
733 188 812 266 δέτῷ
823 189 946 266 βασιλέἰ

140 276 280 335 δεικνύασι
294 278 415 345 ἑωυτούς,
431 278 476 335 καὶ
488 275 541 350 τήν
554 277 644 350 αἰτίην
658 275 737 335 εἶπον
750 274 828 352 δι’ἣν
841 301 945 335 πεπον-

141 364 219 425 θότες
233 363 340 438 εἴησαν·
361 368 479 440 Δαρεῖος
493 365 530 432 δὲ,
540 362 704 439 ἀρρωδήσας
716 362 757 441 μὴ
771 367 853 442 καινῷ
866 364 946 444 λόγῳ

140 454 167 511 οἶ
187 452 218 520 ἐξ
236 452 418 527 πεποιηκότες
435 453 500 512 ἔωσι
516 456 612 521 ταῦτα,
627 451 881 528 μεταπεμπόμενος
898 452 945 511 ἕνα

140 540 266 610 ἕκαστον,
288 538 458 616 ἀπεπειρᾶτο
477 537 589 619 γνώμης
608 543 632 598 εἰ
649 539 814 600 συνέπαινοί
833 543 890 598 εἶσι
907 543 947 618 τῷ

140 628 325 706 πεποιημένῳ·
347 628 409 686 ἐπεί
422 654 453 687 τε
471 627 501 686 δὲ
518 627 636 702 ἐξέμαθε
650 626 685 689 ώς
699 626 731 686 οὗ
745 625 799 686 σύν
813 628 945 688 ἐκείνοισι

141 716 183 790 εἴη
199 721 287 774 ταῦτα
305 715 468 789 πεποιηκώς,
483 716 572 789 ἔλαβε
585 713 670 774 αὐτόν
682 740 713 773 τε
731 713 783 774 τάν
800 713 945 793 Ἰνταφέρ

142 828 191 862 νεα
210 804 255 861 καὶ
267 803 332 865 τούς
344 803 446 865 παῖδας
458 801 542 862 αὐτοῦ
557 801 604 860 καὶ
616 801 681 864 τούς
694 801 815 876 οἰκηίους
827 801 945 874 πάντας,

140 890 255 952 ἐλπίδας
275 890 386 952 παλλάς
405 892 475 969 έχων
488 888 559 966 μετά
577 892 632 948 τῶν
647 888 804 968 συγγενέων
821 913 871 963 μιν
887 893 945 948 ἐπι-

139 978 289 1052 βουλεύειν
316 981 343 1037 οἶ
371 977 574 1037 ἐπανάστασιν·
609 975 768 1051 συλλαβών
793 975 825 1034 δέ
851 983 946 1052 σφεας

140 1065 223 1140 ἔδησε
241 1069 292 1139 την
313 1066 358 1124 ἐπὶ
377 1063 495 1143 θανάτῳ·
515 1064 534 1140 ή
552 1065 582 1123 δὲ
597 1063 667 1144 γυνή
685 1068 735 1123 τοῦ
751 1063 946 1141 Ἰνταφέρνεος

141 1153 296 1226 φοιτέουσα
316 1153 361 1211 ἐπὶ
376 1153 426 1215 τάς
440 1152 524 1229 θύρας
536 1155 586 1211 τοῦ
601 1153 749 1227 βασιλέας,
764 1153 898 1211 κλαίεσκε
912 1150 946 1213 ἀν

142 1241 188 1298 καὶ
211 1239 531 1316 όδυρέσκετο·,ποιεῦσα
552 1239 582 1298 δὲ
604 1240 657 1298 αἰεὶ
676 1238 765 1298 τώυτὸ
786 1243 878 1309 τοῦτο,
895 1239 946 1300 τόν

142 1332 260 1403 Δαρεῖον
282 1328 375 1387 ἔπεισε
396 1328 530 1404 οἰκτεῖραί
547 1352 604 1403 μιν·
632 1327 745 1404 πέμψας
767 1326 798 1384 δὲ
820 1325 946 1407 ἄγγελον

140 1417 219 1496 ἐλεγε
238 1411 313 1474 τάδε·
335 1415 383 1473 “ὦ
400 1414 490 1495 γύναι,
507 1413 646 1490 βασιλεύς
666 1439 710 1472 τοι
732 1417 852 1489 Δαρεῖος
874 1415 947 1475 διδοῖ

140 1503 187 1560 ἕνα
200 1506 254 1561 τών
268 1503 416 1579 δεδεμένων
429 1503 538 1577 οἰκηίων
551 1500 702 1577 ῥύσασθαι,
715 1500 765 1561 τόν
777 1502 900 1576 βούλεαι
915 1509 944 1562 ἐκ

139 1588 274 1649 πάντων·”
294 1590 313 1665 ή
328 1591 357 1648 δὲ
369 1589 587 1666 βουλευσαμένη
600 1589 781 1665 ὑπεκρίναντο
794 1589 870 1648 τάδε·
893 1602 912 1626 “
921 1595 944 1650 εἰ

139 1680 190 1752 μὲν
205 1677 239 1751 δή
251 1703 301 1753 μοι
315 1678 387 1736 διδοῖ
399 1677 540 1753 βασιλεύς
556 1675 616 1739 ἐνδς
631 1676 683 1750 τήν
697 1675 800 1754 ψυχὴν,
815 1678 942 1755 αἱρέομαι

140 1771 170 1824 ἐκ
190 1764 301 1825 πάντων
320 1764 371 1824 τόν
391 1762 557 1841 ἀδελφεόν.”
592 1764 748 1841 πυθόμενος
769 1764 798 1822 δέ
823 1770 943 1842 Δαρεῖος

138 1857 226 1913 ταῦτα
249 1854 295 1912 καὶ
317 1853 467 1930 θαυμάσας
488 1852 537 1913 τάν
558 1851 655 1933 λόγον,
676 1853 791 1929 πέμψας
813 1851 942 1933 ἠγόρευε·

140 1941 187 1999 “ιῖι
200 1940 289 2020 γύναι,
306 1943 404 2019 εἰρωτᾷ
418 1967 452 2001 σε
465 1940 613 2016 βασιλεῦς,
626 1941 689 1999 τίνα
709 1940 817 2017 ἔχουσα
829 1940 943 2020 γνώμην

138 2027 188 2096 τόν
201 2027 287 2103 ἀνδρα
299 2054 330 2087 τε
344 2029 390 2086 καὶ
402 2029 438 2086 ταὶ
450 2029 533 2088 τέκνα
547 2031 784 2108 ἐγκαταλιποῦσα,
797 2027 849 2087 τόν
861 2027 940 2088 ἀδελ-

140 2115 211 2190 φεδν
232 2116 306 2173 εἵλευ
321 2117 457 2192 περιεῖναί
472 2143 526 2176 τοι·
549 2114 579 2178 ὃς
598 2116 644 2174 καὶ
663 2114 886 2193 ἀλλοτριώτερός
898 2142 943 2177 τοι

138 2207 193 2262 τῶν
213 2204 326 2272 παίδων,
349 2205 394 2262 καὶ
420 2201 516 2279 ἧσσαν
543 2202 743 2282 κεχαρισμένος
768 2207 820 2262 τοῦ
842 2201 943 2280 ἀνδρός

140 2290 226 2350 ἐστι.”
259 2291 312 2366 ἧδ’
326 2291 461 2370 ἀμείβετο
474 2291 579 2352 τοῖσδε·
601 2289 648 2348 “ώ
661 2292 794 2366 βασιλεῦ,
805 2289 877 2368 ἀνὴρ
890 2293 942 2368 μέν

139 2406 189 2455 μοι
206 2378 240 2439 ἀν
256 2380 345 2443 ἀλλος
364 2381 474 2461 γένοιτο
496 2385 519 2439 εἰ
542 2379 645 2455 δαίμων
667 2379 767 2447 ἐθέλοι,
790 2379 838 2438 καὶ
858 2380 942 2440 τέκνα

138 2467 214 2527 ἄλλα
235 2472 259 2527 εἰ
276 2473 363 2528 ταῦτα
383 2467 571 2544 ἀποβάλοιμι·
593 2465 699 2543 πατρός
715 2466 745 2524 δέ
765 2465 814 2523 καὶ
834 2467 942 2545 μητρός

138 2555 188 2615 οὐκ
207 2558 246 2615 ἔτι
259 2581 311 2633 μευ
325 2555 455 2627 ζωόντων,
470 2553 608 2630 ἀδελφεός
624 2552 658 2613 ἀν
672 2553 761 2615 ἄλλος
776 2551 867 2613 οὐδενὶ
879 2554 942 2632 τρό-

137 2671 181 2722 πῳ
190 2644 309 2724 γένοιτο·
323 2643 410 2721 ταύτῃ
420 2648 455 2722 τῇ
466 2643 562 2724 γνώμῃ
573 2643 723 2720 χρεωμένη,
735 2642 818 2710 ἔλεξα
827 2640 943 2702 ταῦτα’

137 2730 211 2790 εὖτε
226 2731 259 2808 δι)
274 2731 349 2800 ἔδοξε
362 2736 400 2810 τῷ
414 2732 522 2810 Δαρείῳ
533 2729 647 2804 εἷπεῖνή
660 2729 739 2810 γυνη,
749 2729 798 2787 καί
810 2732 837 2788 οἶ
850 2727 943 2806 ἀπῆκε

136 2817 237 2878 τοῦτόν
253 2845 284 2878 τε
300 2821 350 2878 τάν
368 2822 533 2895 παραιτέετο
548 2818 593 2876 καὶ
606 2822 660 2876 τῶν
673 2817 778 2877 παίδων
790 2815 842 2877 τδν
854 2843 941 2895 πρεσ-

138 2906 270 2983 βύτατον,
293 2906 390 2982 ἡσθεὶς
417 2906 497 2985 αὐτῇ·
528 2905 593 2968 τούς
615 2905 644 2963 δὲ
666 2903 771 2967 ἀλλους
797 2903 943 2967 ἀπέκτεινε

136 2995 252 3058 πάντας.
294 2999 349 3054 τῶν
372 2998 424 3071 μὲν
446 2995 480 3071 δή
504 2993 575 3054 ἑττά
600 2993 637 3055 εἶς
660 2992 759 3051 αὐτίκα
785 2993 882 3075 τρόπῳ
904 2998 943 3074 τῷ

132 3083 268 3164 εἰρημένῳ
284 3079 441 3143 ἀπολώλεε.

20 3180 25 3183 “
63 3170 132 3231 120
175 3174 267 3236 Κατά
292 3175 325 3238 δέ
346 3202 399 3239 κου
424 3171 557 3256 μάλιστα
578 3174 631 3246 τὴν
650 3166 818 3244 Ἑαμῇύσεω
837 3173 943 3232 νοῦσον

104 3260 227 3338 ἐγένετο
251 3265 337 3330 τάδε·
363 3267 423 3332 ὑπὸ
447 3265 553 3346 Κύρου
575 3255 764 3322 κατασταδέις
780 3252 816 3327 λλ
832 3253 961 3325 ΝΜ
