2040 3464
89 113 129 170 31,
143 110 186 174 οι]
425 111 588 158 αυτονιιιι.
838 111 888 159 τοι

89 189 206 258 Νείλου,
227 187 264 251 ῶς
283 187 371 251 οὐδεὶς
390 188 476 247 αι’τοῦ
500 188 557 247 οἶδε
579 189 630 252 τός
649 187 751 269 πηγός·
775 186 891 250 καὶτῶν

90 275 243 354 Ἐτέαρχον
253 275 340 350 φόναι
354 276 446 335 ἐλθεῖν
460 302 523 335 κοτε
537 275 601 352 παρ’
612 274 696 336 αὐτόν
710 279 891 353 Νασαμῶνας

89 362 199 439 ἄνδρας·
214 363 258 443 (τό
272 363 302 422 δὲ
316 364 393 424 ἔθνος
406 363 488 422 τοῦτό
499 368 561 422 ἐστι
574 365 625 438 μὲν
636 363 771 438 Λιβυκόν,
780 364 892 440 νέμεται

88 451 119 509 δέ
132 450 184 526 την
196 451 297 526 Σύρτιν
306 476 337 509 τε
351 451 397 508 καὶ
410 451 461 524 τὴν
471 451 542 526 πρός
554 449 595 525 ἠῶ
608 449 701 527 χώρην
710 454 762 524 τῆς
776 451 892 527 Σύρτιος

89 538 140 597 οὐκ
157 539 203 597 ἐπὶ
219 537 556 617 πολλόν·)-οἷπικομένους
572 537 603 596 δὲ
619 537 684 600 τοῦς
703 543 890 614 Νασαμῶνας,

89 627 137 685 καὶ
158 626 372 703 εἷρωτεωμένους
393 627 464 684 εἴτι
485 626 583 702 έχουσι
603 626 692 684 πλέον
715 627 808 706 λέγειν
828 628 892 704 περὶ

88 718 144 773 τῶν
157 712 266 791 ἐρήμων
278 718 329 789 τῆς
339 712 457 789 Λιβύης,
469 713 557 788 φάναι
570 713 646 790 παροὶ
660 714 748 788 σφίσι
760 716 892 794 γενέσθαι

89 800 196 878 α’νδρῶν
215 801 372 860 δυναστέων
389 801 491 864 παῖδας
511 799 659 877 ὗβριστοίς·
680 800 745 863 τούς
765 799 842 860 ἅλλα
861 827 893 862 τι

89 890 273 967 μηχανᾶσθαι
292 888 479 964 ἀνδρωθέντας
495 889 629 965 περισσὰ,
647 890 692 948 καὶ
710 889 744 966 δή
761 891 807 949 καὶ
823 889 891 950 α’πο-

91 981 236 1053 κληρῶσαι
262 978 345 1036 πέντε
368 980 472 1035 ἑωυτῶν
494 975 649 1054 ὀψομένους
669 977 705 1036 τό
730 982 819 1054 ἐρῆμα
842 983 892 1055 τῆς

90 1065 209 1142 Λιβύης,
231 1065 277 1123 καὶ
299 1065 369 1123 εἴτι
390 1065 478 1122 πλέον
499 1065 582 1123 ἴδοιεν
599 1068 654 1124 τῶν
674 1065 709 1123 τοὶ
729 1066 891 1144 μακρότατα

92 1153 232 1228 ἰδομένων.
261 1157 321 1232 (τῆς
331 1152 385 1233 γᾶρ
397 1150 507 1228 Λιβύης
517 1152 552 1211 τό
565 1154 617 1229 μὲν
628 1152 697 1212 κατὰ
707 1152 758 1228 την
771 1155 892 1231 βορηίην

90 1241 251 1311 θάλασσαν,
263 1239 309 1298 ἀπ’
319 1239 462 1320 Αἰγύπτου
476 1239 626 1316 ἀρξόμενοι
638 1242 723 1317 μέχρι
738 1243 891 1306 Σολόεντος

89 1328 182 1404 ἄκρης,
196 1327 216 1407 ᾖ
229 1329 356 1388 τελευταὶ
372 1332 422 1403 τῆς
439 1327 557 1403 Λιβύης,
571 1327 731 1404 παρήκουσι
748 1328 824 1405 παραὶ
837 1333 890 1387 ποῖ-

89 1442 145 1475 σαν
158 1418 351 1492 Λίβυες-καὶ
364 1415 479 1490 Λιβύων
494 1416 572 1473 έθνεα
584 1415 808 1491 πολλοὶ-πλην
822 1416 891 1477 ὅσον

88 1503 223 1579 Έλληνες
237 1505 283 1562 καὶ
296 1505 420 1566 Φοίνικες
434 1505 541 1581 ἔχουσι·
562 1501 598 1562 τοὶ
612 1503 642 1561 δέ
657 1502 727 1580 ὑπὲρ
742 1503 892 1580 θαλάσσης

88 1618 120 1650 τε
135 1595 182 1651 καὶ
197 1598 251 1651 τῶν
266 1594 310 1651 ἐπὶ
328 1591 480 1651 θάλασσαν
495 1590 669 1665 κατηκόντων
682 1591 840 1668 ἀνθρώπων,
854 1593 891 1652 τὰ

89 1679 243 1755 κατύπερθε
257 1680 392 1756 θηριώδης
410 1679 470 1737 ἐστὶ
483 1677 503 1754 ἦ
517 1677 622 1754 Λιβύη·
643 1678 679 1738 τό
693 1679 723 1737 δὲ
736 1679 891 1758 κατύπερθε

88 1772 139 1842 τῆς
158 1768 311 1844 θηριώδεος,
328 1768 442 1844 ψάμμος
461 1768 492 1825 τέ
511 1771 572 1825 ἐστι
591 1767 637 1825 καὶ
655 1764 769 1843 ἄνυδρος
787 1767 888 1840 δεινῶς,

89 1857 136 1915 καὶ
151 1861 252 1933 ἐρήμας
268 1856 399 1935 πόντων.)
434 1855 494 1914 ἐπεὶ
511 1854 549 1914 ῶν
562 1853 627 1917 τούς
641 1856 748 1930 νεηνίας
764 1853 889 1933 όποπεμ·

88 1944 228 2020 πομένους
245 1942 300 2003 ivd
319 1947 373 2002 τῶν
391 1942 504 2017 ἡλίκων,
518 1941 603 2001 ὕδασί
619 1967 650 2001 τε
667 1945 712 2001 καὶ
726 1945 844 2003 σιτίοισι
860 1944 889 2005 εὖ

89 2031 296 2107 ἐξηρτυμένους,
307 2032 374 2089 ἰέναι
387 2032 423 2088 τό
432 2034 528 2106 πρῶτα
541 2033 592 2106 μὲν
606 2029 651 2089 διαὶ
664 2034 713 2105 τῆς
725 2034 889 2108 οἰκεομένης,

87 2119 191 2194 ταύτην
205 2120 235 2177 δὲ
253 2117 445 2187 διεξελθόντας
464 2123 491 2180 ἐς
507 2117 559 2192 τὴν
578 2118 712 2194 θηριώδεα
730 2117 888 2189 ἀπικέσθαι,

89 2213 120 2266 ἐκ
134 2207 164 2266 δὲ
180 2205 281 2282 ταύτης
297 2207 348 2280 τήν
362 2209 466 2281 ἐρῆμον
478 2205 604 2274 διεξιέναι
617 2204 669 2280 τὴν
682 2204 748 2266 ὁδόν
763 2208 889 2284 ποιευρέ·

89 2321 154 2357 νους
174 2294 244 2371 πρός
265 2295 385 2370 ζέφυρον
404 2294 514 2369 ἄνεμον·
537 2294 728 2362 διεξελθόντας
749 2293 778 2354 δέ
798 2300 890 2374 χῶρον

88 2383 200 2442 πολλόν
214 2382 369 2459 ψαμμώδεα
387 2381 432 2439 καὶ
449 2386 477 2440 ἐν
493 2384 623 2459 πολλῇσι
636 2381 758 2461 ἡμέρῃσι
776 2382 841 2441 ἰδεῖν
855 2381 889 2459 δή

90 2496 156 2530 κοτε
176 2471 287 2547 δένδρεα
304 2475 333 2528 ἐν
347 2469 431 2548 πεδίῳ
447 2469 602 2544 πεφυκότα·
625 2472 672 2528 καί
691 2477 783 2544 σφεας
802 2496 890 2546 προσ·

90 2558 226 2620 ελθόντας
243 2557 383 2617 ἅπτεσθαι
404 2562 453 2617 τοῦ
475 2557 603 2619 ἐπεόντος
625 2559 670 2616 ἐπὶ
686 2563 741 2617 τῶν
760 2557 889 2635 δενδρέων

91 2651 209 2724 καρποῦ·
225 2647 408 2722 ἁπτομένοισι
419 2647 450 2704 δέ
456 2653 512 2720 σφι
522 2647 650 2705 ἐπελθεῖν
658 2644 757 2722 ἄνδρας
767 2645 889 2721 μικροίς,

91 2736 210 2813 μετρίων
222 2736 381 2796 ἐλάσσονας
391 2733 504 2809 ἀνδρῶν,
513 2732 656 2808 λαβόντας
664 2733 693 2790 δὲ
704 2732 780 2812 ἄγειν
789 2733 890 2808 σφέας·

90 2827 186 2900 φωνῆς
204 2823 233 2880 δέ
253 2820 315 2880 οὔτε
333 2847 361 2879 τι
378 2824 428 2895 τῆς
448 2822 554 2879 ἐκείνων
570 2821 634 2882 τούς
653 2824 832 2897 Νασαμῶνας
849 2846 890 2901 γι-

91 2911 209 2972 νώσκειν
228 2910 290 2968 οὔτε
310 2909 375 2972 τούς
393 2907 512 2988 ἄγοντας
528 2912 583 2967 τῶν
601 2908 793 2983 Νασαμώνων·
814 2906 892 2988 ἄγειν

90 3025 121 3060 τε
143 2998 177 3074 δὴ
199 2998 299 3059 αὐτούς
320 2997 353 3056 δι’
368 2998 452 3055 ἐλέων
471 2996 620 3075 μεγίστων,
635 2995 681 3053 καὶ
701 2994 892 3064 διεξελθόντας

90 3091 180 3147 ταῦτα
193 3085 344 3145 ἀπικέσθαι
359 3089 385 3148 ἐς
401 3083 487 3143 πόλιν
501 3089 530 3143 ἐν
542 3086 578 3162 τῇ
591 3081 716 3146 ἅπαντας
731 3083 806 3144 εἶναι
817 3087 902 3141 τοῖσι

88 3174 190 3254 ἄγουσι
207 3173 241 3233 τό
252 3173 380 3254 μέγαθος
396 3173 488 3245 ἴσους,
503 3176 611 3256 χρῶμα
624 3172 660 3233 δῖ
679 3173 821 3251 μέλανας·
841 3165 929 3238 παιδὶ

77 3261 110 3319 δι’
128 3260 182 3334 τήν
202 3261 291 3323 πόλιν
308 3263 388 3338 ῥέειν
413 3264 554 3346 ποταμὸν
584 3263 692 3342 μέγαν·
725 3261 803 3333 δἐειν
825 3253 866 3312 δῖε
886 3246 952 3305 ἐπὶ
