2040 3464
74 111 213 175 loo-172]
361 115 584 162 ιιαιιιοιιιαυιι.
824 120 870 164 ιιι

72 191 98 247 οἳ
105 191 216 265 νόμοισι
226 194 278 267 μὲν
290 194 324 250 τά
339 195 415 250 πλέω
426 195 605 272 Αἰγυπτίοισι
614 195 756 270 χρέωνται,
766 195 872 267 ἐσθῆτα

72 281 101 338 δὲ
115 283 252 356 φορέουσι
267 281 328 354 οἵην
341 308 393 358 περ
406 284 431 337 οἱ
442 279 527 338 ἄλλοι
537 281 651 355 Λίβυες·
666 284 694 337 αἱ
708 281 736 338 δὲ
747 285 872 361 γυναῖκες

72 368 161 427 αὐτῶν
182 370 281 444 ψέλιον
302 369 365 442 περὶ
387 369 500 444 ἑκατέρῃ
521 372 575 425 τῶν
594 369 716 443 κνημέων
736 370 871 443 φορέουσι

71 455 202 533 χάλκεον·
237 456 286 517 τάς
308 456 433 529 κεφαλᾶς
454 455 483 512 δὲ
505 460 639 531 κομῶσαι,
663 456 727 518 τούς
755 457 871 531 φθεῖρας

73 543 155 602 ε’πεοῖν
175 543 289 618 λάβωσι
309 543 374 605 τούς
395 547 495 618 ἑωυτῆς
517 543 620 617 ἑκάστη
648 542 801 601 ἀντιδάκνει
825 545 870 601 καὶ

72 630 141 689 οὕτω
165 633 265 706 ῥίπτει·
288 630 363 689 οὗτοι
385 631 413 688 δὲ
431 635 530 706 μοῦνοι
551 631 665 704 Λιβύων
685 636 767 689 τοῦτο
791 632 870 711 ε’ργά-

72 720 173 788 ζονται·
195 720 240 776 καὶ
256 724 293 797 τῷ
309 721 428 803 βασιλέϊ
442 724 541 794 μοῦνοι
561 719 611 780 τοῖς
631 721 783 793 παρθένους
802 724 869 794 μελ-

71 808 178 869 λούσας
189 808 340 865 συνοικέειν
352 806 560 864 έπιδεικνύουσι·
577 806 595 880 ἢ
610 807 638 863 δὲ
653 805 686 865 ἂν
699 811 736 883 τῷ
749 809 870 881 βασιλέϊ

71 895 177 969 α’ρεστή
196 896 318 974 γένηται,
338 895 392 952 ύπὸ
408 894 508 953 τούτου
522 893 771 968 διαπαρθενεύεται.
800 921 869 970 παρ-

70 980 171 1055 ήκουσι
183 983 211 1038 δὲ
225 979 301 1039 οὗτοι
316 986 342 1039 οἱ
355 982 555 1058 Ἀδυρμαχίδαι
569 981 616 1039 ἀπ’
631 983 773 1061 Αἰγύπτου
786 985 869 1059 μέχρι

71 1071 183 1143 λιμένος
195 1074 232 1147 τῷ
243 1069 347 1144 ούνομα
359 1069 470 1131 Πλυνός
481 1076 551 1128 ε’στι.
581 1070 690 1128 Τούτων
702 1071 730 1127 δὲ
740 1071 848 1147 ἔχονται
860 1073 915 1128 169

72 1157 253 1237 Γιλιγάμμαι,
283 1157 427 1232 νεμόμενοι
455 1158 506 1231 τήν
533 1157 601 1233 πρός
630 1159 750 1232 ἑσπέρην
776 1158 868 1234 χιύρην

71 1245 154 1321 μέχρι
167 1243 383 1319 Ἀφροδισιάδος
399 1245 496 1319 νήσου·
520 1250 547 1303 έν
562 1245 590 1302 δὲ
604 1251 641 1323 τῷ
654 1245 757 1320 μεταξύ
770 1245 869 1303 τούτου

71 1330 150 1408 χοίρῳ
171 1332 189 1406 ἥ
209 1358 239 1389 τε
260 1333 377 1390 Πλατέα
399 1336 484 1405 νῆσος
512 1333 655 1401 ἐπικέεται,
678 1333 729 1407 τήν
756 1335 868 1392 ἔκτισαν

73 1424 233 1494 Κυρηναῖοι·
256 1419 301 1476 καὶ
315 1425 343 1477 ε’ν
356 1423 391 1496 τῇ
405 1419 508 1497 ἠπείρῳ
523 1419 679 1482 Μενελοίῖος
698 1419 784 1495 λιμήν
798 1426 867 1489 ἐστι,

71 1507 116 1563 καὶ
125 1505 230 1581 Ἀζιρις
243 1507 294 1581 τήν
312 1510 338 1565 οἱ
357 1511 510 1583 Κυρηναῖοι
524 1508 622 1566 οἴκεον·
644 1510 689 1565 καὶ
702 1507 735 1566 τδ
750 1509 868 1582 σίλφιον

69 1592 184 1671 ἄρχεται
197 1594 252 1652 οἷπδ
266 1595 373 1652 τούτου·
394 1595 511 1670 παρήκει
525 1596 554 1653 δὲ
565 1594 620 1652 α’πὸ
636 1597 766 1670 Πλατέης
780 1596 868 1669 νήσου

68 1682 152 1758 μέχρι
162 1686 211 1739 τοῦ
221 1682 361 1757 στόματος
371 1686 420 1756 τῆς
431 1682 545 1757 Σύρτιος
554 1683 587 1740 τὸ
598 1684 727 1787 σίλφιιον.
756 1684 868 1758 νόμοισι

69 1769 98 1826 δὲ
124 1770 258 1846 χρέωνται
286 1767 362 1827 οὗτοι
388 1771 615 1845 παραπλησίοισι
636 1796 712 1828 τοισι
736 1772 865 1844 ἑτέροισι.

69 1859 265 1937 Γιλιγαμμέων
275 1858 304 1915 δὲ
313 1859 422 1934 ἔχονται
429 1858 462 1916 τδ
470 1858 539 1933 πρὸς
548 1860 667 1933 ἑσπέρης
674 1857 846 1933 Ἀσβύσται.
857 1860 914 1919 170

69 1941 145 2003 οὗτοι
159 1945 191 2002 τδ
205 1945 273 2020 ύπὲρ
288 1944 416 2020 Κυρήνης
427 1946 557 2013 οἰκέουσι,
570 1947 615 2002 ε’πὶ
627 1946 777 2004 θάλασσαν
792 1945 820 2004 δὲ
835 1945 866 2003 ού

69 2032 223 2105 κατήκουσι
240 2031 411 2106 Ἀσβύσται·
423 2032 456 2090 τύ
466 2033 520 2112 γοῖρ
529 2033 603 2108 παραὶ
614 2033 764 2092 θάλασσαν
776 2040 866 2109 Κυρη-

68 2124 141 2179 ναῖοι
155 2121 293 2195 νέμονται·
315 2121 540 2195 τεθριπποβάται
559 2122 587 2179 δὲ
602 2120 651 2178 ούκ
664 2121 774 2196 ἥκιστα,
790 2121 866 2180 α’λλᾶ

67 2207 196 2283 μάλιστα
206 2207 321 2282 Λιβύων
333 2209 397 2265 εἰσί·
419 2207 519 2282 νόμους
534 2210 562 2266 δὲ
576 2209 639 2270 τούς
653 2213 772 2270 πλεῦνας
785 2210 864 2284 μιμέ

68 2297 150 2354 εσθαι
172 2296 363 2368 ἐπιτηδεύουσι
385 2296 449 2357 τούς
468 2297 639 2371 Κυρηναίων.
666 2294 910 2370 Ἀσβυστέων171

68 2382 98 2440 δὲ
111 2384 221 2460 ἔχονται
234 2382 266 2441 τδ
282 2383 351 2458 πρδς
369 2385 488 2457 ἑσπέρης
505 2383 659 2461 Αὐσχίσαι.
702 2381 780 2440 οὗτοι
794 2383 863 2460 ύπὲρ

68 2469 178 2546 Βάρκης
207 2471 337 2538 οἰκέουσι,
366 2471 529 2544 κατήκοντες
556 2472 601 2528 ἐπὶ
629 2471 779 2530 θάλασσαν
807 2471 865 2529 κατ’

67 2557 266 2633 Εὐεσπερίδας.
298 2557 464 2635 Αὐσχισέων
482 2559 511 2616 δὲ
528 2558 597 2617 κατα
609 2559 698 2634 μέσον
711 2563 761 2633 τῆς
774 2558 865 2636 χώρης

66 2645 189 2702 οἰκέουσι
217 2645 362 2719 Κάβαλες,
391 2645 488 2724 ὀλίγον
515 2647 600 2714 ἔθνος,
629 2645 793 2719 κατήκοντες
821 2648 865 2704 ἐπὶ

67 2731 220 2791 θάλασσαν
239 2733 309 2790 κατοὶ
327 2732 466 2810 Ταύχειρα
485 2733 569 2791 πόλιν
584 2736 634 2809 τῆς
651 2734 798 2808 Βαρκαίης·
821 2735 864 2793 νό-

65 2845 147 2895 μοισι
168 2820 196 2878 δὲ
218 2825 293 2878 τοῖσι
312 2820 423 2878 αύτοῖσι
441 2822 575 2898 χρέωνται
590 2824 667 2880 τοῖσι
686 2821 730 2878 καὶ
748 2824 774 2879 οἱ
794 2820 863 2897 ύπὲρ

67 2907 204 2983 Κυρήνης.
234 2907 400 2984 Αὐσχισέων
419 2909 448 2966 δὲ
469 2908 572 2967 τούτων
589 2908 622 2968 τὸ
640 2908 710 2985 πρδς
726 2910 910 2985 ἔσπέρης172

66 2996 177 3073 ἔχονται
196 3001 378 3072 Νασαμῶνες,
393 2998 471 3059 ἔθνος
488 2996 534 3056 έδν
552 2997 672 3055 πολλόν·
695 2996 721 3054 οἳ
734 2998 766 3055 τδ
785 2998 863 3072 θέρος

66 3085 280 3146 καταλείποντες
300 3086 345 3142 ἐπὶ
365 3090 400 3163 τῇ
423 3083 557 3163 θαλάσση
577 3085 612 3143 τοὶ
636 3084 777 3162 πρόβατα,
801 3085 864 3145 α’να·

65 3172 199 3242 βαίνουσι
218 3177 245 3234 ἔς
261 3171 373 3254 Αὔγιλα
391 3177 484 3254 χῶρον
503 3174 690 3256 ι’)πωριεῖιντες
702 3176 772 3237 τοδς
789 3175 885 3248 φοίνι-

57 3281 116 3318 κος·
137 3261 167 3315 οἱ
184 3258 215 3316 δὲ
236 3263 344 3320 πολλοὶ
367 3265 414 3323 καὶ
436 3265 633 3346 ἀμφιλαφέες
652 3256 911 3340 πεφύκαῦιιών·
