2040 3464
137 111 186 159 ’260
445 114 627 162 ἨΡΟΔΟΤΟΎ
869 111 937 177 [HL

137 193 288 251 Κνωσσίου
302 193 347 251 καὶ
361 198 384 252 εί
398 192 432 266 δή
444 219 485 254 τις
498 192 587 255 ἄλλος
599 191 734 270 πρότερος
749 191 851 252 τούτου
872 193 940 270 ἦρξε

135 284 185 354 τῆς
199 281 358 356 θαλάσσης·
379 284 430 354 τῆς
444 280 472 338 δὲ
486 279 661 356 ἀνθρωπηίης
674 281 828 360 λεγομένης
840 287 939 361 γενεῆς

136 368 321 444 Πολυκράτης
339 368 401 428 ἐστὶ
413 373 531 443 πρῶτος,
544 369 658 430 ἐλπίδας
671 367 784 430 πολλάς
798 370 869 446 έχων
880 368 938 429 Ἰω-

134 457 192 530 νίης
209 482 241 514 τε
260 457 306 514 καὶ
325 455 418 531 νήσων
431 455 533 532 όρξειν·
553 455 650 530 μαθών
665 454 702 515 ὧν
714 455 803 514 ταῦτά
815 482 866 533 μιν
879 457 937 517 δια·

132 543 278 620 νοεύμενον
294 545 310 604 ὀ
324 544 463 621 Ὀροίτης,
476 545 590 620 πέμψας
606 543 741 625 ἀγγελίην
761 546 842 625 έλεγε
859 545 936 607 τάδε,-

132 641 149 667 “
158 631 287 708 Ὀροίτης
305 632 483 707 Πολυκράτει
502 630 554 690 ὦδε
572 633 658 711 λέγει·
679 630 857 708 πυνθάνομαι
877 639 935 693 ε’πι-

132 720 280 794 βουλεύειν
296 746 331 779 σε
349 720 499 800 πρήγμασι
510 719 672 800 μεγάλοισι,
686 720 732 777 καὶ
744 719 879 797 χρήματά
889 746 936 782 τοι

131 805 181 865 ούκ
203 807 272 866 εἶναι
285 807 355 867 κατοὶ
368 808 404 866 τοὶ
418 807 595 884 φρονήματα.
630 806 668 866 σύ
682 810 731 866 νῦν
745 804 796 865 ὦδε
810 808 936 884 ποιήσας

132 893 266 970 ὀρθώσεις
279 898 331 971 μὲν
344 896 474 965 σεωυτόν,
489 894 592 957 σώσεις
605 895 635 953 δὲ
649 895 694 952 καὶ
709 895 767 970 ε’μέ·
789 895 865 976 (ἐμοὶ
878 898 935 978 γάρ

129 982 267 1057 βασιλεύς
288 983 452 1059 Καμβύσης
471 983 648 1058 ἐπιβουλεύει
666 983 795 1053 θάνατον,
817 986 867 1044 καί
882 1011 934 1062 μοι

128 1075 212 1129 τοῦτο
233 1072 432 1151 ἐξαγγέλλεται
454 1071 624 1150 σαφηνέως)
648 1070 685 1130 σύ
708 1075 758 1130 νῦν
781 1075 831 1147 ἐμὲ
856 1078 933 1133 ε’κκο-

128 1159 215 1234 μίσας
231 1158 315 1218 αὐτόν
333 1160 379 1216 καὶ
397 1158 536 1236 χρήματα,
549 1159 585 1218 τά
601 1161 653 1235 μὲν
667 1157 757 1217 αὐτῶν
772 1158 856 1223 αύτός
876 1164 932 1240 ἔχε,

128 1246 164 1304 τά
177 1246 207 1304 δὲ
220 1250 268 1323 ἐμὲ
283 1248 313 1304 ἔα
327 1248 409 1324 ἔχειν·
422 1245 531 1305 ἐἵνεκέν
541 1272 572 1305 τε
585 1245 743 1324 χρημάτων,
756 1245 847 1323 ἄρξεις
860 1249 931 1307 άπά-

131 1359 185 1409 σης
202 1339 252 1410 τῆς
270 1335 419 1396 Ἑλλάδος·
441 1334 512 1391 εἶδέ
526 1359 576 1410 μοι
594 1333 735 1396 άπιστέεις
748 1333 785 1392 τοὶ
797 1336 863 1412 περὶ
875 1341 932 1396 τῶν

128 1422 284 1499 χρημάτων,
305 1423 419 1498 πέμψον
439 1420 517 1483 ίστις
536 1447 581 1480 τοι
604 1421 775 1485 πιστότατος
797 1424 932 1503 τυγχάνει

85 1510 206 1579 123ἐών,
227 1515 266 1588 τῷ
286 1509 339 1590 ἐγώ
360 1508 511 1578 άποδέξω.”
545 1513 640 1567 Ταῦτα
660 1509 784 1572 οἰκούσας
800 1510 816 1568 ὁ
835 1516 931 1570 Πολυ·

128 1598 236 1674 κράτης,
250 1597 327 1674 ἥσθη
340 1624 371 1656 τε
385 1599 431 1656 καὶ
444 1597 590 1673 ἐβούλετο·
612 1599 660 1657 καί
671 1623 731 1667 κως,
742 1599 864 1675 ἱμείρετο
874 1602 930 1681 γάρ

127 1687 276 1763 χρημάτων
291 1685 605 1766 μεγάλως,άποπέμπει
620 1689 718 1762 πρῶτα
736 1687 930 1764 κατοψόμενον

127 1774 299 1851 Μαιάνδριον
317 1774 499 1851 Μαιανδρίου,
514 1772 600 1850 ἄνδρα
617 1779 672 1833 τῶν
692 1772 794 1844 ἀστῶν,
809 1775 840 1837 ὅς
853 1779 881 1834 οἱ
894 1775 928 1851 ἢν

125 1862 350 1942 γραμματιστής·
372 1862 403 1924 δς
415 1861 507 1940 χρόνῳ
521 1861 553 1920 ού
566 1864 666 1939 πολλῷ
679 1859 799 1938 ὕστερον
812 1862 927 1935 τούτων,

125 1950 175 2008 τόν
190 1950 298 2026 κόσμον
315 1949 364 2008 τόν
378 1955 408 2007 ἐκ
425 1955 475 2008 τοῦ
492 1950 642 2026 ἀνδρεῶνος
654 1953 705 2008 τοῦ
719 1950 927 2027 Πολυκράτεος,

126 2038 207 2098 ε’όντα
226 2037 395 2112 ἀξιοθέητον,
410 2037 525 2113 οἶνέθηκε
543 2038 635 2097 πάντα
651 2042 678 2100 ἐς
695 2037 729 2096 τό
747 2036 875 2114 Ἡραῖον.
910 2039 926 2100 ό

125 2126 155 2184 δὲ
174 2125 303 2202 Ὀροίτης
321 2126 418 2201 μαθών
437 2126 497 2185 τόν·
508 2125 687 2185 κατάσκοπον
704 2125 784 2185 ἐόντα
804 2129 927 2204 προσδό·

125 2241 213 2291 κιμον,
232 2215 322 2272 ἐποίεε
341 2214 444 2272 τοιάδε·
465 2213 605 2291 λάρνακας
625 2213 696 2273 ὀκτώ
714 2213 870 2290 πληρώσας
883 2218 925 2275 λί·

128 2304 190 2372 θων,
204 2303 281 2377 πλήν
299 2302 387 2380 κάρτα
402 2303 526 2380 βραχέος
542 2306 592 2360 τοῦ
608 2303 672 2379 περὶ
685 2299 756 2360 αύτδ
768 2302 804 2360 τοὶ
817 2310 924 2382 χείλεα,

125 2394 262 2465 ἐπιπολῆς
277 2394 332 2449 τῶν
345 2390 432 2449 λίθων
444 2389 552 2468 χρυσόν
565 2391 699 2464 ἐπέβαλε·
721 2390 883 2466 καταδήσας
896 2393 925 2452 δὲ

125 2480 175 2542 τάς
194 2479 334 2555 λάρνακας
355 2478 413 2556 εἶχε
435 2479 554 2555 ἑτοίμας·
576 2477 665 2537 ἐλθών
678 2478 707 2535 δὲ
721 2477 736 2536 ὁ
751 2478 926 2556 Μαιάνδριος

78 2570 134 2629 124
144 2567 190 2625 καὶ
204 2567 384 2643 θεησάμενος,
395 2564 550 2646 ἀπήγγειλε
562 2569 600 2644 τῷ
615 2565 801 2642 Πολυκράτεϊ.
835 2565 871 2626 ‘O
885 2569 924 2638 δὲ,

122 2655 220 2714 πολλοὶ
240 2657 291 2729 μὲν
308 2659 363 2714 τών
383 2655 504 2731 μαντίων
524 2652 753 2734 ἀπαγορευόντων
773 2654 875 2716 πολλά
895 2656 924 2716 δὲ

121 2749 176 2804 τῶν
197 2745 297 2818 φίλων,
315 2744 465 2801 ἐστέλλετο
486 2740 568 2803 αύτός
589 2741 707 2799 οἶπιέναι·
728 2742 800 2818 πρός
818 2742 856 2813 δὲ,
877 2746 922 2805 καί

125 2831 237 2906 ἰδούσης
253 2837 303 2906 τῆς
321 2831 456 2911 θυγατρός
470 2829 535 2906 όψιν
549 2831 675 2890 ἐνυπνίου
688 2830 807 2904 τοιήνδε·
830 2831 924 2894 ἐδόκεέ

122 2923 149 2978 οἱ
167 2918 217 2979 τόν
236 2920 343 2994 πατέρα
363 2925 391 2978 ἐν
406 2922 444 2996 τῷ
459 2918 518 2993 ἠέρι
538 2920 675 2994 μετέωρον
690 2917 779 2988 ἐόντα,
798 2921 933 2997 λοῦσθαι,

121 3010 173 3082 μὲν
189 3007 244 3065 ν’πδ
259 3012 311 3066 τοῦ
329 3006 404 3077 Διός,
418 3008 549 3084 χρίεσίάι
563 3006 591 3064 δὲ
605 3005 660 3064 ύπό
677 3009 728 3065 τοῦ
743 3006 837 3081 ήλίου·
857 3009 924 3069 τού·

114 3120 169 3172 την
182 3095 285 3156 ίδούσα
301 3095 354 3174 τήν
368 3093 442 3174 ὄψιν,
455 3095 573 3170 παντοίη
595 3094 700 3174 ε’γίνετο
716 3093 758 3171 μὴ
776 3093 926 3174 οἷποδηρῆ-

100 3210 155 3244 σαι
173 3186 226 3248 τόν
243 3187 444 3268 Πολυκράτεα
460 3181 751 3266 παρὰτδν’ὒροἰτεα·
772 3183 867 3258 “RQ-*1
877 3185 926 3245 καὶ

92 3273 194 3343 ίόντος
210 3277 309 3342 αύτοῦ
326 3282 380 3343 ἐπὶ
395 3279 455 3358 τήν
468 3273 696 3352 πεντηκόντερον
711 3267 908 3339 ὶπῑληθλςςψ
926 3271 939 3314 ἶ
