2040 3464
148 112 195 159 ιιι·
450 111 635 159 ἬτοΔοτοι
881 109 942 175 [ιν.

144 188 298 264 ποιήσουσι
317 188 353 247 τό
374 188 503 266 Σκύθησί
522 193 583 247 ἐστι
603 194 632 247 ἐν
651 188 747 266 ἡδονῇ.
788 191 945 264 ταῦταμὲν

145 278 323 353 προσέθηκαν
340 281 376 354 τῇ
393 277 499 356 γνώμῃ·
520 277 591 352 μετὰ
610 277 647 345 δὲ,
662 282 692 334 ἐκ
710 275 821 336 πόντων
837 277 944 354 ύπεκρί-

146 390 213 423 νατο
225 365 357 426 Ἱστιαῖος
369 364 434 423 τάδε
448 366 547 444 λέγων·
569 375 586 399 “
595 363 690 441 ἄνδρες
704 365 818 434 Σκύθαι,
831 366 944 443 χρηστὰ

146 452 227 527 ἥκετε
250 454 381 530 φέροντες
409 454 454 510 καὶ
479 459 506 516 ἐς
533 453 628 528 καιρύν
652 454 808 533 ἐπείγεσθε·
840 456 887 513 καὶ
910 480 945 513 τα

145 566 176 598 τε
203 539 250 599 ἀπ’
272 540 361 616 ύμέων
384 540 451 617 ἡμῖν
475 545 605 620 χρηστῶς
629 541 741 600 ὁδοῦται
764 544 810 600 καὶ
834 542 870 600 τὰ
897 541 945 600 ἀπ’

146 628 237 704 ἡμέων
264 634 291 691 ἐς
316 629 401 704 ὑμέας
428 630 574 704 ἐπιτηδέως
600 629 787 706 ὑπηρετέεται·
823 629 860 693 οἷς
889 631 944 710 γάρ

146 716 236 791 ὁρᾶτε,
256 718 301 774 καὶ
317 717 420 793 λύομεν
436 718 485 777 τὸν
500 717 589 794 πόρον
607 719 653 775 καὶ
673 719 829 794 προθυμίην
848 723 944 778 πᾶσαν

149 806 253 880 ἕξομεν,
279 807 407 868 θέλοντες
432 805 500 865 εἶναι
527 805 676 882 ἐλεύθεροι·
705 811 735 865 ἐν
757 803 779 884 ᾧ
806 807 836 864 δέ
862 806 945 883 ἡμέες

146 893 210 950 τάδε
235 893 346 968 λύομεν,
364 893 448 969 ύμέας
470 893 563 969 καιρός
585 898 645 952 ἐστι
667 894 797 969 δίζησθαι
818 896 944 969 ἐκείνους,

148 980 275 1056 εὑρόντας
292 981 329 1047 δὲ,
344 980 413 1057 ύπέρ
429 1008 459 1040 τε
476 981 568 1057 ἡμέων
581 982 626 1039 καὶ
639 980 728 1057 ύμέων
743 981 833 1040 αὐτῶν
845 983 946 1041 τίσασ-

147 1069 193 1126 θαι
208 1068 291 1130 ούτως
302 1068 340 1131 ,ὦς
354 1070 457 1132 κείνους
470 1067 594 1147 πρέπει.”
863 1067 865 1071 ’

104 1159 157 1214 [40
189 1144 293 1220 Σκύθαι
306 1159 357 1232 μὲν
366 1155 399 1215 τό
413 1156 540 1234 δεύτερον
548 1156 629 1216 Ἴωσι
642 1157 843 1220 πιστεύσαντες
852 1159 941 1238 λέγειν

147 1243 263 1319 ἀληθέα,
278 1244 457 1321 ὑπέστρεφον
476 1246 522 1304 ἐπὶ
538 1244 653 1321 ζήτησιν
665 1250 720 1304 τῶν
733 1246 877 1322 Περσέων·
900 1247 945 1304 καὶ

146 1331 306 1409 ἡμάρτανον
326 1333 421 1408 πόσης
440 1337 491 1408 τῆς
511 1333 618 1391 ἐκείνων
639 1332 770 1400 διεξόδου.
812 1335 896 1392 αἴτιοι
917 1335 946 1392 δὲ

147 1419 247 1480 τούτου
272 1421 350 1480 αύτοὶ
375 1424 401 1479 οἶ
423 1420 529 1484 Σκύθαι
551 1422 685 1501 ἐγένοντο,
707 1419 757 1484 τοὶς
780 1422 867 1497 νομάς
890 1427 946 1481 τῶν

149 1507 238 1568 ἵππων
258 1509 307 1571 τοὶς
327 1508 413 1586 ταύτῃ
434 1509 641 1584 διαφθείραντες
661 1508 707 1566 καὶ
722 1507 758 1568 τεί
774 1507 860 1567 ὕδατα
878 1537 945 1590 συγ-

147 1595 297 1672 χώσαντες·
319 1602 342 1656 εῑ
362 1597 416 1677 γάρ
436 1600 524 1654 ταῦτα
543 1597 584 1672 μὴ
605 1596 748 1671 ἐποίησαν,
770 1601 889 1675 παρεῖχε
913 1596 946 1657 ἄν

149 1692 212 1760 σφι,
228 1689 251 1742 εἶ
270 1685 435 1761 ἐβούλοντο,
451 1683 581 1746 εὐπετέως
595 1684 726 1757 ἐξευρέειν
739 1683 804 1746 τούς
821 1686 945 1761 Πέρσας·

148 1776 195 1830 νῦν
217 1773 254 1840 δὲ,
272 1772 308 1832 τό
330 1779 386 1848 σφι
408 1771 499 1830 ἐδόκεε
520 1770 622 1849 ἄριστα
641 1772 857 1848 βεβουλεῦσθαι
875 1773 947 1831 κατιὶ

147 1863 235 1918 ταῦτα
251 1860 431 1935 ἐσφάλησαν.
473 1859 578 1923 Σκύθαι
597 1859 648 1935 μέν
668 1885 716 1918 νυν
735 1863 786 1935 τῆς
807 1860 948 1936 σφετέρης

148 1947 239 2025 χώρης
252 1953 287 2026 τῇ
300 1949 381 2026 χιλός
393 1973 424 2005 τε
438 1952 515 2006 τοῖσι
529 1947 641 2006 ἵπποισι
655 1949 700 2006 καὶ
710 1946 797 2006 ὕδατα
807 1946 850 2022 ἦν,
860 1947 947 2028 ταύτῃ

148 2035 292 2104 διεξιόντες
324 2036 445 2109 ἐδίζηντο
468 2034 533 2097 τούς
560 2035 780 2112 α’ντιπολεμίους,
806 2035 947 2099 δοκέοντες

149 2124 194 2180 καὶ
212 2127 329 2185 ἐκείνους
350 2122 394 2180 διδ
411 2122 542 2181 τοιούτων
555 2123 606 2198 τὴν
620 2122 777 2199 ἀπόδρησιν
790 2124 946 2184 ποιέεσθαι·

150 2214 176 2270 οἱ
197 2211 226 2270 δὲ
248 2211 281 2286 δὴ
311 2212 422 2286 Πέρσαι
447 2210 497 2269 τὸν
518 2211 653 2288 πρότερον
674 2214 778 2270 ἑωυτῶν
798 2211 948 2291 γενόμενον

149 2300 260 2375 στίβον,
274 2303 372 2358 τοῦτον
394 2296 591 2373 φυλάσσοντες
610 2297 695 2373 ἤϊσαν
716 2298 761 2355 καὶ
778 2298 850 2357 οὕτω
866 2299 948 2380 μόγις

152 2386 231 2464 εὗρον
251 2388 300 2447 τόν
320 2386 416 2463 πόρον·
438 2386 483 2444 οἷα
504 2385 533 2443 δὲ
553 2385 650 2449 νυκτός
669 2412 700 2444 τε
720 2385 885 2462 ἀπικόμενοι
903 2388 947 2445 καὶ

149 2478 303 2551 λελυμένης
318 2480 367 2549 τῆς
384 2474 508 2553 γεφύρης
525 2473 690 2551 ἐντυχόντες,
706 2478 732 2534 ἐς
750 2476 849 2532 πᾶσαν
862 2473 947 2551 ἄρρω

150 2564 210 2638 δίην
231 2563 349 2622 ἀπίκατο
371 2563 411 2639 μή
433 2569 524 2636 σφεας
548 2564 574 2619 οἱ
596 2559 689 2623 Ἴωνες
711 2563 776 2619 ἐωσι
797 2559 947 2620 ἀπολελοι·

104 2653 157 2711 141
170 2651 261 2714 πότες.
296 2649 355 2710 Ἠν
382 2651 410 2709 δὲ
444 2651 507 2725 περὶ
532 2653 653 2726 ’Δαρεῖον
687 2647 756 2723 ἇνὴρ
787 2648 947 2728 Αἰγύπτιος,

150 2740 261 2815 φωνέων
278 2741 413 2819 μέγιστον
431 2736 589 2813 ἀνθρώπων·
610 2741 708 2796 τοῦτον
723 2735 780 2817 [δὴ]
796 2734 846 2795 τὸν
862 2735 949 2814 ἄνδρα

151 2826 328 2886 καταστάντα
352 2827 396 2885 ἐπὶ
419 2831 470 2884 τοῦ
491 2826 599 2903 χείλεος
619 2829 670 2883 τοῦ
686 2822 811 2901 Ἴστρου,
835 2824 948 2883 ἐκέλευε

150 2919 268 2991 Δαρεῖος
294 2916 403 2972 καλέειν
431 2914 566 2972 Ἱστιαῖον
593 2913 747 2987 Μιλήσιον.
790 2909 806 2971 ὁ
833 2914 887 2988 μὲν
915 2912 947 2988 δὴ

150 3004 239 3061 ἐποίεε
261 3007 358 3060 ταῦτα·
389 3002 520 3063 Ἱστιαῖος
544 3000 573 3058 δέ
600 3000 758 3062 ἐπακούσας
784 3003 823 3078 τῷ
849 3001 949 3080 πριύτιρ

142 3089 329 3170 κελεύσματι,
346 3089 395 3154 τός
414 3115 445 3149 τε
465 3089 527 3150 νέας
547 3088 659 3150 ἁπάσας
679 3091 794 3165 παρεῖχε
816 3088 949 3165 διαπορθ-

129 3181 254 3256 μεύειν,
269 3179 326 3259 τὴν
360 3179 500 3260 στρατιὴν
536 3177 583 3236 καὶ
612 3175 663 3250 τήν
694 3176 815 3254 γέφυραν
850 3177 950 3246 ἔζευξε.

76 3267 140 3327 142
151 3272 277 3350 Πέρσαι
296 3275 354 3352 μὲν
368 3271 411 3335 ὧν
430 3270 505 3332 ούτω
525 3263 706 3344 ἐκφεύγουσι·
724 3259 836 3319 >RQ
847 3260 967 3332 ῗέλῑλιλ·
