2040 3464
85 108 225 173 105-103]
415 112 548 161 OAAEIA.
837 112 885 160 253

83 187 258 264 ποταμῶν,ά
279 189 317 259 δὲ,
335 188 429 267 ὥσπερ
450 189 586 265 ἐσήμηνα,
608 187 807 268 άρπαζόμενος.
847 187 885 250 τά

84 275 115 334 δὲ
141 275 253 352 δένδρεα
277 276 314 336 τά
336 275 420 357 άγρια
443 277 541 338 αύτόθι
568 278 649 354 φέρει
672 277 779 354 καρπόν
807 277 886 355 εἴρια,

85 367 210 442 καλλονῇ
233 389 265 423 τε
290 364 471 441 προφέροντα
493 365 539 423 καὶ
566 363 653 443 α’ρετή
675 369 730 425 τῶν
754 365 811 424 άπὸ
831 370 887 425 τῶν

84 449 158 510 ὀίων·
192 452 239 510 καὶ
263 454 363 527 ἐσθῆτι
388 455 415 511 οἱ
439 451 523 512 Ἰνδοὶ
547 451 605 511 οἷπό
626 452 730 512 τούτων
752 457 807 513 τῶν
829 453 886 513 δεν·

84 537 171 614 δρέων
191 540 336 617 χρέωνται.
378 537 457 616 Πρός
471 539 494 598 δ’
508 539 542 598 αὖ
555 542 737 616 μεσαμβρίης
758 541 866 620 ἐσχάτη
876 541 932 606 107

83 623 207 702 Ἀραβίη
229 631 285 686 τῶν
303 629 466 704 οἷκεομένων
487 629 597 704 χωρέων
615 629 685 686 ἐστί·
707 632 736 686 ἐν
754 627 784 686 δέ
799 628 886 707 ταύτη

83 712 244 788 λιβανωτός
269 715 303 774 τέ
331 719 393 774 ἐστι
418 712 507 792 μούνη
538 714 649 793 χωρέων
677 716 791 774 πασέων
817 717 886 791 φυό·

83 825 175 877 μενος,
207 803 253 860 καὶ
280 802 399 879 σμύρνη,
425 802 471 860 καὶ
501 804 594 877 κασίη,
623 801 668 860 καὶ
702 802 886 879 κιννάμωμον,

84 889 131 947 καὶ
159 889 289 965 λήδανον.
330 894 419 950 ταῦτα
446 889 544 961 πάντα,
572 889 650 966 πλήν
675 894 726 965 τῆς
753 889 885 967 σμύρνης,

84 975 241 1040 δυσπετέως
254 979 384 1038 κτέωνται
397 980 425 1036 οἱ
436 976 577 1054 Ἀράβιοι.
618 977 668 1038 τόν
681 980 733 1054 μέν
749 1004 783 1058 γε
801 980 885 1054 λιβα-

84 1064 171 1123 νωτόν
193 1067 377 1147 συλλέγουσι,
395 1065 447 1140 τήν
468 1065 595 1142 στύρακα
617 1066 766 1141 θυμιῶντες
785 1065 838 1141 την
859 1071 887 1129 ἐς

81 1148 223 1229 Ἕλληνας
236 1155 360 1216 Φοίνικες
374 1153 515 1233 ἐξάγουσι·
536 1152 639 1228 ταύτην
653 1154 801 1229 θυμιῶντες
814 1157 886 1228 λαμ-

84 1239 216 1314 βάνουσι·
243 1241 279 1299 τά
299 1245 355 1321 γάρ
374 1241 487 1318 δένδρεα
505 1246 594 1300 ταῦτα
609 1240 644 1299 τά
666 1240 887 1318 λιβανωτοφόρα

84 1324 164 1401 ὄφιες
189 1327 350 1406 ύπόπτεροι,
374 1330 468 1406 μικροὶ
490 1328 526 1388 τά
547 1327 679 1407 μεγάθεα,
703 1328 829 1386 ποικίλοι
848 1327 884 1386 τά

85 1415 166 1485 εἴδεα,
193 1417 389 1492 φυλάσσουσι,
417 1415 522 1492 πλήθεΐ
549 1416 656 1474 πολλοὶ
684 1416 749 1492 περὶ
774 1414 886 1491 δένδρον

85 1503 212 1565 ἕκαστον·
235 1503 312 1565 οὗτοι
325 1506 404 1582 οἵπερ
418 1504 460 1564 ἐπ’
474 1506 617 1585 Αἴγυπτον
631 1502 885 1580 ἐπιστρατεύονται·

85 1589 174 1651 οὐδενὶ
196 1593 226 1651 δέ
247 1593 327 1672 άλλιρ
350 1592 553 1653 άπελαύνονται
570 1591 626 1651 α’πὸ
644 1596 698 1651 τῶν
715 1591 851 1667 δενδρέων,
866 1589 885 1666 ἢ

84 1683 135 1753 τῆς
160 1680 298 1757 στύρακος
320 1685 359 1759 τῷ
386 1685 489 1758 καπνῷ.
530 1681 655 1760 Λέγουσι
679 1680 709 1737 δέ
733 1680 779 1737 καὶ
802 1679 934 1740 τόδεῙΟΒ

83 1765 223 1843 Ἀράβιοι,
252 1768 288 1831 ὦς
315 1772 397 1827 πᾶσα
417 1767 452 1828 ἂν
474 1772 512 1849 γῆ
540 1768 700 1844 ἐπίμπλατο
721 1770 776 1826 τῶν
796 1765 886 1842 ὀφίων

83 1854 195 1926 τούτων,
212 1860 235 1914 εἰ
248 1855 288 1933 μή
305 1857 435 1937 γίνεσθαι
451 1856 510 1915 κατ’
523 1853 623 1918 αύτούς
640 1854 699 1914 οἶόν
711 1880 739 1913 τι
753 1854 823 1913 κατὰ
835 1856 886 1917 τάς

85 1943 194 2020 ἐχίδνας
213 1943 377 2020 ἠπιστάμην
394 1945 529 2024 γίνεσθαι
573 1943 621 2002 καί
639 1969 690 2005 κως
707 1945 757 2001 τοῦ
776 1942 850 2001 θείου
865 1942 884 2017 ἡ

83 2031 209 2106 προνοίη,
234 2030 329 2105 ὥσπερ
351 2032 397 2090 καὶ
419 2031 493 2092 οἶκός
511 2036 580 2101 ἐστι,
603 2036 690 2090 ἐοῦσα
710 2029 801 2105 σοφή·
828 2029 885 2089 ὅσα

83 2120 136 2193 μέν
157 2119 213 2199 γάρ
237 2120 331 2197 ψυχήν
351 2145 383 2178 τε
404 2118 483 2178 δειλά
504 2120 550 2178 καὶ
577 2118 704 2196 ἐδώδιμα,
725 2123 813 2177 ταῦτα
833 2121 885 2195 μέν

83 2204 176 2265 πάντα
197 2206 343 2288 πολύγονα
370 2207 527 2283 πεποίηκεν,
549 2206 593 2266 ἵνα
619 2206 659 2283 μή
682 2207 798 2284 ἐπιλίπῃ
820 2231 884 2264 κατ·

85 2294 245 2370 εσθιόμενα·
266 2295 322 2354 ὅσα
343 2296 372 2354 δέ
390 2295 511 2373 σχέτλια
532 2294 578 2352 καὶ
598 2294 704 2370 άνιηρά,
722 2292 883 2373 ὀλιγόγονα.

83 2386 168 2441 τοῦτο
182 2386 241 2458 μὲν,
257 2381 299 2441 ὅτι
312 2382 328 2442 ὁ
341 2383 430 2463 λαγός
442 2382 496 2441 ύπδ
511 2380 615 2443 παντός
628 2382 771 2457 θηρεύεται
788 2380 885 2456 θηρίου

85 2471 133 2528 καὶ
157 2469 266 2546 ὄρνιθος
286 2471 333 2530 καὶ
353 2470 508 2548 άνθράπου,
533 2469 604 2529 οὕτω
624 2468 658 2544 δή
679 2495 708 2528 τι
726 2467 887 2548 πολύγονόν

85 2563 157 2618 ἐστι·
187 2560 375 2619 ἐπικυΐσκεται
395 2563 499 2636 μοῦνον
516 2557 626 2617 πάντων
645 2558 754 2633 θηρίων·
785 2557 830 2614 καὶ
849 2556 883 2616 τά

84 2648 137 2723 μέν
150 2646 221 2706 δασύ
240 2651 295 2707 τῶν
307 2649 408 2707 τέκνων
422 2653 450 2706 ἐν
466 2651 502 2724 τῇ
514 2647 628 2726 γαστρὶ,
641 2643 674 2704 τό
693 2644 723 2703 δὲ
741 2643 836 2722 ψιλόν,
848 2642 882 2704 τό

84 2735 116 2793 δὲ
129 2732 191 2812 ἅρτι
210 2740 239 2795 ἐν
258 2739 327 2814 τῇσι
344 2735 470 2813 μήτρῃσι
491 2732 709 2802 πλάσσεται,τὸ
731 2733 761 2791 δέ
778 2730 884 2808 άναιρέ·

86 2847 154 2881 εται·
175 2826 257 2882 τοῦτο
278 2826 329 2900 μὲν
347 2823 381 2898 δή
399 2822 510 2882 τοιοῦτό
529 2827 596 2882 ἐστι.
639 2820 658 2896 ἦ
677 2821 706 2879 δὲ
725 2820 759 2896 δή
777 2820 883 2890 λέαινα,

85 2910 133 2969 ἐόν
152 2911 336 2989 ἰσχυρότατον
357 2912 402 2969 καὶ
423 2910 606 2987 θρασύτατον,
628 2907 705 2978 ἅπαξ
724 2913 753 2968 ἐν
772 2912 810 2986 τῷ
829 2908 885 2986 βίω

84 2998 172 3058 τίκτει
192 3000 229 3059 ἐν·
250 3000 386 3059 τίκτουσα
400 2999 457 3079 γάρ
476 2998 667 3072 συνεκβάλλει
683 3001 722 3075 τῷ
738 2995 823 3075 τέκνῳ
835 2995 885 3058 τὰς

85 3087 203 3164 μήτρας·
233 3087 266 3148 τό
283 3088 318 3152 ,δὲ
345 3088 433 3147 αἴτιον
454 3086 555 3146 τούτου
574 3086 639 3146 τόδε
663 3085 734 3144 ἐστί·
765 3084 848 3143 ἐπεάν
868 3082 887 3141 ό

85 3174 210 3251 σκύμνος
229 3180 259 3235 ἐν
277 3180 314 3255 τῇ
332 3175 426 3256 μήτρῃ
446 3175 498 3238 ἐιδν
512 3173 640 3255 ἄρχηται
652 3164 917 3244 διακιυεδγιευαὶςῖ)

77 3261 110 3320 δὲ
129 3264 147 3320 ἕ
226 3262 240 3285 ”
348 3268 366 3329 θ
412 3269 440 3328 ’ω
481 3294 504 3329 π
521 3265 602 3329 λλδν
624 3262 745 3324 πάντων
767 3249 952 3322 &1sz

138 3289 201 3341 χων
220 3289 329 3345 ονυχας
367 3293 419 3348 ηρι
441 3294 458 3330 ν
506 3295 522 3330 0
