2040 3464
125 109 140 154 2
427 112 604 159 ιιιοκουου
888 111 920 171 [ι.

124 184 154 244 δὲ
172 191 200 250 ές
216 187 268 263 τήν
287 189 335 249 νέα
354 190 482 268 οἴχεσθαι
498 189 691 252 ἀποπλέοντας
710 187 751 248 ἐπ’
771 189 922 268 Αἰγύπτου.

92 274 110 332 2
127 271 206 332 Οὕτω
219 278 271 350 μὲν
283 275 356 335 Ἰοῦν
367 280 394 339 ές
407 277 550 357 Αἴγυπτον
560 276 709 336 ἀπικέσθαι
720 277 837 356 λέγουσι
852 277 923 351 Πέρ-

123 385 182 429 σαι,
204 360 255 421 οιίκ
275 362 310 426 ώς
328 363 476 439 Ἕλληνες·
505 366 624 423 καὶτῶν
646 363 819 438 ἀδικημάτων
840 367 923 421 τοῦτο

124 444 205 522 ἄρξαι
226 452 346 526 πρῶτον·
367 451 438 528 μετά
458 451 487 509 δὲ
507 455 602 520 ταῦτα,
621 450 765 526 Ἑλλήνων
786 450 862 512 τινάς
878 448 923 528 (οά

122 533 178 613 γὰρ
189 537 286 615 έχουσι
295 537 418 614 τοῦνομα
429 536 644 620 ἀπηγήσασθαι)
655 538 729 614 φασὶ
738 541 788 613 τῆς
796 537 923 612 Φοινίκης

124 626 152 684 ές
174 622 265 700 Τύρον
285 625 471 704 προσχόντας,
493 624 620 702 ἁρπάσαι
640 629 690 684 τοῦ
713 624 852 700 βασιλέος
871 625 923 700 τὴν

123 710 262 791 θυγατέρα
281 712 427 790 Εὐρώπην·
454 714 564 794 (εἴησαν
587 713 609 772 δ’
633 711 668 772 ἀν
689 711 765 772 οὗτοι
789 714 922 791 Κρῆτες)

122 802 210 858 ταῦτα
229 801 281 874 μέν
299 800 333 876 δὴ
350 801 400 860 ίσα
416 807 473 876 σφι
492 800 562 877 πρὰς
577 801 627 860 ἰ’σα
644 800 785 879 γενέσθαι·
806 798 877 875 μετά
893 799 921 858 δὲ

121 889 218 957 ταῦτα,
230 886 375 962 Ἕλληνας
395 888 498 950 αἰτίους
512 891 562 962 τῆς
578 886 704 963 δευτέρης
725 886 830 962 ἀδικίης
847 888 921 967 γενέ-

124 973 202 1032 σθαι·
220 974 458 1038 καταπλώσαντας
470 973 526 1056 γάρ
540 977 633 1052 μακρῇ
647 974 692 1048 νηί·
706 976 732 1035 ε’ς
743 972 814 1031 Αἶάν
827 999 857 1031 τε
870 974 922 1048 την

123 1061 253 1139 Κολχίδα
264 1063 310 1120 καὶ
324 1062 369 1122 ε’πί
380 1067 472 1122 Φᾶσιν
482 1061 617 1138 ποταμόν,
630 1062 761 1129 ἐνθεῦτεν,
774 1061 892 1136 διαπρηξ
909 1096 921 1107 -

122 1147 221 1223 μένους
234 1150 281 1207 καί
295 1149 390 1208 τᾶλλα
404 1155 460 1209 τῶν
474 1150 574 1209 εἵνεκεν
587 1148 714 1217 ἀπίκατο,
729 1147 855 1225 ἁρπάσαι
870 1153 921 1208 τοῦ

121 1235 260 1310 βασιλέος
277 1236 329 1312 τήν
345 1237 483 1318 θυγατέρα
501 1236 637 1312 Μήδειαν·
658 1237 808 1314 πέμψαντα
826 1236 856 1294 δὲ
870 1236 920 1295 τόν

123 1321 240 1402 Κόλχον
256 1329 283 1388 ές
295 1324 347 1400 τήν
359 1324 486 1384 Ἑλλάδα
496 1323 612 1401 ’κη’ρυκα,
628 1324 726 1383 αἰτέειν
738 1348 770 1382 τε
783 1323 858 1386 δίκας
871 1329 919 1400 τῆς

122 1409 250 1492 ἁρπαγῆς
270 1412 317 1472 καὶ
332 1411 472 1473 ἀπαιτέειν
491 1410 543 1488 τὴν
561 1411 708 1492 θυγατέρα·
728 1410 793 1474 τούς
808 1410 838 1470 δὲ
853 1413 919 1470 ἁπα-
972 1484 976 1491 1

123 1497 278 1574 κρίνασθαι,
293 1499 329 1562 ὦς
342 1499 405 1559 οὐδὲ
418 1503 516 1567 ε’κεῖνοι
528 1498 601 1562 Ἰοῦς
617 1502 668 1574 τῆς
680 1497 806 1579 Ἀργείης
819 1497 919 1559 έδοσάν

123 1591 179 1661 σφι
187 1585 262 1649 δίκας
269 1590 318 1662 τῆς
327 1586 462 1668 ἁρπαγῆς,
472 1585 534 1645 οὐδὲ
542 1585 579 1646 ὦν
587 1584 665 1645 αὐτοὶ
673 1584 772 1645 δώσειν
780 1587 918 1646 ε’κείνοισι.

90 1674 109 1733 3
124 1673 245 1751 Δευτέρη
264 1674 294 1732 δὲ
311 1676 429 1754 λέγουσι
445 1677 527 1755 γενεῇ
544 1673 615 1750 μετὰ
632 1677 720 1733 ταῦτα
735 1672 919 1749 Ἀλέξανδρον

121 1759 171 1819 τάν
191 1759 321 1838 Πριάμου
342 1759 481 1837 ἀκηκοότα
499 1764 595 1830 ταῦτα,
616 1761 753 1836 ἐθελῆσαί
771 1763 798 1818 οἱ
818 1765 848 1819 έκ
867 1766 918 1836 τῆς

122 1845 260 1910 Ἑλλάδος
271 1847 304 1907 δι’
315 1847 444 1929 ἁρπαγῆς
453 1848 584 1928 γενέσθαι
596 1852 721 1929 γυναῖκα,
734 1847 918 1923 ἐπιστάμενον

122 1932 230 1997 πάντως
243 1934 287 1995 ὅτι
301 1935 332 1994 οὗ
344 1934 427 1996 δώσει
437 1936 521 1998 δίκας·
537 1934 599 1994 οὐδὲ
611 1935 665 2016 γάρ
677 1934 793 1997 έκείνους
804 1934 916 1994 διδόναι·

122 2021 193 2081 οὕτω
211 2022 244 2098 δη
261 2022 439 2100 ἁρπάσαντος
458 2021 543 2083 αὐτοῦ
558 2021 682 2098 Ἑλένην,
698 2026 775 2082 τοῖσι
790 2020 916 2098 Ἕλλησι

122 2107 199 2178 δόξαι
227 2114 337 2188 πρῶτον
365 2110 528 2189 πέμψαντας
557 2109 695 2192 ἀγγέλους
722 2108 861 2168 ἀπαιτέειν
886 2135 917 2169 τε

120 2196 237 2274 Ἑλένην
263 2199 308 2256 καὶ
332 2198 407 2262 δίκας
430 2203 481 2275 τῆς
504 2198 631 2279 ἁρπαγῆς
656 2198 763 2257 αἰτέειν·
789 2196 855 2261 τούς
879 2197 915 2268 δὲ,

121 2286 332 2365 προϊσχομένων
352 2285 448 2356 ταῦτα,
469 2287 620 2363 προφέρειν
643 2293 699 2362 σφι
722 2285 846 2361 Μηδείης
864 2289 917 2360 την

122 2372 260 2455 ἁρπαγήν·
288 2373 324 2437 ώς
345 2373 377 2432 οά
398 2373 490 2437 δόντες
511 2372 591 2433 αὐτοὶ
612 2373 688 2436 δίκας
710 2372 772 2432 οὐδὲ
794 2371 917 2436 ἐκδόντες

121 2459 313 2531 ἀπαιτεόντων,
327 2461 482 2537 βουλοίατό
496 2467 552 2537 σφι
564 2459 629 2537 παρ’
643 2459 738 2520 ἀλλων
756 2461 832 2523 δίκας
846 2462 916 2541 γίνε·

89 2549 200 2608 4σθαι.
241 2549 336 2628 Μέχρι
350 2552 403 2626 μέν
421 2548 458 2609 ὦν
473 2548 572 2609 τούτου
589 2548 715 2629 ἀρπαγάς
728 2547 831 2624 μούνας
849 2548 917 2608 εἶναι

120 2635 185 2713 παρ’
196 2634 338 2712 ἀλλήλων·
352 2636 386 2695 τό
398 2637 428 2696 δὲ
441 2635 497 2695 ἀπὰ
511 2635 619 2706 τούτου,
628 2635 773 2710 Ἕλληνας
785 2635 818 2710 δη
832 2635 917 2716 μεγά-

120 2727 175 2787 λως
188 2725 291 2787 αἰτίους
303 2725 444 2806 γενέσθαι·
460 2725 611 2801 προτέρους
622 2723 677 2804 γάρ
689 2722 771 2799 ἄρξαι
785 2723 916 2799 στρατεύ-

121 2813 204 2871 εσθαι
222 2816 249 2874 ές
266 2811 318 2887 τὴν
336 2810 466 2887 Ἀσίηνῆ
483 2812 574 2887 σφέας
591 2816 618 2873 ές
632 2810 684 2886 την
698 2809 843 2888 Εὐρώπην.
883 2810 917 2869 τό

120 2899 172 2974 μέν
191 2924 239 2958 νυν
257 2897 388 2975 ἁρπάζειν
405 2901 535 2980 γυναῖκας
555 2897 661 2975 ἀνδρῶν
680 2896 780 2957 ἀδίκων
797 2898 918 2974 νομίζειν

122 2986 203 3066 ἔργον
213 2985 290 3055 εἶναι,
301 2987 333 3045 τό
343 2988 372 3044 δὲ
383 2985 595 3062 ἁρπασθεισέων
606 2985 732 3060 σπουδην
742 2986 917 3062 ποιήσασθαι

114 3075 261 3147 τιμωρέειν
287 3072 418 3149 ἀνοήτων,
448 3073 492 3154 [τὰ
522 3074 551 3132 δὲ
581 3073 717 3149 μηδεμίαν
746 3071 819 3149 ώρην
846 3073 918 3150 έχειν

93 3153 333 3229 ιγὀπασθεισέων,
353 3160 536 3245 σωφρόνων]
555 3157 631 3235 δῆλα
649 3158 705 3243 γάρ
722 3159 757 3235 δὴ
774 3159 827 3228 δτι,
842 3163 866 3216 εἰ
882 3185 919 3233 μη

76 3233 171 3295 av'ra2
183 3243 366 3317 εζθουλέατο,
383 3249 441 3310 οὖν
454 3248 492 3312 ἂν
507 3250 683 3328 ἡρπάζοντο.
720 3246 814 3322 σφέας
830 3247 877 3319 μὶν
889 3245 938 3316 δὴι
