2040 3464
96 119 238 184 145-148]
424 123 585 170 ETTEPHH.
849 119 896 166 181

94 199 141 256 καὶ
159 198 256 262 Πανός
266 207 307 278 ’γε
324 200 389 275 πέρι
405 198 455 258 οόκ
472 199 569 278 έχουσι
588 202 674 258 εἰπεῖν
692 196 744 273 ὅκη
764 194 898 274 ἐτρέπετο

93 283 249 364 γενόμενος.
292 285 366 361 δῆλό
381 312 430 362 μοι
447 285 483 346 ῶν
503 287 610 366 γέγονε,
633 285 677 345 ὅτι
696 285 815 362 ὕστερον
834 282 898 344 ε’πό-

94 373 177 432 θοντο
198 376 225 432 οἱ
245 372 384 448 Ἕλληνες
403 373 507 433 τούτων
526 372 563 431 τοὶ
587 373 727 449 οὐνόματα
748 371 766 448 ἢ
787 371 824 431 τοῖ
843 375 898 432 τῶν

95 457 190 520 ἄλλων
204 461 281 531 θεῶν,
296 461 343 519 ἀπ’
358 459 390 520 οὗ
404 461 434 520 δὲ
451 461 586 543 ἐπύθοντο
604 460 707 540 χρόνου
721 459 777 519 ἀπό
796 459 897 520 τούτου

93 549 311 628 γενεηλογέουσι
325 547 415 608 αὐτῶν
427 547 479 624 την
491 549 612 630 γένεσιν.

135 640 229 694 Ταῦτα
242 636 294 712 μέν
310 662 358 696 νυν
372 636 451 695 αὐτοὶ
465 635 613 717 Αἰγύπτιοι
630 635 757 716 λέγουσι·
779 634 834 695 ὅσα
848 635 877 694 δὲ
887 636 944 695 147

94 722 125 781 οἶ
135 748 166 782 τε
179 722 264 782 ἅλλοι
281 723 421 800 ἅνθρωποι
438 725 484 782 καὶ
500 724 647 804 Αἰγύπτιοι
664 724 781 803 λέγουσι
795 723 897 799 όμολο-

93 810 205 891 γέοντες
216 816 293 870 τοῖσι
306 811 424 870 ἄλλοισι
444 811 514 870 κατοὶ
533 811 635 886 ταίτην
648 811 699 884 την
717 809 811 888 χώρην
823 811 897 890 γενέ-

93 899 171 968 σθαι,
191 899 268 959 ταῦτ’
289 898 343 975 ἤδη
364 898 475 976 φράσω·
510 900 668 976 προσέσται
689 898 720 956 δέ
739 924 768 957 τι
787 898 899 958 αὐτοῖσι

95 985 141 1044 καὶ
154 990 204 1061 τῆς
218 991 287 1062 ε’μῆς
301 986 388 1063 ὄψιος.

134 1071 382 1154 Ἐλευθερωθέντες
409 1075 558 1156 Αἶγόπτιοι
586 1073 658 1150 μετοῖ
685 1072 734 1133 τόν
762 1074 822 1149 ἱρέα
847 1076 898 1133 τοῦ

93 1159 257 1235 Ἡφαίστου
270 1161 494 1238 βασιλεύσαντα,
504 1162 614 1243 (οὐδένα
624 1161 678 1242 γὰρ
692 1161 793 1239 χρόνον
803 1161 859 1219 οἶοί
866 1185 897 1220 τε

94 1247 170 1322 ἦσαν
182 1247 246 1308 ἄνευ
260 1251 400 1325 βασιλέος
414 1249 594 1329 διαιτᾶσθαι,)
604 1249 762 1324 ἐστήσαντο
776 1247 896 1306 δυόδεκα

93 1337 243 1411 βασιλέας,
259 1337 380 1397 δυόδεκα
395 1339 495 1414 μοίρας
516 1337 669 1413 δασάμενοι
685 1337 828 1416 Αἴγυπτον
843 1334 896 1393 ποῖ·

94 1449 160 1482 σαν.
180 1421 256 1484 οὗτοι
266 1427 414 1505 ἐπιγαμίας
421 1423 607 1500 ποιησόμενοι
616 1425 794 1499 ἐβασίλευον,
803 1422 895 1499 νόμοι-

94 1536 126 1570 σι
136 1512 242 1571 τοιαίδε
251 1514 411 1591 χρεόμενοι,
420 1512 492 1590 μήτε
506 1512 659 1589 καταιρέειν
669 1511 814 1586 ἀλλήλους
824 1510 895 1584 μήτε

94 1600 183 1659 πλέον
191 1626 219 1658 τι
230 1600 359 1675 δίζησθαι
371 1602 443 1679 ἔχειν
452 1600 502 1659 τόν
513 1600 605 1676 ἕτερον
615 1604 666 1658 τοῦ
679 1598 772 1674 ἑτέρου
783 1598 854 1657 εἶναί
864 1624 895 1656 τε

95 1688 196 1762 φίλους
206 1687 241 1746 τοὶ
251 1689 388 1763 μάλιστα·
401 1688 487 1747 τῶνδε
501 1688 530 1746 δὲ
545 1689 633 1746 εἵνεκα
646 1687 710 1750 τούς
721 1687 821 1762 νόμους
834 1686 895 1746 τού·

94 1800 158 1836 τους
165 1779 305 1834 ἐποιεῦντο
315 1778 435 1853 ἰσχυρῶς
443 1776 685 1852 περιστέλλοντες·
698 1774 831 1853 ε’κέχρητό
840 1766 900 1849 σφι

94 1861 153 1920 κατ’
169 1861 257 1940 οἶρχοῖς
275 1862 373 1921 αὐτίκα
394 1863 599 1939 ἐνισταμένοισι
621 1868 648 1926 ές
665 1863 715 1926 τοῖς
734 1863 895 1940 τυραννίδας

94 1948 165 2008 “τόν
177 1950 285 2028 χαλκέη
303 1950 394 2030 φιάλη
409 1952 568 2011 σπείσαντα
586 1950 675 2010 αὐτῶν
692 1956 721 2011 ἐν
733 1956 771 2030 τῷ
785 1954 832 2030 ἱρῷ
845 1955 895 2010 τοῦ

93 2035 263 2112 Ἡφαίστου,
277 2043 376 2097 τοῦτον
397 2038 511 2115 οἶποίσης
527 2038 714 2115 βασιλεύσειν
727 2039 895 2120 Αίγίπτου.”

94 2129 122 2188 ές
133 2124 189 2205 γοῖρ
204 2125 237 2202 δή
252 2125 288 2184 τό
301 2126 391 2185 πάντα
406 2127 451 2204 {poi
465 2129 659 2207 συνελέγοντο.
698 2128 755 2186 Καὶ
772 2126 806 2202 δή
819 2134 875 2202 σφι
885 2129 941 2187 148

93 2213 260 2289 μνημόσυνα
284 2214 360 2283 ἔδοξε
385 2215 521 2274 λιπέσθαι
545 2219 632 2292 κοινῇ·
668 2214 752 2282 δόξαν
774 2215 805 2274 δέ
827 2222 892 2290 σφι,

54 2330 56 2334 ’
94 2300 264 2376 ἐποιήσαντο
279 2303 451 2378 λαβύρινθον
465 2303 563 2384 ὀλίγον
579 2303 648 2379 ὑπὲρ
667 2307 716 2377 τῆς
731 2304 830 2379 λίμνης
844 2307 895 2378 τῆς

95 2391 212 2465 Μοίριος
225 2389 296 2448 κατοὶ
317 2391 510 2467 Κροκοδείλων
532 2390 703 2466 καλεομένην
716 2390 801 2449 πόλιν
814 2390 895 2466 μόλι-

93 2476 150 2535 στοί
169 2503 204 2552 κη
224 2479 358 2553 κείμενον·
379 2477 429 2538 τόν
447 2478 501 2558 ἐγώ
515 2477 567 2553 ἤδη
587 2478 645 2536 ἴδον
663 2475 751 2557 λόγου
769 2479 851 2554 μέζω·
873 2481 897 2537 εἷ

92 2564 147 2645 γοίρ
162 2591 203 2628 τις
215 2567 251 2625 τοὶ
265 2566 296 2635 ἐξ
308 2565 452 2641 Ἑλλήνων
461 2565 556 2644 τείχεά
565 2591 596 2623 τε
610 2566 656 2622 καὶ
670 2566 755 2645 ἔργων
767 2565 897 2635 ἀπόδεξιν

95 2655 309 2733 συλλογίσαιτο,
329 2654 487 2716 ἐλάσσονος
504 2652 592 2712 πόνου
607 2678 639 2712 τε
658 2651 691 2711 ἂν
710 2652 755 2710 καὶ
774 2652 897 2730 δαπόνης

93 2742 195 2816 φανείη
210 2741 290 2801 ἐόντα
303 2746 352 2802 τοῦ
367 2743 540 2817 λαβυρίνθου
554 2740 663 2800 τούτου·
686 2741 747 2821 (καί
762 2767 807 2800 τοι
822 2740 896 2811 ἀξιό-

92 2829 179 2909 λογός
191 2855 225 2910 γε
239 2831 284 2888 καὶ
298 2829 313 2888 ὁ
328 2835 357 2888 ἐν
369 2829 483 2908 Ἐφέσῳ
498 2830 559 2888 ἐστὶ
573 2827 645 2903 νηός,
660 2829 706 2886 καὶ
720 2828 735 2888 ό
750 2833 778 2888 ἒν
790 2828 895 2910 Σάμῳ)

92 2914 168 2992 ἦσαν
187 2919 239 2994 μέν
257 2944 305 2977 νυν
324 2918 371 2976 καὶ
389 2921 418 2976 αἱ
433 2917 584 2994 πυραμίδες
602 2916 691 2997 λόγου
708 2917 829 2992 μέζονες,
850 2918 897 2976 καὶ

92 3008 210 3064 πολλῶν
224 3005 328 3081 ἑκόστη
343 3004 445 3065 αὐτέων
461 3006 634 3080 Ἑλληνικῶν
653 3005 738 3085 ἔργων
752 3006 798 3064 καὶ
810 3005 895 3085 μεγά-

92 3095 151 3151 λων
164 3091 289 3168 ἅνταξίη·
311 3093 327 3152 ὁ
341 3093 372 3152 δὲ
385 3093 419 3168 δη
432 3091 606 3170 λαβύρινθος
620 3092 668 3150 καὶ
679 3092 732 3156 τὰς
743 3093 911 3169 πυραγιλῖιας

91 3178 274 3254 όπερβιίλλει.
313 3185 365 3241 τοῦ
374 3181 431 3264 γοὶρ
447 3181 575 3244 δυώδεκα
591 3182 642 3262 μέν
659 3186 720 3243 εἰαι
734 3181 829 3241 αἷιλιιλ
843 3173 934 3234 κατὰ·

78 3285 177 3344 στεγοι
195 3265 351 3332 α’ντιπυλοι
370 3272 546 3358 ἀλλήλῃσι,
559 3275 595 3348 ἓξ
622 3275 676 3354 μὶν
691 3271 775 3354 πρὸς
796 3253 968 3347 βορέωιῖξ
