2040 3464
123 102 171 152 ιιι
433 103 615 154 Ἦυουουου
874 101 925 166 [Ιι

124 183 216 258 λικίην
239 181 290 259 τὴν
315 180 370 241 ύπδ
397 183 529 252 Κιλίκων,
552 182 598 240 καί
620 179 776 258 Ἀσσυρίην
795 178 847 256 τὴν
870 179 926 242 ύπδ

124 267 291 346 Ἀσσυρίων.
334 269 456 345 οὔρισμα
476 269 506 327 δὲ
526 270 611 347 Ἀσίη
628 269 674 328 καί
694 267 789 347 Λιβύη
812 269 924 344 οἴδαμεν

125 357 203 417 οὐδὲν
216 358 261 416 εἰίν
279 358 351 435 ὀρθῷ
365 356 449 436 λόγῳ,
465 360 488 414 εἰ
503 357 543 433 μὴ
561 356 626 419 τούς
646 356 804 435 Αἰγυπτίων
817 355 925 432 οὔρους.

126 449 149 504 εἰ
176 446 206 504 δὲ
230 451 269 524 τῷ
294 445 339 504 ὑπ’
365 444 510 520 Ἑλλήνων
535 446 722 524 νενομισμένῳ
747 444 923 523 χρησόμεθα,

125 537 273 610 νομιοῦμεν
294 534 437 613 Αἰγυπτον
453 537 557 603 πᾶσαν,
580 532 735 608 ἀρξαμένην
755 532 810 592 ἀπὸ
829 539 924 592 Κατα-

125 621 232 681 δούπων
244 648 275 681 τε
288 623 333 680 καί
345 621 546 696 Ἐλεφαντίνης
555 621 662 690 πόλιος,
676 621 741 698 δίχα
755 620 924 697 διαιρέεσθαι

124 710 170 768 καὶ
183 709 346 786 α’μφοτέρων
359 713 414 769 τῶν
427 710 598 785 ἐπωνυμιέων
611 709 736 786 ἔχεσθαι·
756 708 792 767 τοί
804 711 856 785 μὲν
868 710 924 789 γοίρ

124 796 208 872 αὐτῆς
222 797 291 857 εἶναι
304 802 353 872 τῆς
370 796 487 873 Λιβύης,
501 797 537 855 τοὶ
551 797 580 854 δὲ
592 800 642 871 τῆς
662 796 770 872 Ἀσίης·
791 795 875 876 ὄγοίρ
889 797 924 872 δὴ

124 889 229 947 Νεῖλος
249 884 401 961 ἀρξόμενος
421 889 451 943 ἐκ
471 887 526 942 τῶν
543 883 741 954 Καταδούπων,
755 883 811 960 ῥέει
831 885 924 961 μέσην

124 973 266 1052 Αἴγυπτον
279 973 383 1050 σχίζων
396 977 423 1034 ε’ς
435 970 595 1031 θάλασσαν.
623 974 708 1050 μέχρι
720 973 772 1047 μέν
785 998 833 1031 νυν
851 978 924 1049 Κερ-

125 1060 252 1137 κασώρου
267 1060 366 1121 πόλιος
385 1061 442 1137 ῥέει
459 1059 497 1120 εἰς
513 1059 563 1118 εὀἰν
584 1058 599 1118 ὁ
621 1064 734 1121 Νεῖλος·
763 1057 795 1118 τό
817 1059 847 1117 δὲ
867 1058 923 1120 ἀπό

122 1147 223 1223 ταύτης
236 1153 286 1224 τῆς
299 1147 405 1216 πόλιος,
420 1147 546 1225 σχίζεται
560 1147 712 1223 τριφασίας
726 1145 815 1208 ὁδούς·
845 1148 891 1206 καὶ
904 1142 923 1223 ἡ

122 1238 174 1311 μὲν
186 1235 256 1312 πριίς
268 1235 309 1310 ηἰδ
322 1233 458 1312 τρέπεται,
473 1235 506 1293 τὸ
521 1236 650 1292 καλέεται
670 1234 835 1309 Πηλούσιον
856 1237 923 1295 στό-

122 1349 172 1399 μα·
193 1323 212 1398 ἦ
226 1325 255 1382 δὲ
271 1324 349 1400 ε’τέρη
365 1327 420 1382 τῶν
433 1322 504 1382 ὁδῶν
523 1321 594 1398 πρδς
611 1323 731 1398 ἕσπέρην
752 1323 817 1400 ἔχει·
838 1328 922 1383 τοῦτο

124 1412 153 1471 δὲ
175 1412 341 1488 Κανωβικόν
363 1411 457 1486 στόμα
478 1410 618 1485 κέκληται·
638 1410 656 1484 ἡ
679 1411 708 1468 δὲ
731 1410 764 1485 δή
787 1411 846 1470 ἰθέα
867 1417 922 1472 τῶν

122 1499 192 1560 ὁδῶν
212 1504 250 1578 τῷ
270 1501 365 1578 Νείλῳ
387 1500 449 1557 ε’στί
466 1498 524 1573 ἥδε·
546 1497 648 1558 ἄνωθεν
667 1497 820 1574 φερόμενος
842 1505 869 1563 ές
888 1501 921 1561 τδ

122 1587 171 1656 ὀξύ
180 1591 230 1646 τοῦ
244 1589 339 1646 Δέλτα
350 1586 514 1654 α’πικνέεται,
528 1586 561 1645 τὸ
575 1587 605 1644 δὲ
618 1586 673 1645 οἰπὸ
694 1585 801 1656 τούτου,
815 1589 920 1666 σχίζων

122 1677 211 1751 μέσον
225 1674 258 1734 τδ
272 1675 368 1733 Δέλτα
387 1679 414 1736 ἐς
432 1672 584 1733 θάλασσαν
600 1675 672 1743 ἐξίει,
688 1671 750 1732 οὔτε
767 1677 920 1752 ἐλαχίστην

122 1767 222 1840 μοίρην
237 1767 288 1821 τοῦ
306 1761 404 1824 ὕδατος
419 1762 610 1839 παρεχόμενος
625 1761 712 1839 ταίτη
734 1760 796 1821 οὔτε
816 1763 920 1838 ἥκιστα

122 1849 307 1927 ούνομαστήν·
327 1849 360 1908 τὰ
376 1850 504 1907 καλέεται
518 1851 716 1926 Σεβεννυτικόν
729 1849 830 1926 στόμα,
861 1854 922 1911 ἔστι

123 1938 152 1996 δὲ
166 1939 211 1996 καὶ
226 1939 304 2012 ἕτερα
318 1937 438 2012 διφάσια
452 1936 580 2013 στόματα
591 1936 647 1995 οἷπὸ
660 1942 711 1996 τοῦ
722 1938 921 2012 Σεβεννυτικοῦ

122 2024 341 2104 ἀποσχισθέντα,
364 2026 486 2101 φέροντα
506 2030 533 2086 ές
554 2024 716 2085 θάλασσαν·
746 2029 822 2085 τοῖσι
843 2026 921 2088 ούνό-

121 2139 196 2190 ματα
217 2113 307 2171 κέεται
330 2113 403 2182 τόδε,
424 2115 462 2191 τῷ
485 2115 536 2188 μὲν
564 2112 693 2176 Σαϊτικιίν
714 2112 812 2184 αὐτῶν,
832 2118 871 2193 τῷ
892 2117 921 2175 δὲ

122 2200 290 2275 Μενδήσιον.
332 2201 365 2259 τὰ
384 2201 413 2258 δὲ
432 2200 602 2277 Βολβίτινον
623 2200 717 2276 στόμα
736 2202 781 2260 καὶ
799 2201 832 2261 τδ
851 2209 921 2263 Βου-

123 2288 235 2348 κολικὸν
249 2287 297 2347 ούκ
313 2289 440 2368 ἰθαγενέα
454 2287 583 2365 στόματό
597 2294 666 2358 ε’στι,
681 2289 746 2347 ἀλλ’
761 2289 872 2365 ὀρυκτοί.

79 2379 112 2436 18
163 2377 320 2454 Μαρτυρέει
344 2376 375 2434 δέ
394 2402 443 2452 μοι
463 2381 499 2454 τῇ
521 2375 625 2456 γνώμῃ,
648 2377 691 2435 ὅτι
712 2377 836 2453 τοσαύτη
860 2381 922 2439 ε’στί

122 2465 263 2545 Αἴγυπτος
280 2463 351 2540 όσην
369 2457 432 2523 τινὰ
448 2464 501 2545 ε’γοί
521 2464 700 2541 ἀποδείκνυμι
718 2465 855 2546 τῷλόγῳ,
875 2471 922 2528 καὶ

121 2553 154 2612 τὰ
175 2551 324 2629 Ἀμμωνος
350 2551 523 2630 χρηστήριον
549 2551 707 2632 γενόμενον,
734 2553 767 2613 τὸ
792 2555 845 2633 ε’γοί
871 2561 922 2631 τῆς

93 2692 96 2696 ,
122 2645 257 2717 ε’μεωυτοῦ
270 2639 381 2722 γνιόμης
398 2639 516 2718 ὕστερον
531 2641 596 2717 περὶ
609 2641 752 2720 Αἴγυπτον
768 2642 921 2719 ἐπυθόμην·

123 2733 149 2788 οἱ
161 2729 216 2811 γοίρ
230 2729 264 2805 δή
278 2735 307 2787 ἐκ
322 2732 436 2805 Μαρέης
452 2755 483 2788 τε
498 2728 598 2790 πόλιος
614 2728 770 2792 καίἊπιος
787 2732 922 2796 οἰκέοντες

122 2817 264 2898 Αἰγύπτου
282 2816 318 2876 τιί
337 2817 484 2893 πρόσουρα
504 2815 608 2893 Λιβύη,
629 2816 710 2876 αύτοί
729 2844 761 2877 τε
780 2817 922 2883 δοκέοντες

123 2905 192 2964 εἶναι
211 2907 317 2982 Λίβυες
337 2905 383 2962 καί
404 2903 453 2963 ούκ
473 2904 621 2985 Αἰγύπτιοι
642 2906 688 2963 καὶ
711 2905 863 2984 οἰχθόμενοι
882 2913 920 2986 τῇ

110 2993 177 3067 περί
195 2993 233 3053 το)
251 2993 300 3072 ἱρό
320 2993 453 3073 θρησκίη,
470 2991 640 3071 βουλόμενοι
657 2994 764 3069 θηλέων
783 2996 859 3068 βοῶν
878 2997 919 3071 μη

94 3078 246 3156 ξοχεσθαι,
261 3086 397 3166 ἔπεμψαν
410 3090 440 3150 ἐς
448 3083 594 3164 ’Ἄμμωνα
604 3080 752 3160 φύμενοι“
760 3079 835 3138 οἱιδεν
847 3083 937 3151 σφίσι

80 3185 115 3220 τε
134 3171 190 3229 καί
200 3177 409 3257 Αἰγυπτίοισι
429 3175 530 3238 κοινὸν
551 3173 634 3235 εἶναι·
661 3168 764 3230 οἰκέειν
783 3189 818 3223 τε
832 3163 960 3242 ηὶυῖἷυῑ

66 3253 128 3308 ⁷⁰²5
144 3259 264 3325 Δέλτα
285 3268 344 3329 καὶ
368 3267 428 3332 ούκ
454 3265 641 3345 ὁμολογέειν
663 3258 799 3320 abusum,
817 3243 985 3318 δῡδδωδώ
