2018 3466
117 153 133 198 2
419 156 597 203 ἨΡΟΔΟΤΟΤ
880 154 912 213 [l.

116 229 146 288 δὲ
164 235 192 294 ές
209 232 261 307 τήν
279 234 328 292 νέα
346 234 475 311 οἴχεσθαι
490 233 684 294 ἀποπλέοντας
702 231 743 290 ἐπ’
763 231 914 311 Αἰγύπτου.

84 317 102 375 2
119 315 198 376 Οὕτω
211 321 264 394 μὲν
275 319 348 380 Ἰοῦν
359 324 386 382 ἔς
400 321 542 400 Αἴγυπτον
552 319 701 378 ἀπικέσθαι
712 320 829 397 λέγουσι
844 325 871 376 Π
875 319 915 394 έρ-

116 429 174 473 σαι,
197 405 247 464 οιίκ
267 405 303 470 ώς
320 407 468 482 Ἕλληνες·
497 409 542 464 καὶ
562 411 617 465 τών
638 405 811 480 ἀδικημάτων
832 409 915 464 τοῦτο

116 489 198 566 ἄρξαι
218 496 338 569 πρῶτον·
358 495 430 570 μετά
450 493 479 552 δὲ
498 499 594 562 ταῦτα,
613 493 758 568 Ἑλλήνων
778 493 854 554 τινάς
870 491 916 571 (οὔ

115 578 171 658 γὰρ
181 580 279 659 έχουσι
287 581 411 658 τοῦνομα
421 581 636 662 ἀπηγήσασθαι)
647 581 721 657 φασὶ
731 584 781 655 τῆς
788 580 915 654 Φοινίκης

116 670 145 729 ές
167 667 257 744 Τύρον
277 669 463 748 προσχόντας,
485 668 613 745 ἁρπάσαι
632 672 682 727 τοῦ
706 667 844 742 βασιλέος
863 668 915 742 την

116 753 254 835 θυγατέρα
273 756 420 833 Εὐρώπην·
446 758 556 838 (εἴησαν
579 756 601 815 δ’
626 754 660 814 ἂν
681 754 757 814 οὗτοι
782 757 914 834 Κρῆτες)

114 846 202 902 ταῦτα
221 845 274 919 μέν
292 843 325 920 δὴ
342 845 393 903 ἰσα
408 850 465 920 σφι
484 844 554 920 πρὸς
570 844 620 903 ἴσα
637 843 777 922 γενέσθαι·
798 841 870 917 μετά
885 842 914 900 δὲ

113 933 210 1001 ταῦτα,
222 931 367 1006 Ἕλληνας
388 932 490 995 αἰτίους
504 935 555 1006 τῆς
570 930 697 1006 δευτέρης
717 929 822 1005 ἀδικίης
840 931 914 1010 γενέ-

116 1018 194 1076 σθαι·
212 1018 451 1082 καταπλώσαντας
463 1017 518 1098 γάρ
532 1021 626 1096 μακρῇ
639 1017 684 1092 νηί·
698 1021 725 1078 ές
735 1015 806 1074 Αἰάν
819 1041 850 1074 τε
862 1017 914 1090 τήν

115 1106 246 1184 Κολχίδα
256 1107 302 1164 καὶ
316 1107 361 1166 ε’πὶ
372 1110 464 1166 Φᾶσιν
474 1105 610 1182 ποταμόν,
622 1105 754 1172 ἐνθεῦτεν,
766 1104 885 1179 διαπρηξ
902 1139 913 1150 -

114 1192 213 1266 μένους
226 1194 273 1252 καὶ
287 1193 382 1253 τᾶλλα
396 1199 452 1254 τῶν
466 1194 566 1252 εἵνεκεν
579 1191 706 1260 ἀπίκατο,
721 1190 848 1268 ἁρπάσαι
863 1197 913 1250 τοῦ

114 1280 253 1354 βασιλέος
269 1280 321 1356 τὴν
338 1282 475 1363 θυγατέρα
493 1280 629 1356 Μήδειαν·
650 1281 800 1357 πέμψαντα
819 1279 848 1337 δὲ
863 1279 913 1338 τόν

115 1367 232 1448 Κόλχον
248 1373 275 1433 ές
287 1369 339 1446 τήν
351 1368 478 1429 Ἑλλάδα
488 1367 605 1445 κήρυκα,
619 1368 719 1427 αἰτέειν
731 1392 762 1426 τε
775 1367 850 1429 δίκας
863 1371 910 1442 τῆς

114 1453 242 1538 ἁρπαγῆς
262 1458 309 1517 καὶ
324 1457 464 1518 ἀπαιτέειν
482 1455 535 1533 τὴν
554 1456 700 1537 θυγατέρα·
720 1453 785 1518 τοιίς
801 1455 830 1513 δὲ
845 1456 911 1514 όπο·

115 1544 270 1620 κρίνασθαι,
285 1544 320 1608 ὥς
334 1544 397 1605 οὐδὲ
410 1548 508 1613 ἐκεῖνοι
520 1543 593 1606 Ἰοῦς
609 1547 660 1620 τῆς
672 1541 799 1623 Ἀργείης
812 1541 912 1603 ἔδοσάν

114 1637 171 1705 σφι
178 1631 254 1694 δίκας
261 1637 311 1707 τῆς
319 1632 454 1713 ἁρπαγῆς,
464 1631 526 1690 οὐδὲ
535 1631 571 1692 ὧν
579 1630 657 1691 αὐτοὶ
665 1630 765 1690 δώσειν
772 1631 910 1690 ἐκείνοισι.

83 1718 102 1777 3
117 1719 237 1796 Δευτέρη
256 1720 285 1777 δὲ
303 1720 421 1799 λέγουσι
438 1723 519 1798 γενεῇ
536 1718 607 1795 μετά
625 1723 713 1777 ταῦτα
727 1717 911 1793 Ἀλέξανδρον

113 1803 163 1863 τόν
183 1805 313 1880 Πριάμου
334 1805 474 1881 ἀκηκοότα
492 1809 588 1873 ταῦτα,
609 1805 745 1879 ἐθελῆσαί
764 1807 791 1862 οἰ
811 1809 841 1862 ἐκ
860 1809 911 1878 τῆς

114 1889 253 1954 Ἑλλάδος
263 1892 296 1950 δι’
308 1891 437 1972 ἀρπαγῆς
445 1891 577 1971 γενέσθαι
589 1896 714 1971 γυναῖκα,
727 1890 911 1965 ἐπιστάμενον

114 1977 223 2041 πάντως
236 1978 279 2038 ὅτι
293 1978 325 2037 οὗ
337 1978 419 2038 δώσει
429 1979 514 2040 δίκαςΙ
529 1977 592 2036 οὐδὲ
604 1978 658 2057 γάρ
670 1977 786 2039 ἐκείνους
797 1977 909 2035 διδόναι·

115 2065 185 2124 οὕτω
203 2066 237 2142 δή
253 2065 432 2143 ἁρπάσαντος
450 2064 535 2124 αὐτοῦ
551 2063 675 2140 Ἑλένην,
691 2068 768 2123 τοῖσι
783 2062 910 2140 Ἕλλησι

114 2152 192 2222 δόξαι
220 2158 330 2232 πρῶτον
358 2154 521 2232 πέμψαντας
550 2151 688 2233 ἀγγέλους
714 2151 854 2210 ἀπαιτέειν
879 2177 910 2210 τε

113 2240 230 2318 Ἑλένην
255 2242 301 2299 καὶ
325 2242 400 2304 δίκας
423 2245 474 2318 τῆς
497 2240 625 2322 ἁρπαγῆς
648 2240 756 2298 αἰτέειν·
782 2238 848 2302 τούς
872 2239 909 2309 δὲ,

114 2330 325 2408 προϊσχομένων
345 2329 440 2398 ταῦτα,
462 2328 613 2405 προφέρειν
636 2335 693 2404 σφι
715 2327 839 2402 Μηδείης
857 2330 911 2400 τήν

114 2415 253 2497 ἁρπαγήν·
281 2417 317 2480 ώς
338 2416 370 2476 ου’
391 2416 483 2480 δόντες
504 2414 584 2474 αὐτοὶ
604 2415 681 2477 δίκας
703 2413 765 2474 οὐδὲ
788 2412 910 2476 ἐκδόντες

114 2503 306 2574 ἀπαιτεόντων,
320 2504 475 2580 βουλοίατό
489 2510 545 2580 σφι
557 2501 622 2579 παρ’
636 2501 731 2562 ἄλλων
748 2502 825 2564 δίκας
838 2502 909 2582 γίνε·

81 2593 193 2652 4σθιιι.
234 2593 329 2671 Μέχρι
344 2595 396 2669 μὲν
414 2591 451 2652 ὧν
466 2592 565 2651 τούτου
581 2590 708 2670 ἁρπαγάς
721 2589 824 2666 μούνας
842 2589 910 2650 εἶναι

113 2678 178 2757 παρ’
189 2678 332 2755 ἀλλήλων·
345 2679 380 2739 τό
391 2680 420 2738 δὲ
434 2678 490 2738 ἀπό
504 2678 611 2749 τούτου,
621 2679 765 2752 Ἕλληνας
778 2677 811 2752 δη
825 2677 910 2758 μεγά-

112 2771 168 2831 λως
181 2768 284 2831 αἰτίους
296 2768 437 2848 γενέσθαι·
453 2767 603 2843 προτέρους
615 2766 670 2848 γάρ
682 2764 764 2842 ἄρξαι
778 2765 908 2842 στρατεύ-

114 2857 197 2916 εσθαι
215 2860 242 2919 ε’ς
259 2855 311 2930 τὴν
329 2854 459 2930 Ἀσίηνῆ
475 2855 567 2929 σφέας
584 2858 611 2917 ε’ς
625 2853 677 2929 την
690 2851 835 2930 Εὐρώπην.
875 2854 909 2912 τό

112 2943 165 3018 μέν
184 2967 232 3002 νυν
250 2941 381 3018 ἀρπάζειν
398 2945 528 3022 γυναῖκας
548 2940 654 3017 ἀνδρῶν
673 2939 772 3000 ἀδίκων
789 2941 910 3017 νομίζειν

110 3029 196 3108 ὅογον
205 3028 283 3097 εἰναι,
294 3030 327 3087 τό
337 3031 365 3087 δὲ
377 3028 588 3105 ἁρπασθεισέων
599 3027 724 3103 σπουδήν
734 3029 910 3104 ποιήσασθαι

94 3117 249 3190 τιμωρέειν
275 3113 413 3192 ἀνοήτων,
441 3115 488 3198 [τὸ
518 3116 548 3175 δέ
579 3116 710 3193 μηδεμίαν
739 3114 811 3191 ώρην
839 3117 910 3193 ἔχειν

79 3192 330 3274 αἷοπασθεισέων,
349 3204 539 3289 σωφρόνων]
557 3201 634 3279 δῆλα
651 3201 709 3286 γὰρ
724 3201 762 3275 δὴ
776 3200 832 3267 δτι,
846 3206 872 3256 <a
886 3225 925 3273 w]

68 3277 163 3340 αὐταὶ
179 3291 372 3363 ἐβουλέατο,
390 3294 443 3356 οὐκ
460 3292 497 3356 ἂν
510 3294 689 3371 ἡρπάζοντο.
729 3286 823 3360 σφέας
838 3286 885 3357 μὶν
896 3284 947 3353 &h
