2040 3464
112 111 223 176 ιι-ιο]
442 113 605 162 mmmm.
866 114 912 161 131

112 190 184 248 κλέα
204 187 294 250 ε’όντα·
324 191 370 250 καὶ
393 190 521 251 δοκέουσι
546 192 577 250 δέ
597 216 647 268 μοι
670 187 748 251 οὗτοι
774 189 914 268 ὀρθότατα

106 274 257 352 ΙἙλλήνων
283 279 387 338 ποιέειν
413 279 440 338 οἰ
465 279 526 348 διξοὶ
553 278 708 355 Ἡράκλεια
735 277 914 355 ἱδρυσάμενοι

112 365 247 440 ἔκτηνται,
263 366 363 444 καὶτῷ
377 367 429 442 μὲν
443 366 478 429 ὦς
497 366 624 446 ἀθανάτῳ
636 367 785 445 Ὀλυμπίῳ
797 367 826 425 δὲ
845 373 913 425 ε’πω-

112 452 212 528 νυμίην
223 451 330 522 θύουσι,
344 458 383 532 τῷ
396 454 425 513 δὲ
439 456 520 533 ἑτέρῳ
532 455 567 517 ὦς
579 454 648 531 ἥρωϊ
661 456 828 535 ἐναγίζουσι.
859 455 910 514 Λέ-
919 456 958 514 45

111 564 197 618 γουσι
209 540 240 599 δὲ
252 540 350 600 πολλοὶ
360 542 406 599 καί
419 541 496 600 ἀλλα
509 541 716 605 ἀνεπισκέπτως
730 542 912 618 οἶἜλληνες·

112 625 215 704 εύηθης
232 627 262 687 δὲ
276 628 366 688 αύτῶν
379 631 426 688 καὶ
442 629 489 688 ὅδε
505 629 521 689 ὁ
537 631 627 705 μῦθός
646 636 706 689 ε’στι
719 631 768 691 τόν
780 631 844 707 περὶ
861 633 912 690 τοῦ

111 713 268 791 Ἡρακλέος
276 717 403 797 λέγουσι·
418 717 453 781 ὦς
464 716 547 797 αύτόν
557 716 724 794 ἀπικόμενον
735 723 762 781 ές
769 720 912 798 Αἴγυπτον

111 803 266 880 στέψαντες
282 807 308 862 οἰ
324 804 481 884 Αἰγύπτιοι,
494 803 550 864 ύπὸ
565 810 681 881 πομπῆς
698 805 797 886 ἐξῆγον
815 805 850 868 ὥς
866 805 911 865 θύ·

112 914 211 954 σοντες
225 895 264 970 τῷ
279 892 336 950 Διί·
357 892 408 952 τόν
420 892 450 951 δὲ
465 892 532 956 τέως
547 895 598 969 μέν
611 893 733 972 ἡσυχίην
750 895 830 972 ἔχεὶν·
852 894 912 952 ε’πεί

112 977 143 1037 δὲ
158 977 242 1038 αὐτοῦ
255 980 325 1056 πρός
343 983 382 1058 τῷ
396 982 485 1059 βωμῷ
499 980 679 1060 κατάρχοντο,
694 987 721 1044 ές
739 980 829 1056 ἀλκήν
847 1007 911 1057 τρα-

112 1065 234 1142 πόμενον
246 1067 353 1130 πάντας
366 1069 459 1144 σφέας
473 1072 691 1144 καταφονεῦσαι.
724 1070 785 1145 ε’μοί
798 1070 850 1144 μέν
863 1095 911 1128 νυν

112 1152 249 1226 δοκέουσι,
262 1159 350 1215 ταῦτα
363 1157 500 1237 λέγοντες,
513 1161 563 1232 τῆς
577 1158 735 1236 Αἰγυπτίων
748 1156 851 1232 φύσιος
865 1157 911 1215 καὶ

111 1246 166 1301 τῶν
179 1242 271 1319 νόμων
283 1242 402 1320 πάμπαν
415 1242 533 1321 ἀπείρως
546 1246 618 1322 ἔχειν
631 1248 658 1303 οἰ
668 1244 816 1314 Ἕλληνες·
835 1248 911 1303 τοῖσι

112 1329 166 1409 γάρ
187 1329 250 1390 ούδὲ
271 1331 371 1406 κτήνεα
392 1331 458 1407 ὁσίη
480 1331 554 1391 θύειν
576 1333 645 1401 ε’στί,
666 1332 750 1410 χωρὶς
772 1331 843 1402 ἀίων,
865 1333 910 1390 καὶ

113 1418 231 1494 ἐρσένων
244 1420 322 1493 βοῶν
336 1420 382 1477 καὶ
395 1418 512 1497 μόσχων
526 1418 590 1478 ὅσοι
603 1418 637 1478 άν
651 1419 766 1495 καθαροὶ
781 1420 912 1487 ἔωσι,καί

111 1510 211 1584 χηνῶν,
230 1510 282 1570 κῶς
299 1505 333 1566 ἂν
351 1505 429 1567 οὗτοι
446 1506 607 1582 ἀνθρώπους
625 1506 733 1577 θύοιεν;
756 1509 794 1565 ἔτι
831 1509 843 1564 ὲ
864 1507 912 1566 ἕνα

113 1593 193 1653 ε’όντα
209 1594 259 1654 τόν
275 1594 419 1672 Ἠρακλέα
436 1595 481 1653 καὶ
498 1595 537 1653 ἔτι
553 1593 706 1671 ἄνθρωπον,
722 1594 757 1658 ὦς
774 1593 809 1670 δή
828 1601 910 1670 φασι,

113 1684 166 1743 κῶς
180 1682 268 1758 φύσιν
282 1683 339 1761 ἔχει
351 1683 462 1745 πολλάς
475 1682 609 1759 μυριάδας
620 1687 773 1754 φονεῦσαι;
792 1684 912 1760 καὶπερὶ

112 1772 164 1845 μὲν
176 1770 279 1830 τούτων
289 1774 415 1830 τοσαῦτα
428 1770 496 1845 ἡμῖν
506 1774 616 1830 εἰποῦσι
631 1772 676 1830 καὶ
689 1771 765 1848 παρά
778 1775 832 1831 τῶν
843 1773 912 1832 θεῶν

113 1858 159 1915 καί
172 1858 248 1934 παρά
260 1863 315 1918 τῶν
327 1858 423 1934 ήμάων
438 1856 561 1933 εὐμένεια
575 1859 625 1933 εἰη.
840 1868 842 1872 ’

153 1945 208 2008 Τάς
222 1946 251 2005 δὲ
265 1946 298 2022 δη
312 1947 394 2025 αἶγας
408 1946 453 2003 καὶ
465 1946 529 2008 τούς
542 1946 662 2027 τράγους
675 1946 760 2004 τῶνδε
775 1947 863 2006 εἵνεκα
878 1945 910 2006 ού
919 1948 956 2006 46

112 2032 212 2093 θύουσι
225 2036 383 2113 Αἰγυπτίων
397 2037 424 2091 οἱ
438 2034 584 2110 εἰρημένοι.
614 2034 664 2094 τόν
678 2039 761 2093 Πᾶνα
773 2039 827 2095 τῶν
840 2034 911 2094 ἀκτοί

111 2122 183 2181 θεῶν
202 2122 362 2203 λογίζονται
383 2120 452 2180 εἰναι
472 2124 499 2180 οἰ
519 2121 684 2196 Μενδήσιοι·
704 2121 768 2185 τούς
789 2123 819 2181 δὲ
839 2122 910 2182 ἀκτά

112 2208 192 2272 θεούς
214 2209 328 2273 τούτους
352 2209 502 2286 προτέρους
524 2213 579 2269 τῶν
603 2209 722 2268 δυώδεκα
745 2211 814 2270 θὲῶν
836 2219 911 2287 φασι

111 2298 253 2377 γενέσθαι.
281 2297 428 2378 γράφουσί
435 2323 466 2355 τε
476 2297 510 2372 δή
520 2299 564 2355 καί
575 2298 720 2378 γλύφουσι
731 2302 757 2356 οἱ
768 2299 908 2379 ζωγράφοι

112 2385 159 2443 καί
173 2390 199 2445 οἱ
212 2385 437 2466 ἀγαλματοποιοὶ
453 2389 503 2444 τοῦ
520 2384 615 2447 Πανός
628 2385 773 2465 τῶγαλμα,
788 2386 910 2463 κατάπερ

109 2472 255 2549 Ἕλληνες,
279 2473 495 2555 αἰγοπρόσωπον
522 2474 568 2533 καὶ
593 2476 796 2554 τραγοσκελέα·
825 2474 857 2534 ού
882 2501 911 2534 τι

110 2566 238 2622 τοιοῦτον
251 2563 408 2638 νομίζοντες
422 2561 493 2621 εἰναί
508 2587 565 2638 μιν,
579 2561 644 2620 ἀλλ’
659 2561 757 2638 ὁμοῖον
771 2566 847 2621 τοῖσι
861 2561 910 2621 ἀλ-

111 2654 192 2709 λοισι
202 2651 302 2710 θεοῖσι·
317 2648 379 2709 ὅτευ
390 2650 419 2709 δὲ
431 2649 519 2709 εἵνεκα
527 2653 653 2708 τοιοῦτον
662 2649 806 2729 γράφουσι
817 2649 908 2721 αὐτόν,

112 2737 145 2797 ού
157 2763 207 2814 μοι
222 2737 300 2813 ἥδιόν
319 2743 380 2796 ἔστι
398 2738 499 2818 λέγειν·
522 2739 657 2812 σέβονται
677 2737 706 2795 δὲ
724 2737 829 2800 πάντας
846 2739 911 2801 τούς

112 2826 194 2906 αἶγας
213 2829 240 2885 οἱ
260 2823 424 2900 Μενδήσιοι,
441 2826 487 2883 καὶ
507 2828 620 2900 μᾶλλον
639 2825 704 2888 τούς
725 2826 837 2901 ἔρσενας
856 2831 911 2886 τῶν

113 2914 229 2989 θηλέων·
244 2913 290 2971 καί
302 2912 405 2972 τούτων
416 2915 443 2971 οἱ
456 2912 569 2971 αἰπόλοι
582 2912 665 2988 τιμάς
677 2913 792 2988 μέζονας
806 2915 910 2992 έχουσι,

113 3006 142 3059 ἐκ
157 3001 186 3059 δὲ
199 2999 303 3060 τούτων
316 2999 355 3063 εἰς
365 2999 505 3079 μάλιστα,
516 2999 596 3066 ὅστις
609 3000 695 3062 έπεδν
710 2999 929 3079 ἀποδάνη,πἐυ-

102 3089 152 3148 θος
160 3089 238 3168 μέγα
251 3090 337 3150 παντί
351 3095 391 3172 τῷ
406 3092 568 3177 Μενδησίῳ
576 3097 659 3174 νομεῖ)
667 3093 792 3154 τίθεται·
817 3085 965 3185 καλέετακ.

89 3171 154 3230 ὃὲὅ
164 3200 198 3232 ⁷⁶
213 3176 324 3258 ψόγος
342 3183 391 3243 καὶ
411 3183 430 3247 ὁ
450 3185 526 3248 Πάν
544 3177 894 3270 Αἰγυπτιστλλλένδης
917 3173 987 3244 ’Ψ

76 3279 143 3316 mo
160 3259 189 3318 δ’
203 3267 237 3323 ἐν
253 3271 295 3348 τῷ
314 3278 402 3358 νομῷ
421 3276 525 3364 τούτῳ
548 3277 602 3342 32?-
619 3276 700 3360 ἐμεῦ
725 3275 828 3336 who
845 3263 885 3324 τῖς
902 3253 1011 3326 πἰυας·
