2040 3464
81 105 189 169 οι-ιι]
415 109 549 158 omma,
832 111 882 159 ιιι

79 212 111 246 τε
124 191 210 258 ιικῦν,
226 192 253 250 ἐς
266 188 349 265 ἐχθεα
362 187 475 268 μεγάλα
488 187 645 262 α’λλήλοισι
661 187 838 249 ἀπικνέονται
851 189 884 258 ἐξ

79 271 118 334 ὧν
131 273 247 337 στάσιες
261 276 423 355 ἐγγίνονται,
439 281 468 334 ἐκ
488 275 517 334 δὲ
530 281 585 335 τῶν
598 276 724 335 στασίων
742 275 837 350 φόνος,
851 281 883 336 ἐκ

79 361 111 420 δὲ
129 365 179 419 τοῦ
201 361 290 436 φόνου
310 362 405 438 α’πέβη
427 368 455 425 ἐς
474 363 654 441 μουναρχίην·
680 364 726 421 καὶ
746 368 776 422 ἐν
794 363 882 444 τούτῳ

79 448 181 518 διέδεξε
201 449 260 527 ὅσῳ
281 451 343 509 ἐστὶ
362 455 445 510 τοῦτο
466 449 592 525 άριστον.
634 449 723 526 δήμου
736 450 817 510 τεοῦ
835 449 881 528 ἄρ·

79 562 187 615 χοντος,
204 537 325 598 ἀδύνατα
341 538 381 614 μή
399 537 431 597 ού
448 538 587 613 κακότητα
601 541 770 619 ἐγγίνεσθαι·
801 539 881 599 κακό-

79 650 162 699 τητος
175 626 267 686 τοίνυν
280 627 458 705 ἐγγινομένης
478 632 505 688 ἐς
518 625 554 685 τοὶ
569 626 655 696 κοινοὶ,
671 627 755 705 ἔχθεα
767 629 819 702 μὲν
833 626 883 688 ούκ

80 713 219 792 ἐγγίνεται
238 718 320 778 τοῖσι,
336 718 448 773 κακοῖσι
468 715 563 789 φιλίαι
583 714 612 772 δέ
634 715 756 792 ἰσχυραί·
780 718 807 773 οἱ
826 715 882 795 γάρ

79 806 228 864 κακοῦντες
244 801 281 861 τοὶ
299 801 378 861 κοινοὶ
396 801 588 882 συγκύψαντες
606 807 727 861 ποιεῦσι·
747 806 831 861 τοῦτο
851 803 882 862 δὲ

78 893 191 948 τοιοῦτο
204 891 317 969 γίνεται,
333 895 360 952 ἐς
373 889 389 948 ὃ
403 887 437 948 ἂν
452 888 579 965 προστάς
591 915 633 953 τις
650 894 701 950 τοῦ
715 888 805 966 δήμου
817 889 882 954 τοῦς

79 976 221 1039 τοιούτους
234 976 340 1055 παύση·
362 982 392 1036 ἐκ
413 977 443 1035 δὲ
461 976 549 1036 αὐτῶν
566 977 736 1054 θαυμάζεται
753 976 833 1041 οὗτος
846 978 880 1055 δη

78 1063 135 1122 ῦπό
158 1069 209 1123 τοῦ
233 1064 331 1141 δήμου·
367 1065 577 1141 θωυμαζόμενος
601 1065 638 1135 δὲ,
663 1064 704 1125 ἀν’
729 1064 766 1124 ὧν
789 1066 879 1142 ἐφάνη

78 1150 237 1230 μούναρχος
251 1151 310 1211 ἐάν·
332 1152 378 1210 καὶ
395 1157 424 1212 ἐν
439 1152 527 1231 τούτῳ
544 1152 627 1227 δηλοῖ
642 1153 688 1211 καὶ
706 1151 786 1215 οὗτος
804 1153 840 1216 (ῦς
859 1154 880 1229 ἤ

79 1241 235 1319 μουναρχίη
263 1239 421 1316 κράτιστον.
464 1241 504 1300 ἑνὶ
530 1241 560 1299 δὲ
587 1240 646 1298 ἔπεϊ
668 1239 760 1299 πάντα
781 1245 888 1299 συλλα·

79 1326 171 1402 βόντα
190 1331 284 1398 εἰπεῖν,
307 1328 388 1388 κόθεν
403 1328 471 1404 ύμῖν
491 1327 510 1403 ἦ
529 1328 671 1405 ἐλευθερίη
688 1328 813 1408 ἐγένετο;
835 1329 882 1387 καὶ

79 1419 128 1473 τεῦ
148 1414 260 1484 δόντος;
296 1416 395 1492 κότερα
415 1415 492 1491 παροὶ
512 1413 648 1491 δήμου,·ἢ
670 1414 842 1496 ὀλιγαρχίης,
863 1415 882 1492 ἢ

79 1503 257 1580 μουνάρχου;
293 1505 347 1582 ἔχω
366 1505 458 1562 τοίνυν
480 1503 601 1583 γνώμην,
621 1502 710 1578 ἡμέας
737 1504 883 1580 ἐλευθερω-

81 1590 179 1651 θέντας
189 1591 234 1648 διά
248 1591 295 1649 ἕνα
308 1591 402 1666 ἄνδρα,
412 1590 444 1649 τό
458 1594 567 1648 τοιοῦτο
580 1591 785 1666 περιστέλλειν·
799 1593 883 1669 χωρίς

79 1703 112 1737 τε
126 1677 233 1748 τούτου,
248 1680 381 1754 πατρίους
398 1678 497 1755 νόμους
512 1677 552 1753 μη
567 1677 643 1737 λύειν
661 1678 776 1758 ἔχοντας
790 1678 829 1738 εὗ·
850 1679 882 1740 ού

80 1765 136 1845 γιὶρ
151 1765 288 1841 άμεινον.”

123 1858 235 1930 Γνῦμαι
248 1857 300 1930 μὲν
313 1854 346 1930 ὃν)
362 1858 436 1931 τρεῖς
455 1852 536 1914 αὗται
554 1854 715 1932 προεκέατο·
737 1857 764 1914 οἱ
777 1855 807 1914 δὲ
819 1854 881 1915 τέσ-
892 1858 930 1917 83

82 1966 165 2018 σερες
185 1947 239 2000 τῶν
260 1943 329 2002 ἑπτοῖ
350 1943 454 2018 ἀνδρῶν
474 1945 646 2019 προσέθεντο
666 1943 762 2023 ταύτῃ.
804 1943 840 2005 οἷς
852 1945 883 2004 δέ

82 2029 195 2105 ἑσσώθη
222 2033 258 2108 τῇ
280 2030 376 2110 γνώμη
399 2030 415 2089 ὁ
438 2030 557 2106 Ὀτάνης
580 2033 713 2109 Πέρσησι
738 2033 883 2107 ἰσονομίην

81 2117 209 2176 σπεύδων
236 2122 363 2192 ποιῆσαι,
392 2119 468 2187 ἔλεξε
496 2124 523 2181 ἐς
549 2120 639 2195 μέσον
670 2118 781 2178 αύτοῖσι
807 2118 885 2178 τάδε·

83 2203 202 2281 ’(ἅνδρες
215 2209 378 2274 στασιῶται,
393 2205 466 2281 δῆλα
478 2206 534 2285 γάρ
548 2206 582 2282 δή
601 2206 644 2266 ὅτι
661 2207 703 2266 δεῖ
716 2208 763 2265 ἕνα
775 2208 810 2287 γέ
821 2233 883 2266 τινα

82 2291 173 2367 ἡμέων
186 2294 314 2368 βασιλέα
326 2294 467 2374 γενέσθαι,
481 2293 543 2368 ἤτοι
560 2294 653 2372 κλήρῳ
666 2321 700 2374 γε
716 2294 850 2372 λαχόντα,
864 2294 883 2370 ἢ

83 2381 287 2459 ἐπιτρεψάντων
312 2385 351 2459 τῷ
377 2382 511 2458 Περσέων
537 2381 641 2456 πλήθεϊ
660 2382 709 2440 τόν
730 2379 765 2440 ἂν
786 2386 884 2441 ἐκεῖνοι

83 2468 208 2538 ἕλωνται,
221 2467 239 2544 ἢ
253 2469 328 2546 άλλη
342 2469 395 2528 τινὶ
408 2473 530 2547 μηχανῇ·
553 2469 605 2547 ἐγο)
624 2469 676 2544 μέν
694 2494 742 2528 νυν
754 2468 819 2544 ύμῖν
833 2468 883 2528 ούκ

84 2560 288 2636 ἐναγωνιεῦμαι·
310 2555 373 2614 οὔτε
383 2556 437 2635 γὰρ
452 2555 547 2634 ἄρχειν
558 2555 620 2614 ούτε
635 2553 774 2635 ἄρχεσθαι
787 2557 874 2619 ἐθέλω

82 2644 129 2701 ἐπὶ
150 2644 237 2722 τούτῳ
275 2646 288 2703 ὲ
307 2643 495 2721 ύπεξίσταμαι
515 2646 566 2718 τῆς
585 2642 682 2722 ἀρχῆς,
698 2641 774 2721 ἐπ’ᾧ
794 2670 824 2703 τε
837 2644 884 2703 ὑπ’

83 2731 192 2795 οὐδενός
208 2732 298 2808 ύμέων
315 2731 442 2808 ἄρξομαι,
457 2730 519 2789 οὔτε
538 2731 620 2794 αύτός
639 2731 692 2812 ἐγω
713 2729 776 2790 οῦτε
790 2734 817 2790 οἱ
837 2732 885 2791 ἀπ’

84 2822 150 2895 ἐμεῦ
176 2820 229 2878 αἰεὶ
252 2819 416 2901 γινόμενοι.”
456 2819 556 2878 τούτου
581 2822 708 2884 εἴπαντος
730 2824 826 2890 ταῦτα,
848 2819 884 2883 οἷς

83 2907 255 2986 συνεχώρεον
276 2911 303 2966 οἱ
324 2907 354 2976 ἐξ
374 2907 420 2966 ἐπὶ
439 2906 573 2977 τούτοισι,
602 2904 682 2969 οὗτος
701 2910 753 2984 μὲν
773 2906 807 2982 δή
827 2913 884 2982 σφι

83 2995 135 3054 οῦκ
154 2997 329 3076 ἐνηγωνίζετο
350 2994 415 3053 ἀλλ’
434 2999 465 3053 ἐκ
483 2999 533 3053 τοῦ
551 2995 642 3070 μέσου
663 2996 796 3069 καθῆστο.
839 2996 885 3053 καὶ

84 3087 133 3143 νῦν
154 3084 221 3159 αὕτη
243 3083 261 3158 ἡ
283 3084 354 3158 οἰκίη
375 3083 510 3142 διατελέει
536 3084 625 3159 μούνη
646 3083 777 3160 ἐλευθέρη
798 3086 886 3142 ἐοῦσα

84 3172 227 3247 Περσέων,
254 3172 302 3231 καὶ
329 3171 447 3252 ἄρχεται
472 3176 604 3233 τοσαῦτα
628 3171 692 3232 ἷκτο.
716 3169 793 3244 αῦτῆ
816 3170 944 3263 &QX

78 3258 179 3334 νόμους
207 3257 259 3320 ούκ
287 3259 515 3341 ύπερβαίνουσα
539 3263 610 3326 τοῦς
631 3259 795 3339 Περσέων.
836 3252 884 3305 QX
898 3241 1001 3300 ὶιὶλι
