2040 3464
91 107 231 173 αυτ-ιιι]
442 108 576 159 emm.
843 112 892 160 τοι

89 188 175 266 ὁρέων
189 189 220 248 δέ
234 194 327 259 σφεας
343 187 380 248 τά
393 214 425 248 τε
440 189 548 265 βιβλία
566 185 741 262 σεβομένους
753 189 891 268 μεγάλως,

88 277 135 334 καὶ
152 276 189 335 τὰ
204 275 344 357 λεγόμενα
363 281 393 335 ἐκ
410 280 466 336 τῶν
481 277 607 352 βιβλίων
623 273 662 352 ἔτι
679 273 807 349 μεζόνως,
821 276 894 337 διδοῖ

88 362 164 422 α”λλο
182 369 211 424 ἐν
226 367 265 442 τῷ
281 367 346 438 ε’νῆν
363 364 430 422 ἔπεα
447 363 522 423 τάδε·
544 362 591 421 “ὦ
616 360 734 436 Πέρσαι,
750 364 892 439 βασιλείς

89 450 240 527 Δαρεῖος’
223 449 391 530 απαγορειίει
406 451 472 553 υμῖν
487 476 527 527 μη
519 450 741 528 δορυφορέειν’
743 451 890 527 Οροίτεα·”

88 542 115 597 οἱ
139 539 168 597 δὲ
191 536 361 600 α’κοόσαντες
380 538 484 597 τούτων
506 538 629 615 μετηκάν
652 542 680 598 οἱ
701 539 752 603 τάς
771 542 884 619 αἰχμάς·

88 625 152 685 ἰδών
165 627 195 685 δὲ
207 630 290 686 τοῦτο
283 625 426 701 Ησφεας
410 654 425 684 ο
440 630 562 706 Βαγαῖος
575 625 754 702 πειθομένους
766 654 804 706 τῳ
790 630 887 705 βιβ-

87 715 149 792 λίῳ,
159 715 277 774 ἐνθαῦτα
286 714 320 789 δή
331 712 478 790 θαρσήσας
488 713 522 772 τό
531 718 692 774 τελευταῖον
698 719 754 775 τῶν
763 717 890 792 βιβλίων

88 802 161 861 διδοῖ
171 807 209 880 τῷ
223 806 431 882 γραμματιστῇ,
447 805 527 878 ἐντῷ
540 802 705 882 ἐγέγραπτο·
721 810 740 838 “
749 804 890 868 Βασιλεδς

87 894 207 966 Δαρεῖος
221 891 357 967 Πέρσῃσι
372 893 449 949 τοῖσι
466 893 496 947 ἐν
512 887 631 965 Σάρδισι
647 890 806 996 ἐγτέλλεται
820 894 889 952 κτεί-

87 1003 144 1037 νειν
156 976 310 1053 Ὀροίτεα.”
345 977 403 1036 οἶδ
406 976 623 1053 δορυφόροι
603 1003 638 1040 ως
650 976 776 1052 ἥκουσαν
791 983 887 1054 ταῦτα,

88 1066 268 1141 σπασάμενοι
280 1091 345 1127 τους
359 1063 503 1126 οἷκινάκεας
514 1089 651 1123 κτεινουσι
660 1067 817 1142 παραυτίκα
829 1094 888 1144 μιν.

89 1154 159 1212 οὕτω
185 1154 218 1228 δή
236 1153 370 1229 ,Ὀροίτεα
396 1151 446 1212 τόν
473 1152 589 1229 Πέρσην
616 1153 814 1229 Πολυκράτεος
835 1158 889 1215 τοιῖ

89 1242 197 1316 Σαμίου
209 1241 297 1305 τίσιες
310 1240 462 1317 μετῆλθον.

128 1329 316 1406 Ἀπικομένων
326 1328 355 1387 δὲ
366 1329 412 1386 καὶ
422 1327 662 1404 ἀνακομισθέντων
673 1331 728 1387 τών
737 1327 869 1404 Ὀροίτεω
878 1331 934 1390 129

88 1416 237 1495 χρημάτων
254 1423 281 1479 ἐς
296 1416 332 1476 τοὶ
354 1417 459 1486 Σοῦσα,
476 1415 619 1491 συνήνεικε
634 1414 774 1493 χρόνῳοῦ
791 1421 889 1497 πολλῷ

88 1505 206 1583 ὕστερον
226 1505 354 1581 βασιλέα
371 1508 492 1581 Δαρεῖον
513 1509 542 1563 ἐν
558 1502 631 1583 άγρη
653 1505 743 1580 θηρῶν
763 1504 889 1582 άποθρώ·

88 1618 194 1652 σκοντα
207 1592 262 1653 οἶπὸ
279 1593 364 1652 ἵππου
378 1596 541 1668 στραφῆναι
553 1591 602 1650 τόν
614 1590 697 1650 πόδα·
719 1593 767 1650 καί
780 1619 832 1655 κως
846 1598 887 1653 ἰσ-

88 1683 241 1760 χυροτέρως
255 1680 393 1758 ἐστράφη·
411 1680 426 1739 ὁ
439 1679 493 1761 γάρ
505 1683 532 1738 οἱ
542 1678 722 1759 α’στράγαλος
733 1680 888 1758 ἐξεχώρησε

88 1775 119 1827 ἐκ
131 1774 185 1828 τῶν
196 1768 313 1846 ἄρθρων.
342 1768 460 1845 νομίζων
471 1768 500 1826 δὲ
514 1767 560 1825 καὶ
569 1766 705 1843 πρότερον
715 1768 777 1842 περὶ
789 1769 889 1829 ἑωυτόν

89 1858 161 1934 ἔχειν
177 1857 335 1938 Αἰγυπτίων
355 1855 419 1918 τούς
441 1855 585 1916 δοκέοντας
602 1853 672 1913 εἶναι
693 1856 818 1931 πρώτους
836 1856 888 1932 τήν

90 1944 221 2021 ἰητρικὴν,
238 1944 364 2003 τούτοισι
385 1946 496 2022 ἐχρῆτο·
518 1946 545 2001 οἱ
565 1943 595 2001 δέ
615 1944 821 2018 στρεβλοῦντες
841 1946 888 2003 καὶ

87 2033 222 2109 βιώμενοι
235 2033 285 2091 τόν
298 2031 379 2100 πόδα,
394 2031 479 2090 κακόν
491 2031 576 2106 μέζον
590 2030 748 2110 ἐργάζοντο·
766 2030 807 2090 ἐπ’
818 2031 888 2091 ἑπτά

87 2123 139 2196 μὲν
158 2120 192 2196 δὴ
207 2119 313 2197 ἡμέρας
332 2121 378 2178 καὶ
397 2117 466 2177 ἑπτά
484 2118 582 2181 νύκτας
598 2117 652 2177 ὑπό
668 2123 718 2177 τοῦ
736 2120 888 2196 παρεόντος

88 2213 174 2267 κακοΰ
188 2207 204 2267 ό
219 2213 337 2285 Δαρεῖος
353 2206 524 2287 όγρυπνίησι
538 2207 637 2284 εἴχετο·
658 2210 693 2285 τῇ
707 2207 736 2264 δὲ
752 2207 785 2282 δὴ
800 2206 886 2288 ὀγδόῃ

87 2297 177 2374 η’μέρη
200 2297 294 2375 ἐχοντί
313 2299 340 2355 οἱ
362 2294 502 2370 φλαύρως,
525 2294 570 2352 οἶα
592 2294 625 2368 δή
646 2295 827 2370 παρακούσας
846 2322 888 2359 τις

87 2385 223 2461 πρότερον
237 2386 276 2442 ἐτι
293 2389 322 2443 ἐν
339 2382 458 2459 Σάρδισι
475 2386 525 2441 τοῦ
542 2380 738 2458 Κροτωνιήτεω
756 2382 887 2458 Δημοκή-

87 2474 149 2535 δεος
164 2473 216 2548 τὴν
229 2474 337 2550 τέχνην,
353 2471 523 2552 ἐσαγγέλλει
537 2473 575 2547 τῷ
590 2469 707 2547 Δαρείῳ·
729 2468 744 2528 ό
761 2469 791 2527 δὲ
808 2469 886 2550 ἄγειν

87 2586 136 2637 μιν
151 2561 203 2636 την
222 2562 361 2638 ταχίστην
378 2557 443 2635 παρ’
457 2556 557 2616 ἑωυτόν
574 2557 713 2616 ἐκέλευσε.
746 2556 795 2616 τόν
809 2557 838 2616 δὲ
852 2557 887 2621 ώς

87 2649 197 2724 ἐξεῦρον
220 2654 249 2707 ἐν
272 2652 349 2707 τοῖσι
375 2645 507 2723 Ὀροίτεω
533 2643 733 2721 ἀνδραπόδοισι
760 2643 825 2703 ὅκου
853 2646 888 2721 δή

85 2735 312 2814 ἀπημελημένον,
326 2739 454 2814 παρῆγον
473 2739 500 2796 ἐς
516 2733 607 2808 μέσον
619 2732 704 2794 πέδας
716 2757 747 2791 τε
761 2732 886 2804 ἕλκοντα,

86 2825 132 2882 καὶ
148 2825 247 2902 ῥάκεσι
266 2823 431 2899 ἐσθημένον.
466 2820 608 2885 Σταθέντα
626 2819 656 2878 δὲ
674 2825 702 2882 ἐς
718 2821 932 2896 picem-130

85 2913 161 2990 ρώτα
181 2913 196 2972 ὁ
219 2916 338 2988 Δαρεῖος
355 2910 407 2985 τὴν
422 2910 523 2987 τέχνην
542 2913 566 2968 εἰ
581 2908 736 2967 ἐπίσταιτο·
757 2908 773 2968 ό
794 2908 817 2966 δ’
836 2907 886 2968 οὐκ

84 3002 241 3070 ὑπεδέκετο,
256 2999 397 3077 οἷρρωδέων
406 2997 446 3075 μὴ
461 2995 560 3056 ἑωυτόν
574 2996 696 3075 ἐκφῄνας
708 2996 741 3056 τό
755 2996 888 3071 παράπαν

83 3094 136 3166 τῆς
161 3087 385 3166 Ελλάδοςῇ
369 3085 601 3194 απεστερημένος
633 3084 775 3162 κατεφάνη
797 3086 888 3144 δὲ
848 3112 888 3160 τῳ

86 3177 196 3257 Δαρείῳ
209 3175 387 3255 τεχνάζειν,’
375 3175 573 3255 επιστάμενος·
597 3201 647 3234 και
656 3199 728 3235 τους
747 3170 917 3248 ἐιχαχῖιντως

78 3264 165 3326 ου’τδν
180 3267 318 3327 ἐκέλευσε
339 3267 491 3349 μάστιγάς
506 3292 542 3329 τε
564 3292 613 3326 και
629 3264 739 3339 κέντρα
749 3249 942 3330 mwfflffi
