2040 3464
154 108 200 154 ιιι
462 106 643 154 Ἥνοιοπου
901 104 951 168 [11.

151 183 273 263 γνπτίων
286 186 312 242 οἶ
327 184 418 260 ἔνερθε
430 187 480 259 τῆς
497 184 597 260 λίμνης
613 187 663 258 τῆς
681 183 800 258 Μοίριος
817 183 952 247 οἰκέοντες

151 269 187 328 τά
198 297 229 329 τε
240 270 316 328 ἅλλα
329 271 417 348 χωρία
429 272 474 328 καὶ
486 270 519 330 τό
533 269 701 345 καλεόμενον
715 270 819 340 Δέλτα,
833 267 868 345 ἢν
881 269 953 331 οὕτω

150 356 169 432 ἦ
179 356 256 435 χάρη
266 357 335 432 αὕτη
346 358 416 416 κατά
425 357 513 437 λόγον
521 357 630 436 ἐπιδιδῷ
640 363 666 419 ἐς
676 356 745 434 ὕψος
756 357 802 415 καὶ
811 357 844 417 τὸ
854 356 952 434 ὁμοῖον

151 444 272 523 οἷποδιδῷ
293 449 321 507 ἐς
343 443 470 520 αὔξησιν,
491 444 530 521 μή
551 443 771 514 κατακλύζοντος
790 443 878 520 αὐτήν
900 450 951 506 τοῦ
988 500 991 506 .

150 533 265 603 Νείλου,
279 533 429 592 πείσεσθαι
447 533 497 592 τόν
509 531 601 592 πάντα
620 531 722 611 χρόνον
734 531 784 591 τὸν
805 534 952 595 ἐπίλοιπον

152 619 299 700 Αἰγύπτιοι
308 619 341 679 τό
356 646 418 679 κοτε
429 619 507 680 αὐτοὶ
515 619 659 695 Ἕλληνας
670 620 780 695 ἔφασαν
790 621 952 681 πείσεσθαι·

150 707 302 785 πυθόμενοι
314 708 368 788 γάρ
383 707 418 770 ὦς
429 706 506 767 ὕεται
519 712 601 766 πᾶσα
612 707 631 783 ἦ
641 707 718 785 χάρη
731 712 786 767 τῶν
797 705 951 783 Ἑλλήνωις
985 724 988 729 ’

149 795 217 855 ἀλλ’
231 795 263 854 οὐ
277 797 431 872 ποταμοῖσι
444 795 554 870 ἄρδεται
568 794 690 872 κατάπερ
703 795 722 870 ή
737 796 870 871 σφετέρη,
886 797 952 872 ἐφα-

151 910 207 944 σαν
227 883 396 958 “Ἕλληνας
414 884 586 960 ψευσθέντας
607 886 669 942 κοτὲ
691 883 804 946 ἐλπίδος
826 883 953 964 μεγάλης

152 976 240 1034 κακῶς
259 969 427 1045 πεινήσειν-”
454 969 487 1030 τά
509 971 539 1028 δὲ
562 972 626 1032 ἔπος
639 975 722 1029 τοῦτο
739 971 830 1030 ἐθέλει
849 972 951 1052 λέγειν,

151 1059 187 1122 ὦς
207 1063 257 1118 ίἐἰ
278 1058 318 1135 μή
338 1057 468 1132 ἐθελήσει
495 1066 551 1133 σφι
572 1058 628 1117 ὕειν
649 1058 665 1116 ό
686 1058 747 1120 θεός
767 1056 833 1116 ἀλλ’
855 1058 952 1139 αὐχμῷ

151 1147 329 1225 διαχρᾶσθαι,
343 1150 416 1223 λιμῷ
430 1149 456 1204 οἱ
467 1144 606 1221 Ἕλληνες
623 1145 828 1221 αἱρεθήσονται·
850 1146 883 1205 οὐ
895 1147 952 1227 γάρ

151 1234 185 1310 δή
207 1247 262 1311 σφι
285 1239 346 1294 ἐστι
366 1234 464 1296 ὕδατος
487 1233 600 1310 οὐδεμία
617 1232 694 1308 ἄλλη
716 1233 895 1309 ἀποστροφή,
909 1233 952 1296 ὅτι

150 1323 190 1402 μή
205 1329 234 1382 ἐκ
247 1328 297 1382 τοῦ
312 1322 379 1385 Διός
388 1321 516 1398 μοῦνον.”

106 1413 142 1472 14
192 1411 250 1470 Καὶ
266 1413 354 1470 ταῦτα
375 1412 426 1486 μὲν
449 1415 476 1471 ἐς
495 1408 639 1484 Ἕλληνας
663 1410 842 1488 Αἰγυπτίοισι
862 1408 951 1487 ὀρθῶς

151 1500 250 1577 έχοντα
265 1499 379 1576 εἴρηται·
400 1498 469 1573 φέρε
483 1497 513 1555 δὲ
526 1500 574 1555 νῦν
588 1498 634 1554 καὶ
647 1495 759 1559 αὐτοῖσι
773 1499 951 1577 Αἰγυπτίοισι

151 1587 186 1649 ὥς
200 1588 256 1665 ἔχει
269 1586 381 1662 φράσω.
404 1586 428 1643 εί
437 1591 493 1659 σφι
507 1585 593 1653 θέλοι,
609 1584 645 1647 ὦς
655 1586 701 1642 καὶ
714 1584 851 1662 πρότερον
864 1585 951 1657 εἶπον,

151 1675 261 1754 ήχώρη
274 1673 293 1750 η’
308 1673 399 1749 ἔνερθε
411 1673 546 1748 Μέμφιος
558 1671 639 1751 (αὕτη
652 1671 707 1752 γάρ
722 1677 782 1731 ἐστι
800 1672 819 1748 ἦ
837 1672 949 1742 αὕξανο

150 1765 230 1841 μένη)
246 1761 316 1821 κατά
337 1759 424 1840 λόγον
436 1764 487 1819 τοῦ
499 1763 705 1838 παροιχομένου
725 1760 828 1838 χρόνου
842 1766 869 1824 ἐς
881 1762 951 1840 ὕψος

151 1849 327 1919 αὐξάνεσθαι,
342 1847 416 1906 ἄλλο
428 1873 457 1906 τι
469 1845 487 1923 ἢ
502 1850 529 1906 οἱ
541 1847 628 1926 ταύτῃ
648 1849 781 1911 οἰκέοντες
794 1852 952 1930 Αἰγυπτίων

152 1936 330 2014 πεινήσουσι;
353 1939 376 1994 εἰ
388 1935 459 2010 μήτε
471 1961 505 2015 γε
518 1933 619 1994 ὕσεταί
638 1943 694 2011 σφι
707 1935 726 2010 ἦ
745 1935 830 2014 χάρη,
848 1936 921 2013 μήτε
934 1938 950 1998 ό

153 2025 279 2103 ποταμός
293 2023 351 2087 οἶός
367 2023 391 2083 π’
414 2025 494 2083 ἐσται
513 2028 540 2086 ἐς
558 2023 608 2085 τοὶς
629 2023 748 2099 άροόρας
763 2024 950 2101 ὑπερβαίνειν.

150 2113 169 2190 ἦ
189 2114 244 2194 γάρ
267 2113 300 2189 δή
317 2117 365 2173 νῦν
385 2136 419 2192 γε
440 2109 517 2170 οὗτοι
538 2110 731 2186 ἀπονητότατα
751 2112 857 2188 καρπόν
874 2113 952 2190 κομί·

152 2204 244 2274 ζονται
259 2207 288 2260 ἐκ
301 2206 360 2282 γῆς,
375 2204 429 2259 τῶν
442 2224 472 2258 τε
486 2197 581 2258 ἄλλων
595 2198 744 2275 ἀνθρώπων
757 2199 885 2259 ἁπάντων
905 2202 952 2260 καὶ

150 2295 205 2350 τῶν
218 2294 324 2349 λοιπῶν
338 2288 503 2368 Αἰγυπτίων·
525 2286 551 2345 οἳ
566 2285 629 2345 οὔτε
642 2286 751 2365 α’ρότρῳ
768 2287 962 2369 άναρρηγνῦν]

150 2405 196 2442 τες
216 2377 339 2439 αὔλακας
356 2378 452 2455 ἔχουσι
472 2374 582 2444 πόνους,
600 2373 663 2434 οὕτε
685 2376 865 2446 σκάλλοντες,
887 2376 952 2437 οὕτε

151 2465 226 2526 ἅλλο
249 2464 426 2546 ἐργαζόμενοι
448 2463 525 2522 οὐδὲν
545 2467 600 2522 τῶν
622 2461 710 2521 ὧλλοι
728 2460 868 2540 ἅνθρωποι
887 2466 952 2541 περὶ

150 2554 233 2629 λήϊον
245 2553 387 2612 πονέουσι·
416 2549 482 2610 ἀλλ’
497 2549 579 2609 ἐπεάν
593 2557 649 2626 σφι
663 2550 679 2610 ὁ
692 2551 818 2627 ποταμός
831 2551 951 2629 αὐτόμα-

150 2669 198 2706 τος
219 2641 343 2701 ἐπελθών
364 2638 440 2717 ἅρση
453 2638 503 2701 τοὶς
523 2637 650 2716 ἀρούρας,
665 2638 754 2715 ἄρσας
767 2640 796 2697 δὲ
810 2637 951 2719 οἷπολείπῃ

152 2729 251 2800 ὀπίσω,
274 2727 337 2791 τότε
359 2729 476 2803 σπείρας
497 2727 614 2790 ἕκαστος
634 2726 685 2801 τήν
707 2730 807 2786 ἑωυτοῦ
831 2726 953 2805 ἄρουραν

152 2818 293 2895 ἐσβάλλει
314 2821 341 2880 ἐς
365 2816 451 2892 αὐτήν
463 2813 504 2878 ὗς·
527 2813 610 2873 ἐπεάν
631 2814 661 2872 δέ
678 2814 863 2894 καταπατήσῃ
882 2822 952 2894 τῇσι

151 2905 201 2965 ὕσὶ
220 2905 253 2965 τὰ
274 2904 397 2982 σπέρμα,
412 2902 519 2979 ἄμητον
538 2902 571 2961 τό
589 2901 644 2961 α’πό
663 2903 762 2962 τούτου
775 2904 860 2980 μένει·
882 2903 951 2964 άπα-

140 2992 263 3068 δινήσας
278 2993 310 3052 δὲ
322 2997 392 3074 τῇσι
405 2991 455 3053 ὕσὶ
468 2990 517 3052 τόν
532 2993 621 3061 σῖτον,
634 2990 704 3050 οὕτω
719 2993 869 3066 κομίζεται.

74 3075 121 3132 15
158 3084 205 3140 Εἰ
225 3081 267 3142 ὦν
285 3083 468 3165 βουλόμεθα
487 3080 625 3167 ηνάμησι
639 3077 821 3160 τῇσιῚάνων
839 3081 968 3154 χρὶσλω

113 3163 154 3225 ra*
176 3170 249 3246 περὶ
273 3175 445 3258 Αἴγυπτον,
462 3175 493 3236 οἵ
514 3179 597 3252 φασι
617 3168 655 3232 τὸ
671 3169 771 3230 Δέλτα
793 3166 895 3239 μοῖινον
917 3162 990 3220 εἶναι

96 3251 281 3335 Αἴγυπτον,
291 3263 359 3328 ἆπὸ
372 3267 520 3349 Περσέος
534 3260 724 3341 καλεομένης
735 3245 1012 3320 ακοπιῆἳδέῚῦἯῑῖ
