2040 3464
88 109 195 173 56-60]
422 114 555 162 οικυικ.
816 103 820 109 ’
838 116 886 162 229

89 191 211 265 Σιφνίων
229 192 339 251 αύτοῖσι
353 196 379 251 οἱ
394 193 495 268 Σάμιοι
507 191 572 256 τούς
584 193 690 271 χώρους
703 192 793 253 αύτῶν
807 193 887 270 ἐπόρ·

88 279 162 338 θεον·
183 279 335 354 πυθόμεναι
353 280 376 338 δ’
392 280 450 342 ἰθύς
462 277 530 355 ἧκον
544 283 570 338 οἶ
587 281 699 355 Σίφνιοι
711 281 887 355 βοηθέοντες,

88 367 134 425 καὶ
147 366 345 444 συμβαλόντες
353 367 463 426 αὐτοῖσι
474 367 651 442 ἑσσώθησαν·
666 367 711 424 καὶ
719 366 808 426 αὐτῶν
816 372 886 426 πολ-

86 454 135 512 λοὶ
148 454 382 528 ἀπεκληίσθησαν
392 458 442 513 τοῦ
455 452 556 516 ἄστεος
568 454 624 513 ύπό
638 459 691 513 τῶν
703 455 823 530 Σαμίων·
841 456 887 514 καὶ

87 541 187 605 αύτούς
200 540 271 618 μετά
284 546 371 601 ταῦτα
388 542 486 601 ἑκατόν
499 542 624 601 τάλαντα
638 542 767 618 ἔπρηξαν.
802 543 886 620 Παριί
894 546 933 605 59

105 631 117 687 ὲ
143 629 308 706 Ἑρμιονέων
335 633 424 703 νήσον
450 628 511 688 άντί
537 629 687 707 χρημάτων
710 630 885 707 παρέλαβον,

85 715 202 793 Ὑδρέην
221 715 274 791 τήν
293 717 339 775 ἐπὶ
361 716 580 795 Πελοποννήσῳ,
598 717 644 774 καὶ
667 716 752 792 αὐτην
773 719 885 794 Τροιζη·

87 803 173 864 νίοισι
198 804 431 880 παρακατέθεντο·
465 803 546 862 αὐτοὶ
568 804 598 862 δὲ
621 804 764 879 Κυδωνίην
784 805 835 880 τήν
857 811 886 866 ἐν

88 891 187 970 Κρήτῃ
203 894 324 961 ἔκτισαν,
341 891 390 950 ούκ
410 891 456 950 ἐπὶ
472 891 559 970 τούτῳ
577 893 718 961 πλέοντες,
735 891 813 951 α’λλῶ
831 899 883 952 Ζα-

87 980 212 1042 κυνθίους
233 981 391 1049 ἐξελοῦντες
412 985 442 1037 ἐκ
468 983 519 1054 τῆς
545 979 642 1054 νήσου·
678 981 786 1054 ἔμειναν
813 980 836 1039 δ’
857 987 887 1040 ἐν

86 1066 173 1145 ταύτῃ
195 1068 241 1126 καὶ
263 1065 465 1145 εὐδαιμόνησαν
487 1065 528 1126 ἐπ’
546 1068 607 1125 ἐτεα
629 1068 720 1126 πέντε·
745 1066 830 1147 [ὥστε
850 1069 887 1128 τῶ

88 1152 134 1229 ipa*
149 1154 184 1213 ταί
201 1160 229 1213 ἐν
247 1154 373 1231 Κυδωνίῃ
391 1153 471 1213 ἐόντα
490 1158 538 1214 νῦν
552 1151 631 1213 οὗτοί
642 1159 697 1212 εἰσι
711 1158 738 1213 οἱ
750 1155 886 1229 ποιήσαν·

86 1265 132 1303 τες
145 1241 190 1299 καὶ
203 1241 253 1301 τόν
265 1246 315 1316 τῆς
328 1241 463 1316 Δικτύνης
476 1240 565 1322 νηόν]
586 1243 654 1320 ἕκτῳ
668 1243 697 1300 δὲ
711 1243 764 1300 ἔτεϊ
774 1247 886 1323 Αἰγινῆ-

86 1354 132 1387 ται
143 1329 241 1392 αύτούς
251 1329 389 1407 ναυμαχίῃ
397 1328 559 1404 νικήσαντες
566 1328 807 1406 ἠνδραποδίσαντο
814 1331 886 1406 μετῶ

88 1421 215 1491 Κρητῶν·
236 1418 282 1476 καὶ
299 1422 353 1475 τῶν
366 1421 438 1492 νηῶν
451 1419 583 1492 καπρίους
601 1418 740 1496 ἐχουσέων
752 1417 801 1479 τοίς
814 1419 885 1495 πρώ-

86 1528 137 1578 ρας
149 1503 368 1580 ἠκρωτηρίασαν,
380 1505 426 1563 καὶ
440 1504 489 1562 άνέ
507 1530 576 1563 εσαν
587 1510 614 1567 ἐς
626 1504 658 1563 τό
674 1503 733 1580 ἱρόν
740 1508 791 1579 τῆς
803 1503 885 1580 Ἀθη-

87 1592 164 1666 ναίης
178 1598 206 1651 ἐν
220 1594 329 1671 Αἰγίνῃ.
359 1595 447 1650 ταῦτα
461 1592 490 1649 δὲ
504 1593 639 1666 ἐποίησαν
650 1593 764 1671 ἔγκοτον
778 1593 887 1669 ἔχοντες

88 1680 221 1754 Σαμίοισι
232 1684 387 1759 Αἰγινῆται·
401 1678 532 1756 πρότεροι
544 1679 598 1758 γάρ
613 1679 714 1755 Σάμιοι
729 1678 770 1737 ἐπ’
783 1678 885 1755 Ἀμφι-

87 1765 201 1842 κράτεος
220 1765 424 1843 βασιλεύοντος
443 1772 471 1826 ἐν
486 1767 570 1845 Σάμῳ
587 1766 826 1844 στρατευσάμενοι
844 1767 886 1826 ἐπ’

87 1854 212 1933 Αἴγιναν,
227 1853 341 1935 μεγάλα
357 1854 427 1913 κακῶ
445 1856 582 1929 ἐποίησαν
598 1853 749 1935 Αἰγινήτας
763 1856 808 1914 καὶ
821 1856 886 1914 ἐπα-

88 1942 137 2000 θον
150 1941 196 1999 εἶπ’
210 1944 326 2001 ἐκείνων.
360 1942 379 2017 ἡ
392 1945 444 2017 μὲν
457 1944 530 2018 αἰτίη
544 1942 623 2017 αὕτη.

127 2029 268 2106 Ἐμήκυνα
289 2031 318 2089 δέ
337 2032 402 2107 περὶ
423 2030 534 2105 Σαμίων
549 2035 671 2106 μᾶλλον,
690 2030 733 2090 ὅτι
749 2037 805 2107 σφι
823 2033 886 2108 τρία
896 2032 933 2091 60

87 2118 150 2177 ἐστὶ
167 2119 288 2198 μέγιστα
308 2117 437 2178 ῶπάντων
455 2117 600 2192 Ἑλλήνων
621 2119 819 2199 ἐξεργασμένα·
831 2119 886 2177 οὔ·

85 2204 149 2281 ρεός
168 2231 199 2263 τε
218 2205 328 2282 ὑψηλοῦ
350 2210 377 2267 ἐς
395 2205 567 2280 πεντήκοντα
584 2206 630 2263 καὶ
650 2206 747 2266 ἑκατόν
761 2207 883 2286 ὀργυιάς,

85 2293 186 2352 τούτου
200 2292 308 2372 ὄρυγμα
323 2292 443 2352 κάτωθεν
458 2292 612 2369 ἀρξάμενον
625 2293 818 2370 ἀμφίστομον.
852 2293 886 2352 τό

85 2382 138 2456 μὲν
156 2385 246 2456 μήκας
265 2385 315 2438 τοῦ
335 2380 491 2460 ὀρύγματος
513 2382 582 2440 ἑπτά
603 2380 715 2440 στάδιοί
732 2381 887 2450 εἰσι,τόδέ

85 2468 156 2543 ύφος
176 2468 222 2527 καὶ
243 2467 321 2545 εὖρος
335 2466 405 2526 όκτῶ
421 2467 548 2545 ἑκάτερον
562 2468 654 2530 πόδες·
676 2467 721 2526 διά
735 2469 839 2530 παντός
856 2469 886 2527 δέ

85 2555 172 2614 αὐτοῦ
195 2555 269 2614 άλλο
290 2554 399 2635 ὄρυγμα
424 2557 590 2633 εἰκοσίπηχυ
612 2554 705 2630 βάθος
725 2555 886 2632 ὀρώρυκται,

84 2643 200 2718 τρίπουν
214 2644 242 2702 δέ
255 2643 288 2702 τὸ
303 2642 389 2720 εὖρος·
428 2643 444 2702 ι’
455 2641 487 2702 οὗ
500 2644 533 2703 τό
547 2643 618 2720 ὕδωρ
632 2642 828 2721 ὀχετευόμενον
841 2643 887 2702 διὰ

85 2730 221 2805 σωλήνων
241 2732 422 2811 παραγίνεται
442 2736 469 2793 ἐς
488 2731 540 2806 τήν
559 2731 653 2799 πόλιν,
673 2731 810 2811 άγόμενον
830 2730 886 2790 οἷπό

84 2818 211 2896 μεγάλης
225 2823 325 2898 πηγῆς·
343 2817 547 2896 αἰρχιτέκτωνδέ
556 2822 606 2877 τοῦ
620 2817 776 2898 ὀρύγματος
787 2818 888 2878 τούτου

86 2907 195 2985 ἐγένετο
216 2905 362 2986 Μεγαρεύς
381 2905 540 2968 Εὐπαλῖνος
561 2907 763 2983 Ναυστρόφου.
803 2911 887 2966 τοῦτο

84 2995 137 3070 μὲν
151 2993 185 3069 δή
200 2994 295 3053 ἐντῶν
311 2997 394 3069 τριῶν
407 2993 478 3053 ἐστί.
513 2992 639 3070 δεύτερον
652 2994 689 3063 δέ,
704 2996 768 3073 περὶ
786 2995 888 3072 λιμένα

84 3083 168 3159 χῶμα
183 3085 212 3140 ἐν
225 3080 362 3159 θαλάσση
375 3080 468 3156 βάθος
486 3081 557 3140 κατὰ
571 3081 660 3141 εἴκοσι
673 3082 814 3164 ὀργυιέων·
836 3086 888 3158 μή·

85 3194 133 3230 κος
154 3168 184 3226 δὲ
203 3172 254 3227 τοῦ
271 3167 402 3248 χώματος
421 3169 507 3247 μέζον
520 3167 571 3230 δύο
585 3170 724 3230 σταδίων.
756 3170 855 3246 τρίτου
872 3165 915 3219 λίς

77 3262 135 3329 σφι
145 3256 314 3335 ἐξέργασται
324 3258 393 3329 νηός
402 3259 548 3335 μέγιστος
556 3258 676 3322 πάντων
688 3262 767 3335 νηῶν
778 3260 838 3314 τῶν
849 3249 942 3321 {wis
