2040 3464
141 107 189 157 τοι
440 104 628 153 ἭΡοΔουου
889 105 941 168 [11.

139 183 248 266 γυναικὶ
264 179 367 260 τράγος
383 182 515 260 ἐμίσγετο
534 177 704 256 ἀναφανδόν.
736 183 820 242 τοῦτο
839 185 867 246 ἐς
886 182 942 241 ἐπίι

141 272 225 340 δειξιν
238 269 388 346 ἀνθρώπων
402 269 526 327 ἀπίκετο.
939 323 943 331 ,

91 360 129 423 47
173 357 229 416 Ὗν
253 357 282 415 δὲ
307 356 455 435 Αἰγύπτιοι
475 354 576 431 μιαρδν
602 354 720 436 ἥγηνται
742 356 838 433 θηρίον
863 356 941 416 εἶναι·

141 447 189 505 καὶ
215 449 298 504 τοῦτο
321 447 372 518 μὲν
395 442 431 518 ἦν
453 469 495 506 τις
522 443 619 520 ψαύσῃ
643 442 733 502 αὐτῶν
756 443 863 521 παριῶν
885 443 940 515 ὖδς,

139 533 251 592 αὐτοῖσι
266 532 402 607 ἱματίοισι
415 530 461 589 ἀπ’
477 529 514 589 ῶν
531 532 622 608 ἔβαψε
640 529 746 600 ἐωυτὸν,
788 531 821 593 οἷς
834 532 880 591 ἐπὶ
892 532 938 593 τῶν

138 620 275 697 ποταμίν·
309 623 392 678 τοῦτο
416 619 446 676 δὲ
472 621 499 677 οἱ
525 619 662 693 συβῶται,
684 617 773 682 ἐόντες
793 619 938 700 Αἰγύπτιοι

138 709 268 790 ἐγγενέες,
286 712 313 769 ἐς
332 707 391 782 ἶρὸν
412 706 490 765 οὐδὲν
508 709 563 765 τῶν
582 705 758 786 ἐνΑἰγύπτῳ
777 709 938 786 ἐσέρχονται

136 800 235 872 μοῦνοι
249 793 367 854 πάντων·
389 794 453 853 οὐδέ
466 801 521 870 σφι
531 793 690 853 ἐκδίδοσθαι
701 795 839 874 θυγατέρα
853 796 938 860 οὐδεὶς

138 886 229 944 ἐθέλει
243 881 298 941 οὐδ’
313 881 432 962 ἄγεσθαι
450 882 481 950 ἐξ
496 880 593 940 αὐτῶν·
614 880 681 940 ἀλλ’
699 881 856 942 ἐκδιδόαταί
867 909 899 943 τε
912 888 937 946 οἶ

137 974 265 1047 συβῶται
286 971 332 1028 καὶ
352 969 467 1048 αἷγέαται
488 970 518 1037 ἐξ
545 967 688 1045 ἀλλήλων.
723 973 799 1029 τοῖσι
818 973 871 1047 μέν
890 997 937 1033 νυν

137 1057 255 1118 ἄλλοισι
282 1059 373 1117 θεοῖσι
400 1057 474 1117 θύειν
500 1053 533 1119 ὗς
559 1056 590 1115 οὗ
618 1057 754 1116 δικαιεῦσι
781 1058 936 1139 Αἰγύπτιοι,

137 1146 246 1226 Σελήνῃ
261 1147 289 1205 δὲ
304 1147 349 1204 καὶ
364 1144 492 1223 Διονύσῳ
505 1144 644 1220 μούνοισι,
658 1150 708 1204 τοῦ
726 1145 811 1205 αὐτοῦ
823 1147 935 1224 χρόνου,

134 1239 171 1314 τῇ
183 1235 254 1313 αὐτῇ
267 1232 443 1311 πανσελήνῳ,
454 1233 518 1294 τούς
531 1230 562 1295 ῶς
573 1232 707 1296 θύσαντες
719 1234 869 1294 πατέονται
882 1240 935 1296 τῶν

135 1328 229 1398 κρεῶν.
272 1321 342 1381 διότι
356 1321 385 1379 δὲ
398 1322 463 1382 τούς
476 1318 506 1383 ὗς
521 1325 550 1379 ἐν
563 1322 615 1395 μὲν
628 1325 695 1398 τῇσι
712 1321 820 1400 ἄλλῃσι
834 1321 934 1401 ὁρτῇσι

134 1409 348 1489 ἀπεστυγήκασι
369 1413 398 1467 ἐν
419 1408 448 1466 δὲ
467 1407 554 1487 ταύτῃ
576 1407 683 1477 θύουσι,
698 1410 759 1468 ἐστι
778 1411 830 1485 μὲν
848 1410 934 1491 λόγος

67 1515 68 1518 ’
133 1499 197 1574 περὶ
217 1499 302 1557 αὐτοῦ
322 1496 362 1555 ύπ
390 1496 547 1576 Αἰγυπτίων
567 1495 727 1576 λεγόμενος·
759 1497 820 1572 ἐμοὶ
840 1500 933 1574 μέντοι

134 1588 308 1664 ἐπισταμένῳ
344 1584 392 1644 οὐκ
434 1583 653 1661 εὖπρεπέστερός
694 1589 755 1643 ἐστι
788 1586 933 1666 λέγεσθαι.

99 1735 103 1741 ,
135 1677 220 1750 θυσίη
241 1676 270 1733 δὲ
290 1675 339 1749 ἥδε
356 1677 411 1732 τῶν
427 1672 482 1731 ὑῶν
499 1676 535 1750 τῇ
552 1673 661 1750 Σελήνῃ
677 1674 809 1731 ποιέεται·
851 1676 932 1735 ἐπεοῖν

134 1763 216 1840 θύσῃ,
230 1762 281 1836 τήν
296 1760 379 1836 ούρήν
396 1759 481 1836 ἄκρην
496 1760 606 1819 καὶτῶν
622 1764 737 1835 σπλῆνα
755 1761 862 1822 καὶτῶν
876 1769 931 1823 ἐπί-

132 1854 222 1908 πλοον
248 1849 358 1911 συνθεὶς
384 1847 462 1923 ὁμοῦ,
491 1847 549 1906 κατ’
573 1847 609 1906 ῶν
633 1848 756 1924 ἐκάλυψε
778 1849 858 1928 παίσῃ
881 1856 931 1911 τοῦ
988 1873 990 1878 ’

133 1937 244 2012 κτήνεος
262 1940 297 2014 τῇ
315 1939 422 2013 πιμελῇ
439 1939 475 2013 τῇ
487 1937 551 2012 περὶ
568 1935 619 2010 τήν
633 1937 714 2011 νηδύν
732 1938 872 2016 γινομένη,
887 1940 930 1998 καὶ

133 2025 226 2084 ἔπειτα
248 2027 388 2104 καταγίζει
404 2024 479 2100 πυρί·
500 2023 536 2082 τῶ
574 2026 586 2081 ἐ
607 2023 684 2082 ἅλλα
705 2025 771 2101 κρέα
791 2027 930 2087 σιτέονται

133 2117 161 2171 ἐν
173 2117 209 2190 τῇ
223 2112 389 2190 πανσελήνῳ
408 2116 437 2170 ἐν
452 2115 488 2189 τῇ
501 2109 535 2170 ἂν
551 2112 586 2170 τοὶ
606 2113 651 2188 ἱρῶ
670 2112 787 2171 θύσωσι·
809 2118 838 2172 ἐν
854 2113 930 2194 ἄλλῃ

131 2200 160 2258 δὲ
174 2198 327 2278 ήμέρῃούκ
341 2197 375 2258 ῶν
389 2201 428 2257 ἔτι
446 2199 607 2279 γευσαίατο·
629 2199 698 2258 οἶδὲ
714 2200 828 2275 πένητες
841 2201 930 2264 αὐτῶν

130 2287 176 2346 ὑπ’
187 2287 331 2363 ἀσθενείης
339 2288 406 2363 βίου
419 2287 562 2349 σταιτίνας
571 2286 732 2350 πλοίσαντες
742 2285 772 2350 ὗς
786 2290 831 2347 καὶ
844 2288 930 2367 ὀπτή-

84 2379 120 2435 48
132 2402 231 2439 σαντες
248 2375 349 2438 ταύτας
368 2375 476 2434 θύουσι.
517 2379 562 2453 Τῷ
578 2375 607 2433 δὲ
624 2374 761 2455 Διονύσῳ,
775 2379 826 2451 τῆς
846 2377 929 2455 ὁρτῆς

129 2469 164 2542 τῇ
178 2465 286 2542 δορπίῃ,
301 2468 398 2542 χοῖρον
411 2463 466 2540 πρδ
480 2468 535 2522 τῶν
554 2465 656 2541 θυρέων
670 2464 783 2539 σφάξας
802 2465 927 2539 ἕκαστος,

130 2553 202 2610 διδοῖ
220 2552 415 2628 ἀποφέρεσθαι
434 2551 484 2610 τῶν
506 2555 603 2628 χοῖρον
621 2550 693 2629 αὐτῷ
710 2556 748 2630 τῷ
766 2551 928 2636 ἀποδομένῳ

128 2645 183 2699 τῶν
203 2640 361 2715 συβωτέων.
402 2639 453 2714 τήν
474 2639 503 2698 δὲ
523 2638 615 2714 ἅλλην
636 2639 772 2719 α’νοὶγουσι
788 2640 873 2717 ὁρτήν
889 2653 927 2724 τῷ

130 2728 258 2807 Διονύσῳ
286 2730 313 2787 οἱ
339 2726 495 2808 Αἰγύπτιοι,
516 2726 592 2802 πλήν
618 2733 718 2805 χορῶν,
746 2728 816 2787 κατὰ
839 2729 927 2791 ταύτὰ

130 2816 233 2894 σχεδὸν
245 2814 336 2874 πάντα
349 2814 485 2890 Ἕλλησι·
507 2813 567 2874 οἷντὶ
586 2814 615 2873 δὲ
635 2819 762 2890 φαλλῶν,
777 2815 854 2875 ἄλλα
870 2819 927 2895 σφί

127 2909 190 2961 ἐστι
212 2903 377 2980 ἐξευρημένα
391 2902 460 2961 ὅσον
475 2928 505 2961 τε
519 2907 643 2981 πηχυαῖα
663 2902 815 2982 α’γοίλματα
835 2909 926 2982 νευρό-

109 3011 237 3050 σπαστα
249 2991 286 3052 τῶ
298 2992 506 3071 περιφορέουσι
517 2991 587 3050 κατὰ
601 2989 691 3067 κῶμος
702 2996 835 3071 γυναῖκες,
846 2998 925 3055 νεῦον

96 3074 138 3132 νδ
160 3078 277 3142 αἰδοῖον
301 3082 339 3144 ου’
360 3086 470 3165 πολλῷ
491 3080 546 3162 τέῳ
567 3081 695 3138 1ἔλασσον
717 3078 762 3136 ἐδν
781 3082 831 3135 τῶ)
848 3079 938 3138 &xm

76 3162 248 3238 σώματος·
268 3176 466 3260 προηγέεται
487 3172 522 3234 δὶ
543 3167 646 3238 αὖλδς,
667 3168 701 3223 αλ
713 3165 750 3223 δε
768 3164 890 3220 ἶπονται
905 3165 961 3220 δελ·

61 3240 188 3313 ὃθυθίῑί
223 3259 284 3323 τῶν
311 3266 495 3330 Διόνυσον.
542 3257 624 3321 διῶτι
641 3256 678 3315 δῖ
704 3252 790 3323 μ’ἰζῡν
810 3276 845 3308 'st
866 3248 930 3315 *Qu
946 3246 986 3301 ’ὦ
