2040 3464
127 110 174 162 ιω
424 111 608 160 Ἧοοκοιου
875 111 925 174 ιιι.

125 214 175 266 μοι
191 189 237 248 καὶ
249 188 328 248 ἄλλα
342 188 478 266 τεκμήριά
491 194 553 248 ε’στι
568 191 652 249 τοῦτο
669 187 740 248 οὕτω
756 189 837 268 ἔχειν,
851 192 881 250 ἔν
897 190 927 250 δὲ

126 277 173 335 καὶ
185 276 256 347 τόδε,
271 276 314 336 ὅτι
327 302 358 335 τε
371 281 422 337 τοῦ
435 276 591 354 Ἡρακλέος
608 275 707 336 τούτου
724 279 751 336 οἱ
768 278 862 358 γονέες
874 277 926 355 όμ·

127 363 242 440 φότεροι
258 363 341 439 ἦσαν,
354 363 532 441 Ἀμφιτρύων
549 364 595 422 καὶ
613 363 767 440 Ἀλκμήνη,
781 365 927 445 γεγονότες
992 385 996 391 ’

126 451 159 510 τό
174 451 305 511 ἀνέκαθεν
320 450 366 511 ἀπ’
381 452 533 531 Αἰγύπτου·
556 452 602 510 καὶ
617 450 688 510 διότι
701 451 849 532 Αἰγύπτιοι
863 450 925 512 οὔτε

128 539 317 601 Ποσειδέωνος
341 537 404 598 οὔτε
426 538 607 615 Διοσκούρων
629 538 667 598 τὰ
690 538 831 616 οὐνόματά
851 547 925 616 φασι

96 637 99 643 “
127 626 233 697 εἰδέναι,
248 626 312 686 οῦδέ
326 634 383 702 σφι
402 628 461 686 θεοὶ
477 625 555 686 οῦτοι
570 632 599 686 έν
610 631 688 686 τοῖσι
700 625 818 687 ἄλλοισι
834 628 925 688 θεοῖσι

126 712 336 793 ἀποδεδέχαται.
371 715 417 773 καὶ
430 714 486 790 μὴν
500 714 525 772 εἴ
537 741 570 794 γε
582 713 646 791 παρ’
659 713 805 788 Ἑλλήνων
818 717 925 792 ἔλαβον

126 801 232 877 οὔνομά
247 828 294 862 τευ
310 803 446 879 δαίμονος,
465 802 569 861 τούτων
589 801 640 861 οὐκ
657 800 761 877 ἥκιστα
776 801 854 861 α’λλό
872 802 924 879 μό·

125 893 213 949 λιστα
231 892 351 966 ἔμελλον
368 890 479 966 μνήμην
501 890 579 960 ἕξειν,
593 891 670 966 εἴπερ
687 890 733 948 καὶ
752 890 816 949 τότε
835 915 925 949 ναυτι-

124 978 206 1054 λίῃσι
224 978 366 1056 ἐχρέωντο,
386 979 432 1036 καὶ
448 977 523 1054 ἦσαν
539 976 683 1052 Ἑλλήνων
700 979 771 1040 τινὲς
788 980 923 1049 ναυτιλοι,

126 1063 161 1127 ὦς
180 1066 303 1141 ἔλπομαί
317 1091 348 1125 τε
367 1067 413 1124 καὶ
431 1065 483 1141 ε’μή
500 1065 596 1145 γνώμη
613 1066 707 1141 αἱρέει·
730 1065 803 1124 ὥστε
819 1065 923 1126 τούτων

124 1150 158 1212 όν
175 1153 220 1210 καὶ
236 1152 349 1229 μᾶλλον
364 1157 419 1212 τῶν
440 1154 509 1213 θεῶν
528 1153 564 1211 τοὶ
582 1152 723 1228 οὐνόματα
743 1154 923 1222 ἐξεπιστέατο

125 1239 272 1320 Αἰγύπτιοι
287 1238 305 1317 ἢ
318 1245 368 1300 τοῦ
381 1240 544 1316 Ἡρακλέος.
579 1239 656 1299 ἄλλοί
671 1266 713 1302 τις
729 1239 845 1318 ἀρχαῖός
861 1247 920 1301 ε’στι

126 1328 188 1390 θεός
208 1329 387 1409 Αἰγυπτίοισι
402 1327 568 1405 Ἠρακλέης·
590 1327 625 1390 κός
645 1328 676 1386 δὲ
696 1327 775 1386 αύτοὶ
795 1329 921 1408 λέγουσι,

124 1416 185 1474 έτεοί
199 1421 260 1475 ε’στι
276 1417 474 1495 ἑπτακισχίλια
490 1416 536 1474 καὶ
552 1415 638 1493 μύρια
656 1420 683 1478 ές
695 1414 823 1490 Ἄμασιν
835 1417 921 1491 βασι-

123 1503 272 1573 λείσαντα,
287 1505 348 1563 ε’πεί
359 1530 389 1563 τε
406 1508 436 1561 ἐκ
449 1507 503 1562 τῶν
517 1502 587 1563 όκτο)
602 1504 671 1563 θεῶν
685 1506 712 1562 οἱ
728 1502 849 1562 δυόδεκα
863 1505 922 1564 θεοὶ

75 1592 114 1648 44
124 1592 258 1671 ε’γένοντο,
272 1597 327 1651 τῶν
342 1592 485 1669 Ἡρακλέα
504 1591 551 1650 ἕνα
566 1591 721 1667 νομίζουσι.
756 1593 814 1650 Καὶ
833 1592 922 1651 θέλων

123 1678 153 1737 δὲ
167 1679 270 1739 τούτων
286 1680 349 1756 πέρι
365 1680 457 1754 σαφές
472 1705 500 1738 τι
521 1679 619 1738 εἰδέναι
640 1679 670 1748 ἐξ
691 1676 728 1737 ὧν
748 1677 806 1737 οἶόν
826 1704 858 1738 τε
877 1679 919 1756 ἦν,

123 1768 247 1825 ἔπλευσα
267 1769 313 1825 καὶ
333 1773 360 1830 ἐς
380 1767 469 1843 Τύρον
488 1771 539 1842 τῆς
559 1767 694 1842 Φοινίκης,
715 1766 921 1843 πυνθανόμενος

124 1854 220 1914 αύτόθι
232 1855 300 1914 εἶναι
314 1856 373 1931 ἱρὸν
383 1853 538 1930 Ἡρακλέος
549 1853 637 1936 ἅγιον·
653 1856 698 1912 καὶ
709 1855 767 1913 ἴδον
777 1856 921 1919 πλουσίως

123 1944 380 2019 κατεσκευασμένον
401 1940 521 2002 ἄλλοισί
539 1969 570 2002 τε
592 1947 730 2002 πολλοῖσι
750 1941 919 2018 ἀναθήμασι,

123 2032 170 2088 καὶ
184 2035 212 2090 έν
226 2029 299 2109 αύτῷ
308 2031 382 2106 ἦσαν
392 2035 497 2106 στῆλαι
508 2030 565 2100 δύο,
574 2030 592 2106 ἦ
602 2033 654 2106 μὲν
661 2035 769 2110 χρυσοῦ
780 2029 918 2105 οἷπέφθου,

123 2118 185 2193 ἡδὲ
199 2119 363 2200 σμαράγδου
377 2120 459 2178 λίθου
476 2119 637 2194 λοίμποντος
653 2120 703 2182 τὰς
719 2117 817 2181 νύκτας
834 2120 918 2200 μέγα·

123 2208 180 2270 θος·
202 2213 229 2270 ἐς
242 2207 343 2288 λόγους
357 2207 386 2266 δὲ
403 2206 492 2266 ε’λθιδν
504 2211 581 2266 τοῖσι
598 2209 687 2282 ἱρεῦσι
702 2209 752 2265 τοῦ
769 2207 832 2265 θεοῦ
850 2206 919 2284 εἰρό-

121 2320 177 2371 μην
193 2294 294 2358 ὁκόσος
310 2294 410 2374 χρόνος
425 2296 466 2370 εἴη
485 2294 516 2363 ἐξ
536 2292 568 2353 οῦ
587 2301 643 2369 σφι
660 2293 693 2353 τό
715 2294 774 2370 ἶρδν
795 2293 918 2371 ἵδρυταις

123 2379 201 2459 εῦρον
212 2383 241 2441 δὲ
256 2382 317 2442 οῦδὲ
329 2382 442 2445 τούτους
455 2385 532 2441 τοῖσι
539 2381 666 2457 Ἕλλησι
680 2382 918 2458 συμφερομένους·

122 2472 233 2547 ἔφασαν
252 2471 307 2552 γὰρ
324 2470 383 2547 ἅμα
402 2470 481 2548 Τύρῳ
500 2472 654 2549 αἰκιζομένη
674 2470 720 2528 καὶ
739 2471 772 2531 τό
785 2469 853 2548 ιἱρόν
868 2475 919 2531 τοῦ

122 2560 186 2619 θεοῦ
200 2560 351 2636 ἱδρυθῆναι·
373 2558 442 2617 εἶναι
457 2559 487 2617 δὲ
504 2560 565 2617 ἔτεα
582 2557 631 2634 α’φ’
646 2556 678 2617 οῦ
695 2558 784 2634 Τύρον
797 2558 919 2618 οἰκέουσι

75 2669 78 2674 ’
121 2648 269 2724 τριηκόσια
289 2647 334 2706 καὶ
355 2647 491 2726 δισχίλια.
526 2645 598 2706 εἶδον
619 2647 649 2705 δὲ
669 2651 698 2706 έν
717 2651 753 2725 τῇ
772 2645 852 2725 Τύρῳ
873 2648 919 2707 καὶ

122 2735 196 2795 ἄλλο
224 2737 284 2812 ἱρόν
307 2735 471 2812 Ἡρακλέος,
495 2735 650 2811 ἐπωνυμίην
674 2736 786 2813 ἔχοντος
809 2735 920 2795 Θασίου

122 2822 200 2882 εἶναι·
221 2821 360 2899 ἀπικόμην
377 2822 406 2880 δὲ
425 2822 471 2879 καὶ
489 2826 516 2885 ἐς
534 2821 639 2893 Θάσον,
657 2826 686 2882 έν
703 2826 738 2901 τῇ
757 2819 839 2901 εὗρον
859 2822 920 2900 ἶρῦν

121 2910 276 2987 Ἡρακλέος
288 2909 342 2969 ύπὸ
357 2910 489 2968 Φοινίκων
503 2910 655 2985 ἱδρυμένον,
670 2909 696 2968 οἳ
712 2909 770 2969 κατ’
784 2909 920 2988 Εὐρώπης

106 2997 232 3074 ζήτησιν
246 2997 447 3063 ε’κπλιύσαντες
459 2994 557 3059 Θάσον
571 2998 690 3057 ἔκτισαν·
713 2998 760 3056 καὶ
772 3003 860 3056 ταῦτα
873 2998 919 3057 καὶ

92 3084 185 3146 πέντε
197 3093 325 3170 γενεῇσι
342 3089 456 3171 ἀνδρῶν
468 3086 600 3167 πρότερόι
613 3083 708 3160 ἒστιῆ
719 3083 783 3144 τδν’
793 3084 933 3157 mm&-

78 3193 160 3236 ωνος
175 3174 341 3254 Ἡρακλέα
358 3187 390 3244 έν
405 3183 446 3264 τῇ
461 3177 595 3241 Ἑλλάδι
607 3173 759 3257 γενέσθαι.
792 3168 831 3226 κδ
844 3166 894 3266 ph}
904 3185 954 3221 w*

63 3254 272 3340 ἱστορημένα
292 3270 393 3352 δηλοῖ
416 3270 550 3348 σαφέως
568 3261 705 3329 παλαιὸν
725 3256 794 3319 ‘3²5¹'
815 3251 866 3310 τὸν
893 3254 976 3320 Q*
