2040 3464
135 107 167 155 ιι
444 105 628 155 Ἤτοιοτου
897 104 933 168 [1.

286 183 377 207 82!
656 181 829 207 ts&

134 185 204 244 εἶναι
217 193 310 260 σοφος
321 212 377 243 οπο
391 185 421 244 δὲ
433 184 533 261 ταύτης
546 189 594 260 τῆς
607 210 719 264 γνωμης
735 209 781 243 και
795 209 829 243 το
846 182 934 260 κάρτα

134 271 239 350 ούνομα
253 278 282 333 ε’ν
292 273 410 331 Λυδοῖσι
424 274 500 351 ἔχων,
513 271 722 347 συνεβούλευσε
733 271 848 348 Κροίσῳ
858 269 935 331 τάδε·

132 358 251 438 (ούνομεί
273 363 299 419 οί
314 358 349 434 ἦν
366 359 519 439 Σάνδανις)
561 360 604 417 “ὦ
620 362 754 435 βασιλεῦ,
779 357 820 417 ἐπ’
834 356 935 434 ἄνδρας

131 447 272 509 τοιούτους
296 447 499 524 στρατεύεσθαι
517 443 740 523 παρασκευάζεαι
760 446 789 505 οἳ
804 447 934 510 σκυτίνας

134 537 185 611 μὲν
211 534 381 611 ἀναξυρίδας,
409 536 541 610 σκυτίνην
561 535 600 615 γδὲ
628 533 681 609 τήν
708 533 800 609 ἄλλην
827 534 934 608 ε’σθῆτα

133 624 277 700 φορέουσι
301 625 440 683 σιτέονται
455 623 486 681 δὲ
504 622 554 682 ούκ
571 623 626 682 ὅσα
645 623 776 682 ἐθέλουσι
794 619 860 680 ἀλλ’
877 621 935 681 ὅσα

133 713 238 789 ἔχουσι,
259 709 353 790 χώρην
374 712 483 789 ἔχοντες
500 712 640 788 τρηχείην·
661 709 731 786 πρός
748 710 785 779 δὲ,
803 708 853 768 ούκ
870 710 934 789 οἴνῳ

132 799 305 877 διαχρέονται
324 799 402 858 α’λλοί
418 799 627 876 ὑδροποτέουσι·
649 797 681 856 ού
700 802 775 857 σῦκα
790 798 820 856 δὲ
836 798 935 877 έχουσι

130 887 253 967 τρώγειν,
270 887 320 953 ούκ
337 887 411 945 ἄλλο
428 886 537 966 ἀγαθόν
553 887 641 946 οὐδέν.
682 890 765 945 τοῦτο
780 887 833 962 μὲν
848 885 892 961 δή,
909 891 934 946 εἶ

131 973 260 1049 νικήσεις,
287 975 317 1033 τί
342 981 433 1049 σφεας
460 974 629 1050 ἀπαιρήσεαι
648 974 727 1033 τοῖσί
750 999 784 1054 γε
805 971 847 1050 μή
870 978 933 1033 ε’στι

130 1063 228 1138 μηδέν;
250 1066 332 1121 τοῦτο
349 1063 386 1131 δὲ,
401 1061 436 1137 ἢν
451 1065 573 1140 νικηθῇς,
590 1064 662 1138 μάθε
680 1061 736 1121 ὅσα
753 1060 846 1142 οἶγοθοὶ
862 1060 931 1120 ἀπο-

131 1151 253 1226 βαλέεις·
296 1151 464 1232 γευσάμενοι
489 1151 544 1230 γοὶρ
571 1154 627 1210 τῶν
651 1149 793 1227 ἡμετέρων
820 1148 933 1230 οἷγαθῶν
969 1203 973 1210 .

130 1239 310 1314 περιέξονται,
333 1238 396 1297 οὐδὲ
416 1238 542 1297 οἷπωστοὶ
563 1240 683 1298 ἔσονται.
725 1238 779 1317 ε’γω
805 1239 857 1314 μέν
883 1263 933 1298 νυν

130 1326 221 1385 θεοῖσι
235 1327 288 1405 ἔχω
300 1325 391 1405 χόριν,
405 1327 432 1384 οἳ
445 1326 495 1385 ούκ
512 1327 557 1385 ἐπὶ
575 1325 640 1386 νόον
656 1327 784 1385 ποιέουσι
797 1325 933 1404 Πέρσησι

130 1414 333 1490 στρατεύεσθαι
347 1414 392 1474 ε’πὶ
403 1413 533 1476 Λυδούς.”
574 1418 661 1472 ταῦτα
674 1414 764 1493 λέγων
777 1413 827 1471 ούκ
840 1414 932 1474 ἔπειθε

129 1500 179 1561 τόν
207 1507 343 1579 Κροῖσον.
390 1503 521 1580 Πέρσησι
546 1502 609 1581 γαρ,
630 1503 696 1577 πρὶν
715 1500 822 1564 Λυδούς
847 1526 931 1561 κατα-

130 1591 318 1667 στρέψασθαι,
332 1589 367 1665 ἢν
381 1588 443 1648 ούτε
456 1588 549 1667 οἶβρδν
562 1589 624 1649 ούτε
638 1589 746 1670 οἷγαθόν
760 1587 847 1649 οὐδέν.

84 1679 120 1740 72
172 1681 208 1735 Οἱ
225 1677 254 1736 δὲ
271 1676 458 1736 Καππαδόκαι
474 1677 529 1737 ύπό
548 1676 693 1752 Ἑλλήνων
711 1675 807 1753 Σύριοι
829 1676 930 1756 ὄνομά-

129 1765 230 1834 ζονται·
252 1763 326 1839 ἦσαν
343 1766 372 1823 δὲ
389 1768 415 1823 οἱ
434 1763 529 1841 Σύριοι
546 1763 622 1824 οὗτοι
637 1765 669 1824 τό
685 1766 737 1842 μὲν
758 1763 895 1842 πρότερον
910 1765 930 1843 ή

131 1853 245 1928 Πέρσας
266 1851 347 1928 ἄρξαι
363 1852 467 1927 Μήδων
484 1852 622 1928 κατήκοοι,
639 1851 703 1911 τότε
720 1853 750 1911 δὲ
766 1850 870 1928 Κύρου·
912 1855 929 1915 ὁ

129 1939 185 2020 γοῖρ
199 1939 280 2016 οὖρος
292 1939 328 2014 ἧν
340 1945 390 2016 τῆς
402 1967 432 1999 τε
443 1941 571 2016 Μηδικῆς
584 1939 673 2018 ἀρχῆς
686 1941 732 1999 καὶ
745 1943 796 2015 τῆς
808 1941 930 2017 Λυδικῆς

129 2027 145 2086 ὁ
162 2027 250 2091 Ἅλυς
269 2028 405 2105 ποταμός·
426 2027 456 2091 ὃς
475 2029 532 2105 ῥέει
552 2029 583 2097 ἐξ
601 2027 748 2104 ’Λρμενίου
769 2026 863 2104 οὔρεος
883 2030 929 2089 διὰ

131 2117 262 2185 Κιλίκων,
276 2116 347 2193 μετὰ
365 2117 402 2186 δὲ,
422 2115 582 2192 Ματιηνούς
593 2119 645 2192 μὲν
659 2121 688 2175 έν
701 2116 777 2194 δεξιῇ
789 2117 846 2194 ἔχει
859 2117 929 2194 ῥέων

129 2207 160 2260 ἐκ
173 2203 202 2261 δὲ
215 2207 264 2263 τοῦ
279 2206 372 2280 ἑτέρου
382 2203 502 2284 Φρύγας·
519 2203 763 2281 παραμειβόμενος
772 2204 802 2262 δὲ
813 2203 929 2270 τούτους

129 2291 175 2348 καὶ
186 2291 256 2368 ῥέων
268 2291 323 2351 ἅνω
335 2293 404 2368 πρός
417 2294 523 2369 βορέην
537 2288 644 2368 ἄνεμον,
660 2294 735 2351 ἔνθεν
747 2294 799 2368 μὲν
813 2293 939 2368 Συρίουςι
985 2289 989 2295 ’

128 2379 319 2442 Καππαδόκας
335 2380 457 2461 ἀπέργει,
477 2381 508 2448 ἐξ
522 2378 660 2456 εύωνύμου
675 2380 706 2438 δὲ
721 2379 926 2460 Παφλαγόνας.

128 2465 199 2526 οὕτω
215 2466 332 2531 όἈλυς
347 2467 473 2544 ποταμός
486 2466 639 2543 ἀποτάμνει
654 2467 758 2546 σχεδόν
773 2466 864 2527 ποίντα
875 2473 928 2544 τῆς

126 2551 226 2631 Ἀσίης
241 2555 277 2615 τοὶ
293 2555 366 2615 κόπω
382 2561 412 2615 ε’κ
430 2553 580 2630 θαλάσσης
596 2559 647 2630 τῆς
660 2555 752 2614 οἶντίον
769 2555 886 2632 Κύπρου
900 2562 927 2620 ἐς

126 2641 176 2702 τόν
205 2642 334 2712 Εὔξεινον
360 2643 481 2704 πόντον·
513 2644 573 2702 ἔστι
600 2644 629 2701 δὲ
656 2642 745 2721 αύχήν
771 2641 851 2706 οὗτος
875 2649 927 2720 τῆς

126 2729 218 2808 χώρης
240 2730 341 2807 ταύτης
364 2730 485 2806 ἁπάσης·
518 2735 608 2807 μῆκος
630 2730 696 2789 ὁδοῦ
721 2730 824 2810 εύζύνῳ
847 2731 926 2810 ἀνδρὶ

126 2818 209 2877 πέντε
224 2818 325 2895 ἡμέραι
340 2818 560 2894 ἀναισιμοῦνται.

80 2903 119 2968 73
166 2903 365 2982 Ἐστρατεύετο
379 2906 408 2964 δὲ
421 2906 438 2966 ὁ
453 2911 580 2983 Κροῖσος
595 2907 640 2967 ε’πὶ
657 2906 710 2984 τήν
723 2908 926 2985 Καππαδοκίην

125 2992 211 3052 τῶνδε
227 2993 325 3052 εἵνεκα·
346 2992 393 3051 καὶ
411 2996 464 3072 γῆς
485 2994 576 3072 ἱμέρῳ,
596 2996 835 3071 προσκτήσασθαι
854 2998 927 3072 πρός

121 3081 177 3152 τήν
202 3083 304 3138 ἑωυτοῦ
331 3083 435 3156 μοῖραν
460 3081 635 3156 βουλόμενος
661 3084 708 3142 καὶ
733 3083 862 3160 μάλιστα
887 3089 926 3165 τῷ

94 3167 278 3261 ’,ψηστηριέρ
300 3169 423 3234 πίσυνος
444 3169 505 3241 ἔων,
527 3170 574 3229 καὶ
592 3171 730 3230 τίσασθαι
748 3172 835 3230 θέλων
856 3171 926 3249 ύπὲρ

96 3251 284 3338 Απνιίγεος
297 3261 413 3326 Κίμων.
457 3257 628 3341 Ἀστυάγεα,
645 3259 703 3339 γὰρ
715 3257 764 3317 τδν
777 3257 944 3330 Κυαξόηεω,
