2040 3464
128 111 176 160 ιιι
431 109 613 159 ἯΡοΔοτοι·
872 106 925 172 [α

125 191 217 248 λωτοῦ
229 188 329 268 τούτου
345 188 531 266 ἐδωδίμη,κοί
549 186 704 268 ἐγγλύσσει
718 186 864 258 ἐπιεικέως,
879 186 926 248 ε’δν

128 276 308 356 στρογγύλον
320 276 443 356 μέγαθος
457 274 527 335 κατά
540 280 643 352 μῆλον.
674 275 778 334 ἐστιδέ
792 275 838 333 καί
848 273 926 334 ἅλλα

125 362 218 440 κρίνεα
233 363 343 440 ῥόδοισι
362 366 493 441 ἐμφερέα,
508 369 537 423 ἐν
550 368 587 443 τῷ
600 367 716 442 ποταμῷ
728 363 863 444 γινόμενα
879 364 926 423 καὶ

124 456 221 521 ταῦτα,
233 452 264 521 ἐξ
276 449 313 511 ὧν
326 451 343 511 ό
357 452 462 527 καρπός
476 457 504 511 ἐν
518 450 594 530 ἅλλῃ
609 451 709 510 κάλυκι
721 452 925 531 παραφυομένῃ

126 544 156 597 ἐκ
169 544 219 614 τῆς
231 541 307 615 ῥίζης
316 539 430 618 γίνεται,
442 539 525 619 κηρίῳ
536 543 655 614 σφηκῶν
665 538 739 614 ἰδέην
748 537 923 614 ὁμοιότατον·

126 632 155 686 ἐν
177 626 265 706 τούτῳ
285 626 393 704 τρωκτοί
414 626 483 686 ὅσον
506 652 537 686 τε
557 627 648 702 πυρήν
670 627 765 701 ἐλαίης
786 627 924 707 ἐγγίνεται

124 715 226 793 συχνά·
246 714 381 795 τρώγεται
395 714 424 773 δὲ
441 715 486 805 ῃαί
500 714 599 773 ἁπαλά
611 718 700 773 ταῦτα
716 715 762 772 καί
775 713 838 772 αὖα.
872 715 924 790 τὴν

125 803 155 862 δὲ
175 803 291 879 βύβλον
309 801 361 876 τήν
381 802 503 861 ἐπέτειον
520 803 676 882 γινομένην,
694 801 779 861 ἐπεάν
796 801 922 862 α’νασπά·

125 915 199 949 σωσι
213 895 242 947 ἐκ
255 893 310 948 τῶν
324 890 416 959 ἑλέων,
430 889 465 948 τοὶ
477 892 529 965 μὲν
543 887 598 948 ἅνω
614 889 699 964 αὐτῆς
717 888 923 966 ἀποτάμνοντες

126 982 153 1039 ἐς
168 976 242 1035 ἄλλο
256 1002 284 1034 τι
299 976 446 1052 τράπουσι,
460 977 493 1036 τδ
512 977 542 1036 δέ
561 976 633 1035 κάτω
651 978 836 1052 λελειμμένον
853 976 923 1038 ὅσον

124 1090 156 1123 τε
171 1064 216 1123 ε’πί
231 1068 324 1142 πῆχυν
339 1064 486 1144 τρώγουσι,
502 1065 547 1123 καὶ
566 1065 717 1123 πωλέουσι·
740 1064 767 1123 οἰ
783 1065 813 1123 δέ
826 1063 860 1125 ἂν
877 1067 923 1126 καί

125 1152 212 1229 κάρτα
235 1151 394 1229 βούλωνται
417 1157 529 1231 χρηστῇ
552 1157 588 1230 τῇ
611 1151 717 1230 βύβλῳ
736 1154 872 1231 χρᾶσθαι,
894 1159 923 1214 ἐν

124 1241 249 1318 κλιβάνῳ
268 1240 398 1315 διαφανέϊ
415 1241 466 1299 πνί
481 1267 559 1303 αντες
577 1239 647 1298 ούτω
662 1239 811 1321 τρώγουσι.
846 1244 873 1300 οἰ
893 1242 925 1301 δέ

123 1355 195 1392 τινες
219 1327 307 1387 αὐτῶν
332 1329 401 1398 ζῶσι
428 1329 484 1388 εἰπδ
508 1333 562 1387 τῶν
587 1327 688 1405 ἰχθύων
711 1327 828 1404 μούνων·
858 1330 923 1394 τούς

125 1417 208 1476 ἐπεάν
228 1415 344 1493 λάβωσι
364 1416 409 1474 καί
430 1417 547 1485 ἐξέλωσι
566 1416 618 1490 τήν
639 1416 758 1491 κοιλίην,
777 1416 923 1478 αὐαίνουσι

124 1504 194 1581 πρός
206 1504 288 1580 ἥλιον
302 1505 347 1562 καὶ
362 1505 455 1562 ἔπειτα
470 1503 552 1567 αὔους
566 1503 661 1565 ε’όντας
675 1506 824 1563 σιτέονται.

79 1591 115 1652 93
166 1597 202 1651 Οἱ
222 1593 252 1651 δέ
270 1592 361 1671 ἰχθύες
378 1596 404 1650 οἰ
421 1591 548 1672 οἰγελαῖοι
566 1597 594 1650 ἐν
609 1593 661 1666 μὲν
675 1596 752 1650 τοῖσι
767 1596 923 1668 ποταμοῖσι

125 1679 158 1740 ού
176 1680 255 1756 μάλα
271 1682 404 1760 γίνονται·
424 1679 591 1756 τρεφόμενοι
612 1679 641 1737 δὲ
662 1685 691 1738 ἐν
706 1683 774 1757 τῇσι
794 1681 921 1758 λίμνῃσι,

124 1767 216 1827 τοιάδε
224 1773 345 1826 ποιεῦσι·
360 1768 443 1827 ε’πεάν
451 1774 543 1842 σφεας
552 1768 614 1845 ἐσίῃ
625 1767 738 1843 οἶστρος
746 1767 921 1838 κυΐσκεσθαι,

124 1854 263 1935 ἀγεληδόν
276 1854 435 1914 ἐκπλώουσι
452 1861 479 1917 ἐς
494 1855 546 1930 τήν
563 1854 724 1915 θάλασσαν·
745 1854 876 1936 ἡγέονται
892 1857 922 1917 δὲ

125 1947 151 2002 οἰ
168 1944 276 2019 ἔρσενες
292 1941 504 2019 ἀπορραίνοντες
517 1946 567 2002 τοῦ
585 1944 678 2018 θοροῦ·
701 1946 729 2001 αἰ
742 1942 772 2000 δὲ
790 1942 923 2020 ἑπόμεναι

125 2029 324 2100 ἀνακάπτουσι,
349 2031 396 2088 καὶ
418 2031 449 2100 ἐξ
472 2030 557 2090 αὐτοῦ
582 2031 751 2090 κυίσκονται·
782 2032 866 2091 ἐπεάν
892 2033 923 2092 δὲ

123 2117 243 2195 πλήρεες
254 2119 387 2198 γένωνται
398 2123 427 2178 ἐν
436 2122 472 2196 τῇ
481 2117 624 2196 θαλάσσῃ,
636 2117 818 2178 ἀναπλώουσι
831 2118 924 2180 ὀπίσω

125 2213 152 2270 ἐς
175 2208 244 2282 ἤθεα
267 2207 303 2265 τιί
327 2210 431 2266 ἑωυτῶν
453 2207 576 2265 ἕκαστοι.
617 2206 748 2286 ἡγέονται
771 2208 868 2282 μέντοι
889 2234 924 2289 γε

124 2295 216 2354 ούκέτι
226 2298 252 2354 οἱ
266 2294 352 2364 αύτοί,
362 2293 439 2352 άλλοί
448 2298 502 2354 τῶν
514 2294 620 2369 θηλέων
630 2294 736 2373 γίνεται
747 2293 766 2369 ἡ
777 2294 923 2375 ἡγεμονίη·

124 2383 273 2464 ἡγεύμεναι
292 2383 320 2441 δὲ
340 2380 486 2462 οἰγεληδδν,
500 2385 612 2440 ποιείσι
631 2380 757 2457 οἷόνπερ
771 2384 881 2443 ἐποίευν
897 2387 924 2445 οἰ

124 2474 241 2550 ἔρσενες·
268 2475 323 2531 τῶν
342 2471 397 2550 γοίρ
419 2469 478 2529 οἰῶν
499 2469 701 2547 ἀπορραίνουσι
727 2469 787 2529 κατ’
808 2471 923 2553 ὀλίγους

122 2564 178 2621 τών
202 2561 333 2640 κέγχρων,
352 2561 379 2616 οἱ
399 2558 429 2616 δὲ
449 2560 557 2633 ἔρσενες
578 2558 762 2617 καταπίνουσι
782 2558 923 2635 ἑπόμενοι·

124 2649 179 2708 εἰσί
193 2649 222 2707 δὲ
236 2652 262 2706 οἱ
277 2651 390 2727 κέγχροι
406 2643 483 2704 οὗτοι
500 2645 601 2723 ἰχθύες·
623 2649 653 2704 ἐκ
672 2646 701 2704 δὲ
717 2650 771 2705 τῶν
784 2671 923 2728 περιγινο·

121 2738 211 2812 μένων
224 2736 268 2794 καὶ
283 2736 323 2811 μὴ
338 2735 561 2810 καταπινομένων
575 2733 698 2813 κέγχρων
712 2737 739 2792 οἰ
754 2735 923 2812 τρεφόμενοι

124 2824 216 2902 ἰχθύες
233 2824 366 2904 γίνονται.
401 2821 428 2880 οἳ
444 2821 466 2879 δ’
481 2820 514 2881 ἂν
530 2821 620 2881 αὐτῶν
639 2821 732 2881 οἰλῶσι
751 2824 923 2888 ἐκπλώοντες

123 2918 150 2975 ἐς
166 2912 327 2980 θάλασσαν,
344 2911 491 2986 φαίνονται
508 2911 684 2987 τετριμμένοι
699 2909 736 2969 τά
752 2915 922 2989 ἐπαριστεριί

122 3004 177 3060 τῶν
203 2999 356 3074 κεφαλέων·
388 2997 415 3056 οἰ
440 2995 464 3056 δ’
487 2994 521 3056 όν
544 2997 636 3056 ὀπίσω
660 2997 863 3070 α’ναπλώοντες,
885 3000 923 3062 τὰ

115 3086 242 3158 ἐπιδεξιιί
261 3086 437 3165 τετρίφαται·
457 3082 605 3163 πάσχουσι
624 3085 654 3144 δέ
673 3090 762 3145 ταῦτα
782 3086 827 3146 διιί
847 3087 922 3147 τάδε·

102 3174 240 3253 ἐχόμεναι
249 3181 303 3253 τῆς
310 3181 366 3259 γῆς
376 3174 417 3238 ἐπ’
428 3173 567 3254 ἀριστερὰ
576 3173 776 3234 καταπλώουσι
782 3174 923 3236 ἐςθόλασ·

87 3284 163 3320 σαν·
186 3264 237 3324 καί
253 3266 468 3332 ἀναπλώοντες
485 3264 594 3335 ὀπίσω,
607 3267 659 3339 τῆς
676 3259 765 3335 αὗτῆς
782 3258 945 3336 ἆντῖγθλῖὓλ
