2040 3464
104 107 163 172 121]
430 110 591 158 mmmm.
856 115 900 160 ιιι

102 188 275 264 ἐπετελέσθη
287 187 321 247 τά
339 189 448 263 οἴκημα,
462 187 511 248 τάν
526 191 578 264 μὲν
590 190 717 264 βασιλέα
731 190 902 266 θησαυρίσαι

101 275 137 335 τά
149 273 281 353 χρήματα
295 280 323 335 ἐν
336 275 418 353 αὐτῷ·
434 276 537 354 χρόνου
551 277 581 335 δὲ
594 275 755 352 περιϊόντος,
769 278 819 337 τόν
830 282 902 338 οἰκο-

101 362 188 439 δόμον
203 364 267 439 περὶ
280 363 413 438 τελευτὴν
426 368 475 422 τοῦ
488 365 556 438 βίου
575 363 654 422 ἐόντα
669 364 901 428 ἀνακαλέσασθαι

100 452 166 514 τούς
182 450 290 520 παῖδας,
305 450 387 531 (εἶναι
402 452 456 531 γάρ
470 451 543 528 αὐτῷ
556 451 626 528 δύα)
640 452 767 511 τούτοισι
785 453 814 511 δὲ
830 453 901 530 α’πη·

100 538 248 619 γήσασθαι
267 539 302 601 ὥς
321 540 428 599 ἐκείνων
446 540 587 616 προορέων
606 539 675 601 ὅκως
692 541 760 615 βίον
776 541 902 616 ἄφθονον

101 629 195 706 ἔχωσι,
219 627 388 706 τεχνάσαιτο
416 629 581 703 οἰκοδομέων
607 628 656 687 τόν
681 630 823 706 θησαυρόν
850 635 900 692 τοῦ

100 716 248 791 βασιλέος·
269 716 383 790 σαφέως
403 716 432 774 δὲ
449 714 560 775 αὐτοῖσι
579 715 671 775 πάντα
692 717 901 798 ἐξηγησάμενον

100 803 137 862 τά
154 804 218 881 περὶ
238 802 289 878 τὴν
308 803 446 880 ἐξαίρεσιν
463 807 513 862 τοῦ
534 805 624 873 λίθου,
641 803 735 863 δοῦναι
754 804 790 864 τά
810 807 901 882 μέτρα

100 888 193 963 αὐτοῦ,
205 891 325 970 λέγοντα
336 890 371 953 ως
383 893 470 949 ταῦτα
482 889 726 965 διαφυλάσσοντες
739 893 836 968 ταμίαι
845 898 899 952 τῶν

101 979 239 1053 βασιλέος
248 978 397 1057 χρημάτων
409 979 529 1037 έσονται.
556 980 602 1036 καὶ
611 978 660 1038 τάν
668 981 720 1055 μὲν
730 984 899 1056 τελευτῆσαι

100 1064 151 1126 τάν
162 1068 237 1142 βίον,
251 1066 316 1129 τούς
329 1066 358 1124 δὲ
375 1066 476 1129 παῖδας
489 1065 573 1125 αὐτοῦ
588 1065 637 1125 οὐκ
649 1072 682 1128 ’ἐς
693 1067 804 1144 μακρήν
818 1071 900 1148 ἔργου

101 1156 224 1232 ἔχεσθαι,
239 1154 406 1217 ἐπελθόντας
425 1154 454 1213 δὲ
471 1155 516 1212 ἐπὶ
533 1153 570 1214 τά
582 1155 724 1229 βασιλήια
739 1155 836 1219 νυκτός
853 1158 899 1216 καί

99 1243 150 1301 τόν
167 1243 249 1302 λίθον
265 1243 311 1301 ἐπὶ
327 1246 366 1320 τῷ
383 1241 583 1318 οἰκοδομήματι
601 1242 773 1319 άνευρόντας,
790 1245 901 1319 ῥηϊδίως

100 1330 359 1409 μεταχειρίσασθαι,
379 1331 425 1388 καὶ
444 1334 499 1388 τῶν
514 1328 664 1408 χρημάτων
684 1330 781 1388 πολλά
802 1332 898 1400 ἐξενεί-

102 1420 215 1478 κασθαι·
244 1418 279 1481 άς
302 1419 332 1477 δὲ
357 1423 451 1496 τυχεῖν
473 1418 523 1477 τόν
545 1421 672 1494 βασιλέα
695 1418 842 1487 ἀνοίξαντα
865 1424 898 1480 τά

100 1507 211 1583 οἴκημα,
226 1505 372 1583 θωυμάσαι
390 1507 482 1565 ἰδόντα
498 1511 553 1565 τῶν
565 1505 715 1584 χρημάτων
729 1507 847 1565 καταδεᾶ
862 1507 898 1566 τά

100 1593 213 1674 άγγήῖα·
242 1593 291 1653 οὐκ
314 1592 387 1673 έχειν
410 1594 440 1652 δὲ
464 1593 496 1652 όν
519 1620 580 1651 τινα
605 1597 768 1663 ἐπαιτιᾶται,
790 1599 845 1653 τῶν
868 1621 899 1654 τε

100 1681 267 1759 σημάντρων
283 1681 382 1741 ἐόντων
398 1681 477 1740 σάων
496 1682 541 1739 καὶ
559 1686 608 1739 τοῦ
629 1681 778 1756 οἰκήματος
796 1686 899 1742 κεκλει-

99 1770 193 1843 μένου·
215 1769 250 1832 οἷς
271 1770 300 1828 δὲ
321 1769 393 1847 αὐτῷ
414 1770 460 1827 καὶ
480 1769 521 1831 δὶς
541 1770 587 1827 καὶ
607 1770 666 1844 τρίς
686 1767 826 1838 άνοίξαντι
846 1774 899 1830 αἰεὶ

100 1856 216 1916 ἐλάσσω
233 1858 384 1932 φαίνεσθαι
401 1856 437 1915 τά
455 1855 595 1934 χρήματα,
610 1857 685 1935 (τούς
702 1856 757 1937 γάρ
777 1858 899 1922 κλέπτας

100 1943 150 2003 οὐκ
170 1945 274 2004 α’νιέναι
294 1944 487 2025 κεραΐζοντας)
504 1946 625 2019 ποιῆσαί
643 1971 691 2021 μιν
711 1945 785 2004 τάδε·
806 1946 899 2027 πάγας

99 2032 257 2109 προστάξαι
276 2031 460 2110 ἐργάσασθαι,
478 2033 523 2090 καὶ
541 2032 643 2095 ταύτας
660 2034 724 2109 περὶ
741 2033 777 2092 τά
795 2033 899 2114 άγγήία

100 2124 129 2178 ἐν
149 2125 226 2180 τοῖσι
246 2119 282 2181 τά
302 2119 432 2196 χρήματα
454 2125 517 2195 ἐνῆν
538 2125 654 2195 στῆσαι·
676 2126 730 2180 τῶν
750 2121 779 2178 δὲ
799 2127 899 2198 φωρῶν

100 2207 194 2284 ὥσπερ
209 2214 237 2267 ἐν
255 2202 292 2287 τῷ
306 2207 360 2285 πρά
377 2213 428 2267 τοῦ
441 2208 532 2286 χρόνῳ
546 2207 691 2278 ἐλθόντων,
707 2209 752 2267 καὶ
771 2210 897 2278 ἐνδόντος

99 2301 150 2354 τοῦ
174 2298 267 2373 ἑτέρου
289 2295 386 2364 αὐτῶν,
410 2297 468 2354 ἐπεὶ
488 2296 559 2372 πρός
578 2294 611 2355 τά
633 2295 720 2377 ἄγγος
740 2299 898 2373 προσῆλθε,

101 2385 178 2447 ἰθέως
189 2389 224 2462 τῇ
237 2383 313 2464 πάγη
327 2384 481 2462 ἐνέχεσθαι·
502 2384 538 2446 οἷς
551 2384 580 2443 δὲ
592 2389 697 2464 γνῶναιΙ
707 2383 793 2444 αὐτόν
807 2389 835 2443 ἐν
849 2385 898 2464 οἴῳ

100 2477 174 2550 κακῷ
186 2471 228 2547 ἦν,
241 2473 317 2534 ἰθέως
331 2472 440 2530 καλέειν
450 2472 498 2531 τόν
509 2471 648 2547 άδελφεδν
657 2472 702 2528 καὶ
715 2471 819 2546 δηλοῦν
827 2471 899 2551 αάτῷ

98 2559 135 2618 τά
145 2558 291 2636 παρεόντα,
303 2561 349 2617 καὶ
363 2557 483 2618 κελεύειν
492 2559 544 2633 τήν
553 2559 692 2637 ταχίστην
703 2559 821 2618 ἐσδύντα
830 2558 898 2618 άπο·

98 2647 212 2724 τάμνειν
232 2646 316 2706 αὐτοῦ
333 2645 385 2721 την
402 2646 538 2721 κεφαλήν,
556 2645 625 2707 ὅκως
641 2645 681 2720 μή
699 2645 782 2709 αὐτάς
801 2645 900 2721 ὀφθεὶς

100 2736 147 2793 καὶ
159 2736 322 2816 γνωρισθεὶς
336 2733 366 2796 δς
382 2733 423 2809 εἰη
437 2736 652 2809 προσαπολέσει
666 2733 712 2791 καὶ
728 2737 839 2793 ἐκεῖνον·
860 2738 900 2813 τῷ

100 2823 130 2880 δὲ
143 2823 222 2891 δόξαι
236 2822 264 2881 εὖ
278 2823 380 2902 λέγειν,
391 2822 437 2879 καί
450 2821 572 2895 ποιῆσαί
582 2846 630 2895 μιν
641 2820 791 2880 πεισθέντα
801 2825 899 2880 ταῦτα·

100 2911 147 2968 καὶ
163 2907 380 2987 καταρμόσαντα
394 2908 444 2968 τάν
459 2908 541 2968 λίθον
558 2907 668 2966 α’πιέναι
689 2906 731 2967 ἐπ’
745 2908 830 2978 οἴκου,
849 2909 898 2983 φέ-

100 2981 186 3076 ρδντα
208 2998 261 3073 τὴν
284 2994 413 3073 κεφαλήν
436 3001 487 3055 τοῦ
511 2995 657 3070 ἀδελφεοῦ.
701 2995 736 3058 εἰς
759 2995 789 3054 δὲ
809 2995 900 3074 ἡμέρη

102 3085 219 3167 ἐγένετο,
234 3082 389 3144 ἐσελθόντα
404 3081 454 3142 τδν
466 3082 594 3159 βασιλέα
612 3088 639 3146 ἐς
655 3081 689 3143 τό
703 3083 807 3160 οἴκημα
824 3089 904 3143 ἐκπε-

101 3174 237 3251 πλῆχθαι,
251 3171 368 3249 άρέοντα
386 3170 419 3232 τό
437 3176 525 3251 σῶμα
542 3175 593 3234 τοῦ
613 3171 713 3253 φωρὸς
732 3178 762 3233 ἐν
784 3199 826 3250 τη
844 3170 936 3246 πάγη)

90 3259 157 3316 15va
170 3263 221 3333 τῆς
233 3263 365 3336 κεφαλῆς
379 3261 436 3333 ἐάν,
451 3263 487 3326 τό
501 3263 535 3327 δὲ
554 3265 668 3345 οἴκημα
681 3261 801 3332 ἆαιυὶς,
813 3257 868 3320 καλι
885 3252 960 3312 οἶαι
