2040 3464
104 107 245 172 ιιι-ιιι]
447 110 560 159 mm.
842 121 847 132 ·
874 107 904 159 ιν

144 182 304 268 Ἀστυάγης
322 189 375 264 μέν
394 215 443 249 νυν
462 186 642 265 βασιλεύσας
664 185 706 246 ἔπ’
722 187 785 246 ἔτεα
801 187 951 246 πέντε130

103 272 150 332 καὶ
162 272 318 350 τριήκοντα,
330 275 400 334 οὕτω
412 279 462 351 τῆς
473 276 629 352 βασιληίης
639 274 828 348 κατεπαύσθη·
843 277 906 349 Μή·

102 361 147 418 δοι
160 359 191 418 δὲ
202 360 347 440 ῦπέκυψαν
361 363 494 441 Πέρσησι
508 363 553 421 διά
566 362 618 438 τήν
629 361 730 421 τούτου
742 361 904 436 πικρότητα,

102 445 235 524 εἴρξαντες
254 452 305 523 τῆς
325 448 497 513 άνωἈλυος
516 453 645 524 ποταμοῦ
665 447 764 525 Ἀσίης
783 447 824 506 ἐπ’
844 450 905 507 ἔτεα

101 535 251 620 τριήκοντα
269 537 316 594 καὶ
335 537 432 597 ἑκατόν
449 538 519 597 δυιῦν
536 538 641 606 δέοντα,
655 538 745 614 παρὲξ
760 535 779 612 ἢ
795 536 864 597 ὅσον
878 541 905 596 οἱ

95 621 210 686 ’Σκύθαι
222 622 320 702 ἦρχον.
354 624 461 704 ῦστέρῳ
474 626 569 700 μέντοι
582 625 673 705 χρόνῳ
685 625 863 701 μετεμέλησέ
873 624 905 683 τέ

101 716 160 785 σφι
178 716 267 771 ταῦτα
285 712 426 788 ποιήσασι
446 715 492 771 καὶ
510 713 676 789 άπέστησαν
695 712 752 772 οἷπῦ
774 713 904 789 Δαρείου·

101 797 277 863 ἀποστάντες
301 801 330 859 δὲ
350 800 442 860 ὀπίσω
463 801 718 878 κατεστράφθησαν
735 800 813 880 μάχη
830 827 903 876 νικη-

102 885 205 950 θέντες·
226 887 291 948 τότε
308 888 337 948 δὲ
358 891 404 947 ε’πὶ
418 889 588 971 Ἀστυάγεος
609 893 635 948 οἱ
651 890 763 965 Πέρσαι
777 915 808 948 τε
825 888 871 946 καὶ
887 887 904 949 ά

103 977 198 1050 Κῦρος
218 976 424 1041 ἐπαναστάντες
443 982 520 1037 τοῖσι
537 978 672 1052 Μήδοισι,
693 977 782 1056 ἦρχον
796 977 829 1036 τά
847 976 904 1037 άπδ

101 1061 202 1122 τούτου
218 1069 269 1140 τῆς
288 1063 396 1140 Ἀσίης.
430 1064 589 1145 Ἀστυάγεα
606 1066 635 1124 δὲ
652 1069 745 1142 Κῦρος
760 1064 846 1123 κακόν
859 1063 905 1123 ού·

102 1148 148 1207 δὲν
165 1149 240 1210 άλλο
260 1152 383 1227 ποιήσας
402 1153 459 1231 εἶχε
474 1152 538 1229 παρ’
554 1157 642 1232 ἑωυτῷ
656 1159 683 1215 ές
699 1152 715 1211 δ
730 1152 903 1228 ἐτελεύτησε.

102 1235 173 1296 οὕτω
186 1237 220 1314 δή
235 1244 329 1316 Κῦρος
338 1239 485 1322 γενόμενός
497 1267 529 1299 τε
539 1243 586 1298 καὶ
595 1242 710 1316 τραφεὶς
721 1241 901 1315 ἐβασίλευσε,

102 1325 148 1382 καὶ
167 1331 294 1404 Κροῖσον
311 1327 430 1406 ὕστερον
446 1328 550 1387 τούτων
568 1327 690 1405 ἄρξαντα
708 1327 812 1402 άδικίης
825 1353 904 1386 κατε·

101 1413 253 1490 στρέψατο,
276 1414 312 1478 (ῦς
332 1417 441 1493 εἴρηταί
458 1441 508 1490 μοι
528 1415 562 1474 τό
583 1415 727 1493 πρότερον,
748 1419 847 1474 τοῦτον
873 1415 903 1476 δὲ

102 1502 373 1580 καταστρεψάμενος,
388 1504 459 1563 οῦτω
472 1503 565 1579 πάσης
579 1507 628 1579 τῆς
641 1502 741 1578 Ἀσίης
753 1502 829 1578 ἦρξε.

142 1591 256 1667 Πέρσας
264 1592 293 1650 δὲ
304 1593 366 1651 οἶδα
377 1591 490 1669 νόμοισι
499 1592 593 1651 τοῖσδε
601 1592 780 1671 χρεωμένους·
795 1590 881 1672 άγάλ-
892 1592 946 1652 131

99 1701 175 1752 ματα
194 1681 244 1753 μὲν
259 1681 303 1739 καὶ
320 1680 400 1755 νηούς
420 1681 465 1738 καὶ
481 1680 595 1756 βωμοῦς
614 1678 664 1738 οῦκ
681 1685 709 1738 ἐν
723 1678 798 1758 νόμῳ
811 1706 902 1739 ποιευ-

98 1765 198 1840 μένους
226 1766 376 1842 ἶδρύεσθαι,
398 1767 475 1826 άλλά
500 1768 545 1825 καὶ
568 1770 645 1828 τοῖσι
665 1772 776 1827 ποιεῦσι
796 1770 903 1844 μωρίην

100 1855 276 1929 ἐπιφέρουσι,
298 1855 334 1918 ὦς
353 1858 406 1932 μὲν
426 1856 488 1932 ε’μοὶ
510 1856 606 1925 δοκέει,
626 1855 668 1915 ὅτι
690 1854 739 1914 οὐκ
760 1855 901 1933 α’νθρωπο·

99 1942 187 2012 φυέας
210 1943 343 2017 ε’νόμισαν
363 1943 426 2006 τοῦς
449 1943 535 2012 θεούς,
562 1942 683 2021 κατάπερ
706 1947 733 2002 οἱ
752 1943 900 2019 Ἕλληνες,

99 2028 177 2086 εἶναι.
213 2033 239 2089 οἶ
260 2031 288 2089 δὲ
309 2032 454 2105 νομίζουσι
478 2032 525 2089 Διῒ
544 2034 596 2105 μὲν
616 2031 661 2089 ε’πὶ
680 2031 717 2089 τά
736 2030 901 2107 ῦψηλότατα

97 2119 152 2174 τιῦν
166 2116 267 2193 οὐρέων
280 2117 479 2194 α’ναβαίνοντες
492 2117 615 2200 [θυσίας]
630 2118 723 2195 ἕρδειν,
734 2117 784 2178 τδν
797 2118 900 2179 κύκλον

97 2202 189 2262 πάντα
204 2210 255 2264 τοῦ
270 2204 387 2282 ούρανοῦ
407 2207 462 2264 Δία
483 2208 637 2269 καλέοντες·
666 2207 764 2266 θύουσι
781 2207 810 2265 δὲ
825 2206 898 2286 ήλίῳ

96 2315 128 2349 τε
149 2292 195 2350 καὶ
216 2293 323 2372 σελήνῃ
345 2293 390 2352 καὶ
409 2298 448 2373 γῇ
467 2295 513 2352 καὶ
528 2295 593 2369 πυρὶ
611 2294 656 2351 καὶ
676 2293 755 2352 ῦδατι
773 2295 819 2353 καὶ
838 2294 898 2355 α’νέ·

95 2404 187 2454 μοισι·
208 2380 334 2440 τούτοισι
348 2384 399 2458 μὲν
413 2382 446 2456 δή
460 2381 590 2457 μούνοισι
605 2381 705 2440 θύουσι
719 2381 850 2459 άρχῆθεν.

136 2465 382 2544 Ἐπιμεμαθήκασι
403 2469 432 2527 δὲ
453 2469 498 2527 καὶ
519 2473 554 2546 τῇ
576 2467 699 2549 Οὐρανίη
720 2469 802 2539 θύειν,
820 2466 898 2547 παρά

95 2580 127 2614 τε
145 2553 304 2632 Ἀσσυρίων
319 2557 454 2631 μαθόντες
475 2558 520 2615 καὶ
539 2557 690 2634 Ἀραβίων·
718 2558 852 2616 καλέουσι
867 2558 897 2616 δὲ

94 2639 244 2720 Ἀσσύριοι
260 2643 312 2719 τήν
324 2643 493 2721 Ἀφροδίτην
511 2646 651 2714 Μύλιττα,
664 2643 796 2722 Ἀράβιοι
809 2645 838 2703 δὲ
847 2645 897 2702 ’Ἀ-

94 2733 185 2800 λιττα,
194 2733 306 2806 Πέρσαι
320 2731 349 2790 δὲ
364 2733 483 2808 Μίτραν.
513 2735 604 2808 Θυσίη
615 2733 643 2791 δὲ
656 2735 733 2791 τοῖσι
743 2732 876 2810 Πέρσῃσι
887 2731 942 2792 132

93 2820 158 2895 περὶ
171 2818 235 2881 τοῦς
250 2820 407 2896 εἰρημένους
425 2820 504 2883 θεοῦς
517 2820 566 2895 ἥδε
580 2821 742 2895 κατέστηκε·
763 2819 827 2878 οὔτε
839 2821 894 2895 βω·

93 2906 162 2982 μοῦς
175 2911 316 2965 ποιεῦνται
330 2905 394 2966 οῦτε
406 2911 461 2984 πῦρ
472 2907 645 2967 ἀνακαίουσι·
658 2909 811 2985 μέλλοντες
822 2907 896 2967 θύειν

93 2993 126 3053 ού
145 2995 256 3072 σπονδή
271 2997 413 3073 χρέωνται,
431 2994 492 3055 ούκὶ
511 2996 596 3074 αὐλῷ,
612 2995 643 3054 ού
662 2996 816 3072 στέμμασι,
833 2995 894 3054 ούκὶ

93 3081 206 3160 οὐλῇσι·
232 3087 287 3142 τῶν
307 3083 338 3142 δὲ
360 3082 395 3146 (ῦς
418 3083 525 3162 ἑκάστῳ
547 3084 622 3143 θύειν
646 3085 731 3152 θέλι,
754 3089 781 3146 ἐς
802 3087 894 3162 χῶρον

88 3170 213 3246 καθαράν
225 3170 341 3253 α’γαγιῦν
352 3169 387 3234 τό
406 3176 507 3252 κτῆνος
522 3173 621 3235 καλέει
632 3173 683 3236 τδν
698 3172 778 3242 δεδυ,
787 3177 916 3243 ὶστεφα·

78 3258 198 3330 νωμένος
218 3260 272 3320 τόν
287 3259 394 3343 τιάραν
415 3266 550 3349 μυρσίνῃ
573 3265 725 3347 μάλιστα.
766 3259 867 3332 ὶωυςῧξ
886 3254 941 3328 xe&
