2040 3464
109 130 251 194 105-109]
425 130 587 179 ΕΎΤΕΡΠΗ.
862 128 907 178 157

146 214 253 269 Τοῦτον
261 207 295 284 δὴ
302 207 353 268 τδν
361 208 515 289 Αἰγύπτιον
524 208 687 283 Σέσωστριν
695 205 888 286 α’ναχωρέοντα
898 207 952 268 107

108 298 153 355 καὶ
174 296 313 378 α’νοίγοντα
332 296 459 359 πολλοὺς
480 295 640 372 ἀνθρώπους
659 299 714 354 τῶν
735 294 833 355 ἐθνέων
852 298 908 355 τῶν

107 383 155 446 τὰς
175 384 268 462 χώρας
288 382 506 461 κατεστρέψατο,
528 385 626 462 ἔλεγον
647 386 674 441 οἱ
697 382 772 459 ἱρέες,
795 385 857 441 ἐπεί
876 409 908 441 τε

107 472 216 550 ἐγένετο
233 471 467 548 ἀνακομιζόμενος
483 476 512 531 ἐν
526 471 663 549 Δάφνῃσι
678 475 746 550 τῇσι
762 472 908 546 Πηλουσί-

105 585 166 637 ῃσι,
184 559 234 620 τδν
254 558 394 635 ἀδελφεόν
414 563 516 619 ἑωυτοῦ
535 564 573 638 τῷ
593 560 727 636 ἐπέτρεψε
748 560 908 636 Σέσωστρις

104 646 158 721 την
178 647 328 728 Αἴγυπτον,
349 651 448 707 τοῦτον
469 647 515 706 ἐπὶ
535 648 621 716 ξείνια
642 646 727 706 αὐτόν
748 647 908 706 καλέσαντα

106 735 152 792 καὶ
169 735 240 811 πρός
257 735 330 814 αὐτῷ
345 737 410 798 τούς
427 735 535 804 παῖδας,
555 738 724 812 περινηῆσαι
737 736 835 804 ἔξωθεν
854 735 907 810 την

105 822 194 898 οἰκίην
208 822 263 902 ὕλη
281 822 489 900 περινηήσαντα
508 824 537 882 δὲ
555 823 729 898 ὑποπρῆσαι·
749 824 798 882 τδν
819 823 856 893 δὲ,
871 823 906 886 ω’ς·

104 911 203 984 μαθεῖν
226 915 319 980 τοῦτο,
341 910 441 969 αὐτίκα
461 910 712 988 συμβουλεύεσθαι
731 915 767 988 τῇ
787 915 905 991 γυναικί·

104 996 150 1054 καὶ
162 996 217 1077 γδρ
232 997 265 1073 δὴ
280 998 326 1057 καὶ
338 998 390 1073 τήν
402 1001 519 1079 γυναῖκα
533 998 617 1058 αὐτόν
630 997 690 1074 ἅμα
703 997 831 1078 ἄγεσθαι·
852 999 905 1074 τήν

104 1083 136 1142 δέ
148 1089 174 1144 οἱ
188 1088 416 1162 συμβουλεῦσαι,
430 1090 484 1147 τῶν
497 1088 602 1145 παίδων
616 1086 715 1146 ἐόντων
730 1088 766 1156 ἐξ,
779 1087 844 1151 τούς
857 1087 905 1147 δύο

104 1173 150 1231 ἐπὶ
162 1173 214 1248 την
227 1174 318 1250 πυρήν
335 1174 494 1234 ἐκτείναντα
513 1179 678 1254 γεφυρῶσαι
696 1174 728 1232 τδ
750 1174 903 1252 καιόμενον,

103 1259 203 1325 αὐτοῦς
234 1261 257 1322 δ’
285 1261 327 1321 ἐπ’
355 1263 463 1321 ἐκείνων
494 1264 690 1338 ἐπιβαίνοντας
722 1261 903 1332 ἐκσώζεσθαι·

101 1352 189 1408 ταῦτα
202 1354 321 1425 ποιῆσαι
334 1350 383 1410 τόν
397 1351 567 1427 Σέσωστριν,
583 1351 628 1408 καὶ
643 1349 691 1408 δύο
709 1352 761 1425 μὲν
773 1354 828 1408 τῶν
841 1351 904 1409 παί·

103 1436 157 1495 δων
183 1443 354 1515 κατακαῆναι
376 1438 470 1516 τρόπῳ
497 1437 620 1517 τοιούτῳ,
643 1437 708 1499 τοδς
732 1437 761 1495 δὲ
788 1438 904 1501 λοιπούς

102 1523 284 1602 ἀποσωθῆναι
297 1527 356 1602 ἅμα
369 1531 407 1604 τῷ
419 1526 513 1603 πατρί.
548 1524 705 1600 Νοστήσας
718 1525 747 1583 δὲ
761 1526 776 1585 ὁ
792 1526 951 1588 {iam-108

102 1638 183 1689 στρις
196 1619 223 1677 ἐς
236 1615 288 1690 την
301 1615 444 1695 Αἴγυπτον
463 1616 508 1672 καὶ
523 1613 674 1690 τισάμενος
692 1613 741 1672 τδν
754 1613 902 1689 ἀδελφεὰν,

101 1704 139 1778 τῷ
156 1704 208 1777 μέν
226 1702 316 1782 ὁμίλῳ
329 1703 379 1762 τδν
397 1703 561 1783 ἐπηγάγετο,
578 1706 633 1761 τῶν
651 1701 700 1764 τᾶς
717 1702 809 1781 χώρας
826 1727 903 1761 κατε·

101 1790 253 1866 στρέψατο,
274 1790 362 1869 τούτῳ
382 1794 434 1867 μὲν
460 1790 526 1849 τάδε
554 1789 705 1868 ἐχρήσατο·
732 1789 797 1853 τούς
819 1791 852 1849 τέ
875 1793 901 1850 οἶ

102 1877 205 1945 λίθους,
219 1878 283 1941 τούς
304 1879 349 1937 ἐπὶ
369 1878 468 1938 τούτου
487 1883 537 1937 τοῦ
558 1880 696 1954 βασιλέος
717 1880 901 1953 κομισθέντας

102 1968 129 2027 ἐς
148 1970 200 2023 τοῦ
213 1965 376 2042 Ἡφαίστου
396 1965 428 2025 τδ
450 1964 518 2041 ἷρδν,
536 1966 630 2029 ἐόντας
649 1966 767 2047 μεγάθεϊ
786 1966 901 2043 περιμή-

103 2078 173 2122 κεας,
192 2051 269 2113 οὗτοι
289 2053 365 2129 ἦσαν
385 2056 411 2112 οἱ
433 2053 607 2117 ἑλκύσαντες·
630 2056 675 2112 καὶ
696 2054 745 2117 τοῖς
766 2055 900 2133 διώρυχας

100 2141 151 2203 τα,-
168 2145 217 2200 νῦν
235 2142 336 2204 ἐούσας
355 2147 383 2200 ἐν
398 2141 529 2221 Αἰγύπτῳ
545 2142 639 2204 πάσας
658 2140 733 2201 οὗτοι
750 2141 900 2222 ἅναγκαζό·

100 2253 180 2305 μενοι
194 2228 332 2306 ὤρυσσον·
354 2230 462 2288 ἐποίευν
479 2255 510 2287 τε
529 2229 579 2287 οὐκ
594 2230 699 2292 ἑκόντες
713 2231 855 2309 Αἴγυπτον
867 2231 901 2290 τδ

100 2317 167 2393 πρὶν
193 2321 295 2376 ἐοῦσαν
317 2317 477 2392 ἱππασίμην
501 2317 547 2375 καὶ
574 2317 782 2393 ἁμαξευομένην
804 2321 901 2376 πιῖσαν

101 2405 179 2464 ἐνδεᾶ
192 2405 304 2465 τούτων·
326 2403 382 2465 dud
395 2406 450 2485 γάρ
463 2403 562 2463 τοίτου
574 2408 624 2463 τοῦ
638 2405 740 2482 χρόνου
751 2406 899 2485 Αἴγυπτος,

101 2496 189 2552 ἐοῦσα
211 2493 307 2556 πεδιοὶς
325 2497 415 2562 πᾶσα,
437 2492 556 2555 ἄνιππος
583 2490 628 2549 καὶ
649 2491 836 2566 ἀναμάξευτος
855 2493 899 2553 νέ·

100 2603 174 2660 γονε·
196 2583 282 2640 αἴτιαι
297 2580 327 2640 δὲ
340 2580 444 2640 τούτων
458 2585 486 2638 αἱ
500 2579 630 2656 διώρυχες
644 2578 787 2659 γεγόνασι,
802 2584 900 2639 ἐοῦσαι

103 2670 208 2728 πολλαὶ
222 2670 268 2727 καὶ
281 2670 429 2732 παντοίους
444 2666 565 2744 τρόπους
580 2669 705 2745 ἐχουσαι.
748 2667 900 2742 κατέταμνε

100 2757 130 2814 δὲ
150 2757 231 2816 τοῦδε
253 2757 342 2816 εἵνεκα
365 2757 417 2832 την
438 2755 532 2834 χώρην
553 2754 570 2813 δ
591 2753 740 2829 βασιλεύς·
762 2754 825 2812 ὅσοι
845 2759 900 2814 τῶν

100 2845 259 2925 Αἰγυπτίων
279 2846 319 2921 μη
342 2845 387 2903 ἐπὶ
409 2848 447 2922 τῷ
467 2845 584 2921 ποταμῷ
605 2843 717 2915 ἔκτηντο
738 2841 787 2903 τοὶς
808 2840 900 2911 πόλις,

100 2932 167 2992 ἀλλ’
188 2933 352 3009 α’ναμέσους,
375 2929 459 3002 οὗτοι,
481 2930 550 2993 ὅκως
571 2955 603 2989 τε
627 2927 704 2987 ἐπίοι
723 2928 740 3002 ὁ
764 2929 898 3006 ποταμός,

99 3023 281 3092 σπανίζοντες
306 3020 412 3080 όδοῖτων
438 3019 639 3094 πλατυτέροισι
669 3016 798 3094 ἐχρέοντο
823 3021 900 3076 τοῖσι

99 3108 220 3186 πόμασι,
247 3114 278 3167 ἐκ
308 3106 436 3185 φρεάτων
464 3105 622 3188 χρεόμενοι·
658 3106 765 3166 τουτων
799 3106 848 3180 μὶν
871 3105 917 3176 λλ

95 3197 184 3253 εἵνεκα
211 3196 374 3274 κατετμήθη
400 3196 422 3275 ἦ
449 3199 610 3282 Αἴγυπτος.
661 3198 857 3269 Κατανέιμαι
878 3185 991 3286 RQ&

81 3280 136 3354 τήν
157 3282 260 3360 χώρην
279 3289 477 3368 Αἰγυπτίοισι
507 3289 611 3352 ἅπασι
632 3293 748 3350 τουτον
769 3287 883 3360 {mov
908 3291 962 3329 W
