2040 3464
119 107 150 155 το
428 107 611 155 ἭνοΔοςον
880 100 914 166 [Ι.

74 181 129 240 157
177 181 212 239 ‘0
230 185 283 258 μὲν
295 183 330 258 δη
345 189 434 245 ταῦτα
446 190 476 244 ἐκ
488 190 538 260 τῆς
551 185 616 244 ὁδοῦ
632 181 833 260 ἐντειλάμενος,
846 179 916 258 ἀπή-

117 271 203 327 λαυνε
219 274 246 330 ἐς
263 269 334 344 ἤθεα
345 271 382 330 τὰ
394 272 538 349 Περσέων.
572 271 704 347 Πακτύης
717 271 746 330 δέ
760 268 917 346 πυθόμενος

119 354 209 435 ἀγχοῦ
230 357 299 416 εἶναι
314 359 436 435 στρατόν
450 359 492 418 ἐπ’
505 359 604 419 ἑωυτόν
618 358 702 429 ἰόντα,
716 359 810 420 δείσας
829 356 918 435 ᾤχετο

106 442 229 524 Ιφεύγων
249 450 277 506 ἐς
298 446 408 524 Κύμην.
442 446 579 524 Μαζάρης
600 447 630 506 δέ
653 446 668 506 ὁ
690 446 788 521 Μῆδος
811 443 917 508 ἐλάσας

119 531 165 589 ἐπὶ
181 530 231 593 τοῖς
249 532 350 609 Σάρδις
365 538 415 593 τοῦ
434 534 530 611 Κύρου
549 539 671 610 στρατοῦ
685 537 787 610 μοῖραν
799 530 918 607 ὁσηνδή-

121 644 184 677 κοτε
204 620 281 696 ἔχων,
301 620 336 683 οἷς
352 621 402 680 ούκ
423 620 485 697 εὗρε
503 623 542 680 ἔτι
559 620 653 682 ἐόντας
669 619 734 683 τούς
751 619 826 696 ἀμφὶ
839 625 918 678 Πακ-

118 704 187 781 τύην
203 712 231 766 ἐν
248 706 375 784 Σάρδισι,
391 714 489 785 πρῶτα
506 711 558 784 ριέν
573 708 637 770 τούς
652 707 760 769 Λυδούς
774 704 919 786 ἠνάγκασε

118 792 169 854 τοῖς
186 793 281 872 Κύρου
300 795 414 858 ἐντολὰς
425 796 584 856 ἐπιτελέειν·
606 801 636 854 ἐκ
648 794 748 855 τούτου
761 795 790 852 δέ
804 799 918 854 κελευσ-

120 880 244 958 μοσύνης
262 884 350 941 Λυδοὶ
369 883 421 959 τὴν
436 888 534 943 πᾶσαν
555 883 661 943 δίαιταν
683 887 733 958 τῆς
754 881 818 957 ζόης
839 883 919 958 μετέ-

120 971 223 1044 βαλον.
266 969 402 1048 Μαζάρης
428 972 458 1030 δὲ
482 971 554 1047 μετοῖ
577 976 660 1031 τοῦτο
684 972 789 1047 ἔπεμπε
815 974 843 1032 ἐς
866 970 919 1044 τὴν

121 1055 221 1134 Κύμην
237 1056 383 1137 οἶγγέλους,
398 1059 533 1118 ἐκδιδόναι
550 1058 669 1118 κελεύων
685 1056 827 1133 Πακτύην·
848 1059 918 1118 οἶδὲ

60 1197 62 1201 ,
120 1149 245 1221 Κυμαῖοι
266 1145 397 1225 ἔγνωσαν,
417 1148 587 1222 συμβουλῆς
605 1146 670 1222 πέρι
687 1151 714 1208 ἐς
733 1145 796 1205 θεὸν
812 1143 919 1223 οἶνῷσαι

119 1230 169 1291 τόν
187 1237 216 1291 ἐν
237 1234 424 1313 Βραγχίδῃσι·
445 1234 480 1309 ἧν
492 1234 547 1314 γάρ
565 1233 662 1293 αὐτόθι
677 1233 810 1309 μαντήϊον
824 1238 853 1291 ἐκ
866 1260 919 1292 πα·

122 1322 202 1378 λαιοῦ
225 1320 375 1397 ἱδρυμένον,
397 1326 435 1400 τῷ
452 1321 544 1384 Ἴωνές
563 1347 595 1380 τε
617 1321 717 1383 πάντες
738 1321 783 1378 καὶ
804 1321 919 1384 Αἰολέες

120 1405 242 1466 ἐώθεσαν
254 1409 397 1486 χρέεσθαι·
419 1409 435 1468 ό
450 1409 478 1467 δὲ
491 1412 582 1488 χοῖρος
595 1406 676 1471 οὗτος
689 1409 750 1468 ἐστὶ
762 1411 813 1482 τῆς
825 1412 919 1484 Μιλη·

76 1495 204 1570 158σίης
227 1495 296 1571 ύπὲρ
320 1496 474 1573 Πανόρμου
494 1497 615 1573 λιμένος.
647 1498 813 1574 Πέμψαντες
837 1495 874 1556 ὧν
892 1499 920 1556 οἶ

122 1587 245 1659 Κυμαῖοι
267 1588 293 1666 ἔς
316 1585 380 1646 τούς
407 1585 565 1665 Βραγχίδας
593 1584 772 1661 θεοπρόπους,
795 1582 920 1660 εἰρώτευν

120 1671 184 1747 περὶ
205 1669 338 1746 Πακτύην
358 1671 451 1731 ὁκοῖόν
470 1699 499 1731 τι
518 1672 658 1734 ποιέοντες
677 1674 767 1731 θεοῖσι
786 1673 920 1747 μέλλοιεν

120 1759 338 1868 χαριεῖσθαι;’
326 1763 495 1837 επειρωτοῖσι
515 1760 546 1818 δέ
565 1766 621 1835 σφι
640 1765 728 1819 ταῦτα
738 1759 920 1864 χρηστήριον

124 1845 231 1951 ἐγένετο
252 1846 414 1906 κἐκδιδόναι
441 1847 573 1923 Πακτύην
597 1845 754 1926 Πέρσῃσιῗ
783 1850 871 1905 ταῦτα
889 1847 919 1905 δέ

121 1933 157 1995 οῖς
172 1931 403 2011 οἷπενειχθέντα”
384 1961 510 2010 ηκουσαν
524 1939 551 1993 οἱ
569 1934 731 2011 Κυμαῖοι,
716 1935 836 2011 ορμέατο
850 1935 919 1994 ἐκδι-

121 2020 207 2079 δόναι·
229 2020 404 2098 όρμεωμένου
425 2023 455 2082 δέ
474 2021 561 2102 ταύτῃ
577 2027 627 2082 τοῦ
645 2021 776 2096 πλήθεος,
790 2020 920 2098 Ἀριστό-

122 2108 195 2170 δικος
212 2108 227 2168 ό
244 2108 438 2186 Ἡρακλείδεω,
458 2109 527 2186 οἷνῆρ
546 2115 601 2170 τοῖν
621 2109 715 2169 άστῶν
735 2108 785 2168 ἐῶν
798 2109 918 2186 δόκιμος,

122 2197 188 2274 ἔσχε
207 2195 247 2273 μη
267 2202 386 2272 ποιῆσαι
401 2202 489 2257 ταῦτα
510 2198 660 2275 Κυμαίους,
679 2195 817 2257 οἷπιστέων
830 2224 861 2257 τε
879 2204 919 2277 τῷ

119 2290 238 2363 χρησμῷ
260 2286 305 2343 καὶ
322 2286 422 2346 δοκέων
434 2286 498 2350 τούς
517 2285 688 2363 θεοπρόπους
701 2285 733 2344 ού
746 2286 838 2366 λέγειν
851 2285 920 2362 σ’λη·

122 2372 196 2442 θέως,
211 2378 238 2435 ἐς
256 2372 272 2432 ὃ
290 2373 323 2432 τό
340 2374 466 2451 δεύτερον
478 2375 543 2452 περὶ
558 2372 693 2433 Πακτύεω
707 2373 919 2450 ἐπειρησόμενοι

120 2458 209 2538 ᾔεσαν
228 2459 313 2519 ἄλλοι
335 2459 495 2539 θεοπρόποι,
516 2467 571 2521 τῶν
592 2462 638 2520 καὶ
661 2460 850 2538 Ἀριστόδικος
874 2461 919 2538 ἦν.

76 2545 328 2625 159Ἀπικομένων
349 2550 378 2607 δὲ
399 2555 426 2612 ἐς
447 2549 613 2631 Βραγχίδας,
635 2548 868 2627 ἐχρηστηριάζετο
889 2555 920 2609 ἐκ

22 2642 25 2648 ’
120 2633 229 2695 πάντων
247 2635 439 2713 Ἀριστόδικος
455 2638 619 2714 ἐπειρωτέων
632 2637 707 2695 τάδε·
729 2645 746 2670 “
755 2636 834 2705 ὦναξ,
848 2635 927 2712 ἦλθε·

122 2723 186 2800 παρ’
196 2723 284 2801 ἡμέας
295 2726 384 2800 ἱκέτης
398 2725 529 2801 Πακτύης
542 2725 558 2784 ό
571 2724 669 2795 Λυδός,
679 2723 788 2804 φεύγων
802 2724 922 2786 θάνατον

120 2812 215 2886 βίαιον
225 2811 294 2888 πρός
308 2814 450 2888 Περσέων·
466 2816 493 2872 οἱ
506 2813 537 2872 δέ
548 2840 596 2890 μιν
607 2813 782 2882 ἐξαιτέονται,
794 2817 920 2888 προεῖναι

121 2901 263 2975 Κυμαίους
277 2901 442 2964 κελεύοντες·
462 2900 542 2976 ἡμεῖς
556 2901 585 2959 δὲ
596 2899 778 2976 δειμαίνοντες
786 2900 838 2975 τήν
847 2907 920 2978 Περ·

120 2988 193 3046 σέων
211 2988 333 3065 δύναμιν,
350 2988 400 3048 τόν
419 2989 510 3064 ἱκέτην
529 2993 557 3052 ἐς
576 2988 638 3048 τόδε
660 2986 692 3046 ού
709 2986 920 3096 τετολμήκαμεν

121 3073 263 3145 ἐκδιδόναι,
277 3102 343 3152 πριν
354 3103 387 3136 αν
400 3075 433 3135 τό
447 3075 503 3135 άπδ
518 3080 569 3135 σεῦ
583 3075 650 3152 ημῖν
660 3075 804 3154 δηλωθη’
787 3076 921 3153 ατρεκέως

101 3157 225 3234 οκὸτερα
247 3163 416 3272 vocc'wsmf
457 3163 475 3225 ό
500 3166 554 3243 μὲν
574 3168 663 3224 ταῦτα
687 3162 828 3240 ἐπειρώτα·
858 3161 921 3223 ὁδ’

82 3238 169 3303 αὖτις
189 3269 246 3305 τον
261 3249 354 3312 αύτάν
367 3259 429 3332 σφι
447 3251 591 3336 χρησμόν
605 3253 716 3331 ἔφαινε,
731 3248 848 3311 κελεύων
862 3251 932 3310 εκδι·
