2040 3464
110 103 187 167 1-4]
434 105 596 152 οοτοοιιιι.
864 106 912 152 109

110 181 157 240 καὶ
178 182 297 261 ἐγένετο·
324 180 361 245 de
379 181 435 262 γοῗρ
453 181 544 255 διέτης
565 180 666 258 χρόνος
685 178 810 260 ἐγεγόνεε
824 183 911 236 ταῦτα

109 272 148 346 τῷ
175 269 288 344 ποιμένι
312 267 481 344 πρήσσοντι,
512 267 651 348 ἀνοίγοντι
676 266 728 341 τήν
754 265 840 340 θύρην
866 265 912 324 καὶ

109 354 217 414 ἐσιόντι
238 353 275 413 τό
302 354 399 413 παιδία
421 354 569 431 α’μφότερα
590 355 805 430 προσπίπτοντα
827 352 914 427 βεκός

109 440 240 515 ἐφώνεον,
263 441 398 521 ὀρέγοντα
420 441 471 504 τοὶς
491 445 594 518 χεῖρας·
623 441 659 500 τό
685 443 736 515 μὲν
759 439 793 514 δὴ
816 444 913 517 πρῶτα

109 527 232 590 ἀκούσας
245 528 352 606 ἥσυχος
367 528 403 602 ἦν
421 528 437 587 ό
454 528 567 603 ποιμήν,
583 527 619 590 οἷς
636 528 666 586 δὲ
678 527 803 586 πολλάκι
819 529 912 603 φοιτέ·

109 641 169 675 οντι
192 617 238 673 καὶ
262 616 453 694 ἐπιμελομένῳ
476 615 587 674 πολλόν
609 615 645 689 ἦν
670 619 753 674 τοῦτο
779 613 812 672 τό
838 615 912 686 ἐπος,

109 702 180 761 οὕτω
200 702 234 777 δή
256 701 384 780 σημήνας
402 708 440 780 τῷ
459 701 582 780 δεσπότῃ
598 702 688 782 ήγαγε
705 701 741 760 τό
754 701 852 760 παιδία
869 729 911 761 κε·

108 789 263 852 λεύσαντος
276 795 303 852 ἐς
316 789 382 866 ὄψιν
394 789 446 864 τήν
459 790 572 848 ἐκείνου·
594 789 717 851 α’κούσας
731 790 760 848 δὲ
773 791 819 847 καὶ
829 790 911 853 αύτός

108 876 326 956 όΨαμμίτιχος,
352 876 517 936 ἐπυνθάνετο
537 876 634 939 οἵτινες
654 876 804 953 ἀνθρώπων
823 877 909 952 βεκός

108 963 138 1021 τί
149 966 293 1023 καλέουσι·
319 964 525 1040 πυνθανόμενος
538 965 568 1023 δὲ
582 963 692 1041 εὕρισκε
706 964 815 1044 Φρύγας
829 966 905 1023 καλέ·

108 1075 190 1113 οντας
213 1051 263 1111 τόν
290 1050 385 1128 ἅρτον·
431 1051 501 1110 οὕτω
527 1052 727 1129 συνεχώρησαν
754 1052 908 1132 Αἰγύπτιοι,

108 1139 154 1195 καὶ
167 1139 282 1218 τοιούτῳ
296 1139 530 1214 σταθμησάμενοι
545 1140 698 1220 πρήγματι,
718 1140 782 1201 τούς
799 1138 909 1219 Φρύγας

107 1228 318 1302 πρεσβυτέρους
332 1227 401 1285 εἶναι
414 1231 528 1285 ἑωυτῶν.
564 1224 634 1285 Ὧδε
647 1230 698 1302 μὲν
710 1227 842 1306 γενέσθαι
854 1230 935 1287 τῶνῧ

108 1314 187 1388 ἱρέων
205 1320 255 1373 τοῦ
268 1313 430 1389 Ἡφαίστου
453 1319 482 1372 ἐν
502 1313 605 1389 Μέμφι
623 1314 733 1388 ἤκουον.
769 1313 908 1388 Ἕλληνες

107 1400 137 1458 δὲ
150 1402 268 1482 λέγουσι
282 1401 360 1460 ἅλλα
372 1427 403 1460 τε
418 1401 523 1475 μάταια
539 1402 645 1469 πολλᾶ,
668 1403 712 1459 καὶ
727 1400 762 1462 οἷς
774 1405 906 1481 γυναικῶν

105 1488 157 1550 τοῖς
178 1489 315 1568 γλώσσας
340 1490 356 1548 ό
378 1490 555 1567 Ψαμμίτιχος
581 1489 705 1565 ἐκταμοδν
724 1489 776 1563 τήν
803 1488 909 1548 διἀιταν

107 1574 192 1639 οὕτως
213 1577 367 1652 ἐποιήσατο
390 1581 444 1635 τῶν
471 1578 575 1635 παίδων
601 1576 678 1652 παραὶ
701 1575 821 1653 ταύτῃσι
839 1580 908 1653 τῇσι

105 1665 223 1744 γυναιξί.
265 1664 335 1723 κατοὶ
355 1666 406 1740 μὲν
427 1663 461 1738 δή
479 1663 531 1739 τήν
551 1664 661 1740 τροφήν
677 1669 732 1723 τῶν
746 1664 850 1722 παίδων
862 1690 908 1723 το·

105 1755 198 1809 σαῦτα
212 1753 318 1832 ἔλεγον·
344 1752 453 1826 ἤκουσα
467 1752 496 1810 δέ
510 1752 555 1809 καὶ
568 1751 645 1810 ἅλλα
659 1757 688 1811 ἐν
701 1753 804 1827 Μέμφι
819 1751 908 1812 ἐλθών

106 1843 134 1901 ἐς
151 1838 252 1919 λόγους
268 1843 345 1898 τὀἳσι
366 1842 455 1915 ἱρεῦσι
473 1843 522 1897 τοῦ
536 1839 708 1914 Ἡφαίστου.
751 1842 796 1898 καὶ
812 1839 907 1915 δήκαὶ

106 1930 134 1987 ἐς
161 1927 261 2004 Θήβας
286 1953 318 1986 τε
345 1927 390 1985 καὶ
418 1931 445 1988 ἐς
470 1926 656 1987 Ἡλιούπολιν
688 1927 778 1986 αὐτῶν
804 1927 908 1988 τούτων

106 2012 207 2073 εἵνεκεν
226 2015 392 2092 ἐτραπόμην,
417 2015 519 2073 ἐθέλων
542 2015 640 2074 εἰδέναι
661 2020 685 2074 εἰ
706 2015 906 2091 συμβήσονται

106 2105 182 2160 τοῖσι
197 2101 311 2182 λόγοισι
329 2106 406 2162 τοῖσι
425 2108 454 2161 ἒν
472 2102 584 2178 Μέμφι·
612 2105 639 2161 οἱ
657 2102 712 2183 γόρ
725 2102 907 2162 Ἠλιουπολῖ·

105 2214 152 2247 ται
161 2192 292 2269 λέγονται
301 2192 458 2271 Αἰγυπτίων
473 2189 541 2247 εἶναι
554 2190 727 2270 λογιώτατοι·
749 2191 785 2249 τοὶ
794 2192 846 2266 μέν
859 2217 908 2250 νυν

106 2277 169 2335 θεῖα
189 2281 243 2337 τῶν
263 2278 453 2358 ἀπηγημάτων
476 2277 521 2336 οἶα
542 2277 642 2352 ἤκουον
665 2277 715 2336 ούκ
738 2280 792 2354 εἰμὶ
813 2278 915 2354 πρόθυυ

105 2367 162 2440 μος1
177 2366 348 2446 ἐξηγέεσθαι,
372 2367 422 2434 ἔξω
437 2364 456 2441 ἦ
472 2364 508 2424 τοὶ
528 2366 667 2442 ου’νόματα
687 2365 775 2426 αὐτῶν
795 2371 906 2443 μοῦνον,

105 2454 222 2529 νομίζων
234 2454 340 2517 πάντας
356 2453 515 2530 ἀνθρώπους
533 2453 596 2512 ἴσον
611 2455 675 2531 περὶ
689 2454 778 2514 αὐτῶν
792 2455 906 2513 ἐπίστα·

106 2541 184 2600 σθαι·
207 2541 243 2600 τό
263 2539 341 2610 δ’,ἂν
362 2543 524 2617 ἐπιμνησθῶ
545 2541 642 2613 αὐτῶν,
668 2541 722 2601 ύπδ
747 2546 798 2601 τοῦ
818 2541 907 2622 λόγου

106 2629 359 2709 ἐξαναγκαζόμενος
373 2629 629 2705 ἐπιμνησθήσομαι.
666 2628 746 2688 Ὀσα
762 2629 792 2687 δὲ
805 2628 932 2706 ἀνθρώ-4

105 2716 176 2791 πήῖα
202 2717 355 2797 πρήγματα
380 2714 432 2775 ὦδε
459 2719 556 2798 ἐλεγον
583 2717 783 2798 ὁμολογέοντες
809 2718 905 2792 σφίσι·

105 2805 230 2881 πρώτους
253 2807 421 2885 Αἰγυπτίους
447 2804 597 2882 ἀνθρώπων
622 2804 750 2864 ἁπάντων
777 2804 907 2882 ἐξευρέειν

105 2892 155 2952 τόν
169 2892 299 2966 ἐνιαυτόν,
315 2893 436 2952 δυώδεκα
451 2893 537 2970 μέρεα
554 2893 727 2969 δασαμένους
744 2896 799 2952 τῶν
816 2892 905 2970 ώρέων

107 2987 134 3043 ἐς
147 2979 240 3040 αύτόν·
268 2984 356 3040 ταῦτα
369 2981 399 3039 δὲ
418 2981 549 3059 ἐξευρέειν
562 2986 659 3042 ἐκτῶν
674 2980 785 3059 όστρωυ
799 2981 909 3059 {maw-

101 3067 204 3147 ἄγουσι
217 3069 248 3128 δὲ
260 3070 369 3151 τοσῷδε
382 3071 554 3154 σοφώτερον
564 3071 734 3152 Ἑλλήνων,
742 3067 946 3148 {moniam

88 3152 149 3230 ὅσῳ
161 3153 304 3234 Έλληνες
314 3165 375 3240 μὲν
387 3163 439 3228 διὰ
455 3167 559 3248 τρίτου
576 3167 660 3232 ’έτεος
676 3159 852 3244 ἐμβόλιμον
868 3159 970 3220 ἔπερ·

72 3238 232 3309 βάλλουσι
255 3255 316 3311 τῶν
333 3254 437 3324 ώρέωυ
453 3260 582 3335 εἵνεκεν,
598 3257 776 3344 A'qx'mmz
788 3248 829 3308 δὶ
849 3253 995 3317 τριτημορ-
