2040 3464
107 140 111 146 Α
140 109 189 155 232
440 108 622 156 τινοιονον
873 106 940 170 [111.

140 185 301 245 ἀποπίπτει·
321 188 463 265 γυμνωθὲν
480 185 509 244 δὲ
526 184 559 244 τό
578 186 660 260 ξίφος
677 186 754 245 παίει
771 185 822 246 τόν
836 185 941 263 μηρόν·

138 273 338 349 τρωματισθεὶς
354 274 383 331 δὲ
403 272 472 331 κατά
485 276 567 332 τοῦτο
588 277 623 351 τῇ
638 272 720 335 αύτδς
735 272 873 350 πρότερον
889 273 941 334 τόν

137 365 192 419 τῶν
202 361 359 439 Αἰγυπτίων
373 359 531 419 θεὸνἈπιν
545 360 656 434 ἔπληξε,
668 358 703 422 ὥς
716 362 743 418 οἶ
756 361 849 438 καιρίῃ
863 361 942 430 ἔδοξε

138 448 282 523 τετύφθαι,
297 448 384 521 εἴρετο
398 447 413 505 ὁ
428 447 590 523 Καμβύσης
609 446 626 507 ὅ
646 472 674 506 τι
689 475 724 525 τῃ
743 447 813 507 πόλι
834 447 942 525 οὔνομα

139 537 198 611 εἶη;
220 538 247 594 οἱ
260 535 289 593 δὲ
303 534 384 592 εἶπαν
397 533 440 593 ὅτι
452 533 627 613 Ἀγβάτανα·
648 538 686 612 τῷ
704 535 734 593 δὲ
748 536 787 594 ἔτι
802 535 942 614 πρότερον

139 622 270 701 ἐκέχρητο
284 628 314 680 ἐκ
328 625 449 684 Βουτοῦς
462 622 569 689 πόλιος,
585 627 614 680 ἐν
625 621 832 700 Ἀγβατάνοισι
844 627 941 684 τελευ-

137 710 235 786 τήσειν
259 710 309 769 τόν
336 710 411 785 βίον·
438 707 455 769 ό
481 712 533 785 μὲν
560 709 594 782 δὴ
622 713 651 768 ἐν
677 712 753 768 τοῖσι
782 710 941 785 Μηδικοῖσι

138 796 342 877 Ἀγβατάνοισι
363 796 454 855 ἐδόκεε
474 796 652 871 τελευτήσειν
671 795 794 876 γηραιός,
812 801 841 855 ἐν
861 798 944 858 τοῖσί

138 888 164 943 οἱ
180 884 215 959 ἦν
231 884 321 943 πάντα
336 884 372 942 τοὶ
392 883 598 963 πρήγματα,τά
619 883 649 941 δέ
668 882 841 961 χρηστήριον
861 889 941 945 τοῖσι

140 976 168 1031 ἐν
182 973 268 1049 Συρίῃ
288 971 493 1051 Ἀγβατάνοισι
514 972 593 1050 έλεγε
613 969 676 1046 ἀρα·
698 971 744 1029 καὶ
764 971 797 1045 δη
819 970 856 1035 (ἀς
875 973 940 1033 τότε

138 1059 325 1135 ἐπειρεόμενος
353 1058 470 1118 ἐπύθετο
489 1061 540 1132 τῆς
559 1056 659 1121 πόλιος
684 1057 718 1116 τό
743 1055 857 1134 οὕνομα,
883 1060 941 1121 ύπδ

137 1151 187 1222 τῆς
200 1151 350 1224 συμφορῆς
368 1151 418 1221 τῆς
430 1172 461 1205 τε
480 1151 509 1203 ἐκ
528 1150 578 1204 τοῦ
593 1145 695 1226 Μάγου
709 1149 942 1227 ἐκπεπληγμένος

138 1235 184 1292 καὶ
203 1239 253 1293 τοῦ
276 1233 418 1311 τρώματος
443 1232 635 1308 ἐσωφρόνησε·
677 1233 835 1308 συλλαβῶν
856 1235 886 1293 δὲ
905 1235 941 1296 τδ

139 1322 306 1399 θεοπρόπιον
327 1322 395 1379 εἶπε·
423 1332 440 1355 “
450 1322 569 1380 ἐνθαῦτα
591 1319 754 1396 Καμβύσεα
775 1321 825 1381 τόν
842 1322 941 1399 Κύρου

138 1411 199 1468 ἐστὶ
212 1410 390 1486 πεπρωμένον
403 1406 560 1467 τελευτᾶν.”

91 1497 127 1552 65
177 1498 246 1557 Τότε
258 1501 309 1574 μὲν
321 1501 455 1556 τοσαῦτα·
476 1496 597 1573 ἡμέρῃσι
614 1495 644 1554 δὲ
661 1494 780 1572 ὕστερον
794 1494 829 1559 ὥς
849 1497 940 1559 εἴκοσι

135 1585 385 1663 μεταπεμψάμενος
396 1584 530 1660 Περσέων
542 1588 597 1642 τῶν
610 1584 768 1658 παρεόντων
781 1582 848 1647 τούς
860 1589 939 1667 λογι·

135 1672 285 1746 μωτάτους,
302 1673 382 1752 ἔλεγέ
398 1679 454 1746 σφι
474 1671 549 1729 τάδε·
571 1670 618 1728 “ὦ
641 1672 761 1747 Πέρσαι,
782 1674 940 1733 καταλελά-

135 1761 209 1835 βηκέ
226 1787 262 1836 με
282 1761 314 1819 τό
335 1760 444 1820 πάντων
464 1758 591 1834 μάλιστα
613 1760 746 1835 ἔκρυπτον
766 1759 941 1838 πρηγμάτων

134 1851 216 1906 ’τοῦτο
231 1853 257 1909 ἐς
271 1846 356 1923 ύμέας
374 1851 501 1924 ἐκφῇναι.
543 1846 596 1926 ἐγο)
611 1845 673 1926 γάρ,
690 1846 740 1905 ἐιδν
753 1847 955 1935 ἐνἈίγύπτῳξ

138 1934 210 1993 εἶδον
236 1934 301 2010 ὄψιν
322 1940 351 1993 ἐν
371 1938 409 2012 τῷ
428 1933 504 2011 ὕπνῳ
524 1933 577 2008 την
597 1932 713 2010 μηδαμά
734 1931 842 2008 ὄφελον
862 1935 939 1996 ἰδεῖν·

136 2020 244 2081 ἐδόκεον
257 2022 288 2080 δέ
299 2048 349 2097 μοι
362 2021 484 2101 ἀγγελον
498 2020 617 2081 ἐλθόντα
632 2022 662 2090 ἐξ
678 2021 754 2080 οἴκου
775 2019 938 2102 ἀγγέλλειν,

135 2108 170 2172 ὦς
186 2109 304 2186 Σμέρδις
325 2108 448 2184 ἱζόμενος
465 2112 492 2170 ἐς
511 2107 560 2167 τόν
575 2108 732 2184 βασιλήϊον
751 2108 851 2185 θρόνον
868 2119 938 2188 ψαύ-

134 2221 194 2254 σειε
213 2201 248 2274 τῇ
270 2201 382 2274 κεφαλῇ
402 2199 452 2254 τοῦ
474 2195 601 2271 ούρανοῦ·
629 2196 724 2258 δείσας
744 2196 773 2254 δὲ
792 2196 834 2273 μὴ
855 2197 938 2258 ἀπαι·

133 2286 218 2360 ρεθέω
251 2284 303 2360 τήν
335 2283 425 2361 ἀρχὴν
459 2283 529 2360 πρός
555 2287 607 2341 τοῦ
638 2282 787 2357 ἀδελφεοῦ,
816 2285 939 2361 ἐποίησα

134 2373 272 2451 ταχύτερα
286 2371 303 2447 ἢ
321 2370 480 2447 σοφώτερα·
503 2376 532 2429 ἐν
550 2377 585 2447 τῇ
603 2371 657 2451 γάρ
676 2370 836 2448 ἀνθρωπηίῃ
851 2373 938 2447 φύσει

135 2460 184 2520 ούκ
206 2467 269 2537 ἐνῆν
285 2461 339 2537 ἀρα
356 2461 388 2519 τό
407 2461 516 2534 μέλλον
536 2460 665 2538 γίνεσθαι
682 2457 860 2536 ἀποτρέπειν·
883 2461 938 2542 ἐγιδ

136 2549 165 2606 δὲ
192 2548 208 2608 ό
234 2548 351 2625 μάταιος
385 2546 562 2622 Πρηξάσπεα
593 2546 749 2622 ἀποπέμπω
781 2551 809 2608 ἐς
839 2549 938 2611 Σοῦσα

136 2635 336 2696 ἀποκτενέοντα
373 2634 501 2710 Σμέρδιν·
547 2634 760 2713 ἐξεργασθέντος
788 2633 819 2692 δὲ
852 2640 938 2695 κακοῦ

139 2723 272 2783 τοσούτου
285 2722 370 2785 ἀδεῶς
384 2721 541 2798 διαιτώμην,
558 2721 665 2796 ούδαμά
685 2721 884 2802 ἐπιλεξάμενος
897 2723 938 2800 μή

136 2813 201 2871 κοτέ
218 2812 260 2874 τίς
277 2837 334 2886 μοι,
355 2809 488 2886 Σμέρδιος
507 2809 740 2885 ὑπαραιρημένου,
759 2807 851 2873 ἀλλος
872 2816 937 2870 ε’πα-

137 2900 254 2975 νασταίη
265 2898 424 2974 ἀνθρώπων·
439 2895 542 2958 παντός
552 2897 581 2953 δὲ
591 2900 640 2954 τοῦ
649 2897 807 2971 μέλλοντος
820 2898 939 2959 ἔσεσθαι

135 2985 272 3063 ἁμαρτόν,
289 2984 509 3060 ἀδελφεοκτόνος
528 3011 568 3054 τε,
583 2983 660 3043 οὐδὲν
679 2983 748 3054 δέον,
762 2985 877 3066 γέγονα,
891 2988 939 3047 καὶ

128 3077 180 3149 τῆς
189 3074 350 3152 βασιληίης
365 3072 442 3133 οὐδὲν
454 3070 549 3149 ἧσσον
566 3072 727 3157 ἐστέρημαι·
749 3073 870 3150 Σμέρδις
882 3075 938 3156 γὰρ

121 3162 158 3240 (λη’
171 3163 241 3242 ἦνό
258 3164 374 3249 Μάγος,
392 3162 445 3224 τόν
466 3187 517 3242 μοι
532 3159 548 3222 ὅ
561 3160 666 3236 δαίμων
689 3160 840 3235 προέφαινε
855 3166 886 3222 ἐν
901 3165 939 3241 τῇ

110 3246 185 3327 ὄψει
200 3255 486 3333 ἐπαναστήσεσθαι.
530 3250 565 3313 τδ
580 3251 631 3327 μὶν
642 3248 681 3323 δὴ
694 3247 777 3324 *ww
790 3245 959 3324 QNWQ'*
