<?xml version="1.0" encoding="UTF-8"?>
<!DOCTYPE html PUBLIC "-//W3C//DTD XHTML 1.0 Transitional//EN"
    "http://www.w3.org/TR/xhtml1/DTD/xhtml1-transitional.dtd">
<html xmlns="http://www.w3.org/1999/xhtml" xml:lang="en" lang="en">
 <head>
  <title>
</title>
<meta http-equiv="Content-Type" content="text/html;charset=utf-8" />
  <meta name='ocr-system' content='tesseract 3.04.00' />
  <meta name='ocr-capabilities' content='ocr_page ocr_carea ocr_par ocr_line ocrx_word'/>
</head>
<body>
  <div class='ocr_page' id='page_1' title='image "./recensuitjoseph00herogoog_0251.png"; bbox 0 0 2040 3464; ppageno 0'>
   <div class='ocr_carea' id='block_1_1' title="bbox 53 110 963 3338">
    <p class='ocr_par' dir='ltr' id='par_1_1' title="bbox 134 110 939 1580">
     <span class='ocr_line' id='line_1_1' title="bbox 135 110 931 176; baseline -0.003 -12"><span class='ocrx_word' id='word_1_1' title='bbox 135 116 184 164; x_wconf 81' lang='grc' dir='ltr'>ιω</span> <span class='ocrx_word' id='word_1_2' title='bbox 439 115 623 164; x_wconf 73' lang='grc' dir='ltr'>Ἢιοιοτοι·</span> <span class='ocrx_word' id='word_1_3' title='bbox 863 110 931 176; x_wconf 76' lang='lat' dir='ltr'><strong>[11L</strong></span> 
     </span>
     <span class='ocr_line' id='line_1_2' title="bbox 134 191 933 272; baseline -0.006 -20"><span class='ocrx_word' id='word_1_4' title='bbox 134 193 298 272; x_wconf 87' lang='grc' dir='ltr'>γενομένους</span> <span class='ocrx_word' id='word_1_5' title='bbox 323 192 395 254; x_wconf 80' lang='grc' dir='ltr'>οὕτω</span> <span class='ocrx_word' id='word_1_6' title='bbox 422 194 456 269; x_wconf 84' lang='grc' dir='ltr'>δή</span> <span class='ocrx_word' id='word_1_7' title='bbox 482 193 547 257; x_wconf 78' lang='grc' dir='ltr'>τούς</span> <span class='ocrx_word' id='word_1_8' title='bbox 576 191 720 254; x_wconf 88' lang='grc' dir='ltr'>σκύλακας</span> <span class='ocrx_word' id='word_1_9' title='bbox 748 193 933 265; x_wconf 76' lang='grc' dir='ltr'>ἐπικρατῆσαι</span> 
     </span>
     <span class='ocr_line' id='line_1_3' title="bbox 135 276 933 357; baseline -0.005 -19"><span class='ocrx_word' id='word_1_10' title='bbox 135 285 186 339; x_wconf 83' lang='grc' dir='ltr'>τοῦ</span> <span class='ocrx_word' id='word_1_11' title='bbox 199 280 333 357; x_wconf 82' lang='grc' dir='ltr'>σκύμνου·</span> <span class='ocrx_word' id='word_1_12' title='bbox 355 281 401 341; x_wconf 86' lang='grc' dir='ltr'>καὶ</span> <span class='ocrx_word' id='word_1_13' title='bbox 416 281 466 340; x_wconf 82' lang='grc' dir='ltr'>τόν</span> <span class='ocrx_word' id='word_1_14' title='bbox 484 283 535 356; x_wconf 82' lang='grc' dir='ltr'>μὲν</span> <span class='ocrx_word' id='word_1_15' title='bbox 555 277 719 356; x_wconf 81' lang='grc' dir='ltr'>Καμβύσεα</span> <span class='ocrx_word' id='word_1_16' title='bbox 736 276 855 351; x_wconf 80' lang='grc' dir='ltr'>ἥδεσθαι</span> <span class='ocrx_word' id='word_1_17' title='bbox 868 277 933 336; x_wconf 84' lang='grc' dir='ltr'>θειό-</span> 
     </span>
     <span class='ocr_line' id='line_1_4' title="bbox 136 363 934 444; baseline -0.005 -18"><span class='ocrx_word' id='word_1_18' title='bbox 136 391 228 443; x_wconf 85' lang='grc' dir='ltr'>μενον,</span> <span class='ocrx_word' id='word_1_19' title='bbox 248 367 300 442; x_wconf 86' lang='grc' dir='ltr'>τῆν</span> <span class='ocrx_word' id='word_1_20' title='bbox 321 368 351 426; x_wconf 82' lang='grc' dir='ltr'>δὲ</span> <span class='ocrx_word' id='word_1_21' title='bbox 370 368 531 444; x_wconf 82' lang='grc' dir='ltr'>παρημένην</span> <span class='ocrx_word' id='word_1_22' title='bbox 554 366 688 443; x_wconf 78' lang='grc' dir='ltr'>δακρύειν·</span> <span class='ocrx_word' id='word_1_23' title='bbox 719 363 883 440; x_wconf 84' lang='grc' dir='ltr'>Καμβύσεα</span> <span class='ocrx_word' id='word_1_24' title='bbox 905 364 934 422; x_wconf 87' lang='grc' dir='ltr'>δέ</span> 
     </span>
     <span class='ocr_line' id='line_1_5' title="bbox 136 450 935 530; baseline -0.003 -18"><span class='ocrx_word' id='word_1_25' title='bbox 136 454 262 530; x_wconf 81' lang='grc' dir='ltr'>μαθόντα</span> <span class='ocrx_word' id='word_1_26' title='bbox 282 459 374 525; x_wconf 82' lang='grc' dir='ltr'>τοῦτο,</span> <span class='ocrx_word' id='word_1_27' title='bbox 395 455 555 528; x_wconf 85' lang='grc' dir='ltr'>ἐπείρεσθαι</span> <span class='ocrx_word' id='word_1_28' title='bbox 575 452 645 513; x_wconf 85' lang='grc' dir='ltr'>διότι</span> <span class='ocrx_word' id='word_1_29' title='bbox 671 451 799 527; x_wconf 60' lang='grc' dir='ltr'>δακρύω</span> <span class='ocrx_word' id='word_1_30' title='bbox 832 450 885 527; x_wconf 84' lang='grc' dir='ltr'>τῆν</span> <span class='ocrx_word' id='word_1_31' title='bbox 905 451 935 510; x_wconf 84' lang='grc' dir='ltr'>δὲ</span> 
     </span>
     <span class='ocr_line' id='line_1_6' title="bbox 139 538 936 619; baseline -0.006 -18"><span class='ocrx_word' id='word_1_32' title='bbox 139 545 231 612; x_wconf 84' lang='grc' dir='ltr'>εἰπεῖν,</span> <span class='ocrx_word' id='word_1_33' title='bbox 246 541 282 604; x_wconf 79' lang='grc' dir='ltr'>οῖς</span> <span class='ocrx_word' id='word_1_34' title='bbox 296 543 395 601; x_wconf 83' lang='grc' dir='ltr'>ἰδοῦσα</span> <span class='ocrx_word' id='word_1_35' title='bbox 408 541 457 602; x_wconf 82' lang='grc' dir='ltr'>τόν</span> <span class='ocrx_word' id='word_1_36' title='bbox 475 541 604 601; x_wconf 85' lang='grc' dir='ltr'>σκύλακα</span> <span class='ocrx_word' id='word_1_37' title='bbox 617 545 655 619; x_wconf 77' lang='grc' dir='ltr'>τῷ</span> <span class='ocrx_word' id='word_1_38' title='bbox 672 539 800 616; x_wconf 77' lang='grc' dir='ltr'>ἀδελφεῷ</span> <span class='ocrx_word' id='word_1_39' title='bbox 816 538 936 614; x_wconf 89' lang='grc' dir='ltr'>τιμωρή-</span> 
     </span>
     <span class='ocr_line' id='line_1_7' title="bbox 138 627 936 706; baseline -0.005 -18"><span class='ocrx_word' id='word_1_40' title='bbox 138 654 228 689; x_wconf 89' lang='grc' dir='ltr'>σαντα</span> <span class='ocrx_word' id='word_1_41' title='bbox 241 629 394 706; x_wconf 84' lang='grc' dir='ltr'>δακρύσειε,</span> <span class='ocrx_word' id='word_1_42' title='bbox 407 627 568 704; x_wconf 85' lang='grc' dir='ltr'>μνησθεῐσά</span> <span class='ocrx_word' id='word_1_43' title='bbox 579 654 611 687; x_wconf 92' lang='grc' dir='ltr'>τε</span> <span class='ocrx_word' id='word_1_44' title='bbox 625 627 758 704; x_wconf 77' lang='grc' dir='ltr'>Σμέρδιος</span> <span class='ocrx_word' id='word_1_45' title='bbox 771 627 817 684; x_wconf 87' lang='grc' dir='ltr'>καὶ</span> <span class='ocrx_word' id='word_1_46' title='bbox 829 628 936 702; x_wconf 85' lang='grc' dir='ltr'>μαθοῦ·</span> 
     </span>
     <span class='ocr_line' id='line_1_8' title="bbox 139 714 936 796; baseline -0.004 -20"><span class='ocrx_word' id='word_1_47' title='bbox 139 743 179 776; x_wconf 93' lang='grc' dir='ltr'>σα</span> <span class='ocrx_word' id='word_1_48' title='bbox 193 717 228 780; x_wconf 77' lang='grc' dir='ltr'>οῖς</span> <span class='ocrx_word' id='word_1_49' title='bbox 241 718 318 796; x_wconf 82' lang='grc' dir='ltr'>κείνῳ</span> <span class='ocrx_word' id='word_1_50' title='bbox 332 716 381 776; x_wconf 86' lang='grc' dir='ltr'>ούκ</span> <span class='ocrx_word' id='word_1_51' title='bbox 396 718 437 793; x_wconf 83' lang='grc' dir='ltr'>εἴη</span> <span class='ocrx_word' id='word_1_52' title='bbox 451 717 467 777; x_wconf 86' lang='grc' dir='ltr'>ό</span> <span class='ocrx_word' id='word_1_53' title='bbox 480 716 653 793; x_wconf 81' lang='grc' dir='ltr'>τιμωρήσων.</span> <span class='ocrx_word' id='word_1_54' title='bbox 684 714 824 789; x_wconf 87' lang='grc' dir='ltr'>Ἕλληνες</span> <span class='ocrx_word' id='word_1_55' title='bbox 835 716 888 790; x_wconf 81' lang='grc' dir='ltr'>μὲν</span> <span class='ocrx_word' id='word_1_56' title='bbox 901 714 936 790; x_wconf 80' lang='grc' dir='ltr'>δή</span> 
     </span>
     <span class='ocr_line' id='line_1_9' title="bbox 140 800 937 880; baseline -0.005 -18"><span class='ocrx_word' id='word_1_57' title='bbox 140 803 185 863; x_wconf 86' lang='grc' dir='ltr'>διαὶ</span> <span class='ocrx_word' id='word_1_58' title='bbox 198 809 280 864; x_wconf 83' lang='grc' dir='ltr'>τοῦτο</span> <span class='ocrx_word' id='word_1_59' title='bbox 293 804 326 864; x_wconf 81' lang='grc' dir='ltr'>τό</span> <span class='ocrx_word' id='word_1_60' title='bbox 341 807 405 868; x_wconf 84' lang='grc' dir='ltr'>ἐπος</span> <span class='ocrx_word' id='word_1_61' title='bbox 422 805 497 880; x_wconf 87' lang='grc' dir='ltr'>φασὶ</span> <span class='ocrx_word' id='word_1_62' title='bbox 513 803 599 878; x_wconf 87' lang='grc' dir='ltr'>αύτήν</span> <span class='ocrx_word' id='word_1_63' title='bbox 614 803 774 862; x_wconf 78' lang='grc' dir='ltr'>ἀπολέσθαι</span> <span class='ocrx_word' id='word_1_64' title='bbox 785 800 840 860; x_wconf 82' lang='grc' dir='ltr'>ύπό</span> <span class='ocrx_word' id='word_1_65' title='bbox 855 807 937 877; x_wconf 89' lang='grc' dir='ltr'>Καμ-</span> 
     </span>
     <span class='ocr_line' id='line_1_10' title="bbox 138 890 936 972; baseline -0.003 -23"><span class='ocrx_word' id='word_1_66' title='bbox 138 890 245 966; x_wconf 89' lang='grc' dir='ltr'>βύσεω·</span> <span class='ocrx_word' id='word_1_67' title='bbox 279 892 427 972; x_wconf 85' lang='grc' dir='ltr'>Αἰγύπτιοι</span> <span class='ocrx_word' id='word_1_68' title='bbox 450 891 488 960; x_wconf 86' lang='grc' dir='ltr'>δὲ,</span> <span class='ocrx_word' id='word_1_69' title='bbox 509 891 544 954; x_wconf 76' lang='grc' dir='ltr'>οῖς</span> <span class='ocrx_word' id='word_1_70' title='bbox 563 891 685 969; x_wconf 80' lang='grc' dir='ltr'>τραπέζῃ</span> <span class='ocrx_word' id='word_1_71' title='bbox 705 890 936 965; x_wconf 84' lang='grc' dir='ltr'>περικατημένων,</span> 
     </span>
     <span class='ocr_line' id='line_1_11' title="bbox 140 977 938 1059; baseline 0 -24"><span class='ocrx_word' id='word_1_72' title='bbox 140 981 290 1054; x_wconf 84' lang='grc' dir='ltr'>λαβοῦσαν</span> <span class='ocrx_word' id='word_1_73' title='bbox 309 980 425 1054; x_wconf 86' lang='grc' dir='ltr'>θρίδακα</span> <span class='ocrx_word' id='word_1_74' title='bbox 443 977 496 1054; x_wconf 84' lang='grc' dir='ltr'>τήν</span> <span class='ocrx_word' id='word_1_75' title='bbox 515 982 632 1059; x_wconf 86' lang='grc' dir='ltr'>γυναῖκα</span> <span class='ocrx_word' id='word_1_76' title='bbox 647 982 795 1054; x_wconf 81' lang='grc' dir='ltr'>περιτῖλαι,</span> <span class='ocrx_word' id='word_1_77' title='bbox 810 978 856 1035; x_wconf 84' lang='grc' dir='ltr'>καὶ</span> <span class='ocrx_word' id='word_1_78' title='bbox 872 982 938 1036; x_wconf 86' lang='grc' dir='ltr'>ἐπα-</span> 
     </span>
     <span class='ocr_line' id='line_1_12' title="bbox 142 1063 939 1143; baseline -0.004 -18"><span class='ocrx_word' id='word_1_79' title='bbox 142 1066 282 1142; x_wconf 88' lang='grc' dir='ltr'>νείρεσθαι</span> <span class='ocrx_word' id='word_1_80' title='bbox 294 1066 345 1126; x_wconf 81' lang='grc' dir='ltr'>τόν</span> <span class='ocrx_word' id='word_1_81' title='bbox 357 1065 443 1142; x_wconf 74' lang='grc' dir='ltr'>ἄνδρα</span> <span class='ocrx_word' id='word_1_82' title='bbox 457 1065 570 1143; x_wconf 85' lang='grc' dir='ltr'>κότερον</span> <span class='ocrx_word' id='word_1_83' title='bbox 583 1065 793 1143; x_wconf 88' lang='grc' dir='ltr'>περιτετιλμένη</span> <span class='ocrx_word' id='word_1_84' title='bbox 806 1063 824 1140; x_wconf 82' lang='grc' dir='ltr'>ἢ</span> <span class='ocrx_word' id='word_1_85' title='bbox 838 1064 939 1123; x_wconf 84' lang='grc' dir='ltr'>δασεῖα</span> 
     </span>
     <span class='ocr_line' id='line_1_13' title="bbox 140 1151 938 1230; baseline -0.001 -18"><span class='ocrx_word' id='word_1_86' title='bbox 140 1153 159 1228; x_wconf 85' lang='grc' dir='ltr'>ή</span> <span class='ocrx_word' id='word_1_87' title='bbox 173 1154 271 1230; x_wconf 83' lang='grc' dir='ltr'>θρίδαξ</span> <span class='ocrx_word' id='word_1_88' title='bbox 284 1157 370 1214; x_wconf 81' lang='grc' dir='ltr'>ἐοῦσα</span> <span class='ocrx_word' id='word_1_89' title='bbox 384 1155 426 1229; x_wconf 83' lang='grc' dir='ltr'>εἴη</span> <span class='ocrx_word' id='word_1_90' title='bbox 437 1155 558 1212; x_wconf 88' lang='grc' dir='ltr'>καλλίων</span> <span class='ocrx_word' id='word_1_91' title='bbox 563 1179 570 1222; x_wconf 88' lang='grc'><strong>;</strong></span> <span class='ocrx_word' id='word_1_92' title='bbox 586 1153 692 1212; x_wconf 78' lang='grc' dir='ltr'>καὶτὸν</span> <span class='ocrx_word' id='word_1_93' title='bbox 706 1152 801 1226; x_wconf 90' lang='grc' dir='ltr'>φάναι,</span> <span class='ocrx_word' id='word_1_94' title='bbox 812 1151 938 1212; x_wconf 85' lang='grc' dir='ltr'>δασεῖαν·</span> 
     </span>
     <span class='ocr_line' id='line_1_14' title="bbox 140 1239 938 1316; baseline -0.004 -17"><span class='ocrx_word' id='word_1_95' title='bbox 140 1240 192 1316; x_wconf 81' lang='grc' dir='ltr'>τήν</span> <span class='ocrx_word' id='word_1_96' title='bbox 212 1241 233 1299; x_wconf 76' lang='grc' dir='ltr'>δ’</span> <span class='ocrx_word' id='word_1_97' title='bbox 254 1245 338 1301; x_wconf 81' lang='grc' dir='ltr'>εἰπεῖν</span> <span class='ocrx_word' id='word_1_98' title='bbox 354 1242 476 1316; x_wconf 89' lang='grc' dir='ltr'>“ταύτην</span> <span class='ocrx_word' id='word_1_99' title='bbox 496 1242 591 1316; x_wconf 89' lang='grc' dir='ltr'>μέντοι</span> <span class='ocrx_word' id='word_1_100' title='bbox 609 1241 673 1299; x_wconf 76' lang='grc' dir='ltr'>κοτέ</span> <span class='ocrx_word' id='word_1_101' title='bbox 691 1240 729 1299; x_wconf 83' lang='grc' dir='ltr'>σύ</span> <span class='ocrx_word' id='word_1_102' title='bbox 749 1239 800 1314; x_wconf 86' lang='grc' dir='ltr'>τήν</span> <span class='ocrx_word' id='word_1_103' title='bbox 821 1240 938 1315; x_wconf 81' lang='grc' dir='ltr'>θρίδακα</span> 
     </span>
     <span class='ocr_line' id='line_1_15' title="bbox 143 1324 938 1405; baseline -0.001 -19"><span class='ocrx_word' id='word_1_104' title='bbox 143 1328 291 1404; x_wconf 78' lang='grc' dir='ltr'>ἐμιμήσαο,</span> <span class='ocrx_word' id='word_1_105' title='bbox 314 1328 364 1390; x_wconf 84' lang='grc' dir='ltr'>τόν</span> <span class='ocrx_word' id='word_1_106' title='bbox 382 1328 479 1404; x_wconf 89' lang='grc' dir='ltr'>Κύρου</span> <span class='ocrx_word' id='word_1_107' title='bbox 501 1329 576 1387; x_wconf 83' lang='grc' dir='ltr'>οἶκον</span> <span class='ocrx_word' id='word_1_108' title='bbox 597 1324 808 1405; x_wconf 82' lang='grc' dir='ltr'>οἷποψιλόσας·”</span> <span class='ocrx_word' id='word_1_109' title='bbox 835 1326 885 1386; x_wconf 81' lang='grc' dir='ltr'>τόν</span> <span class='ocrx_word' id='word_1_110' title='bbox 908 1327 938 1385; x_wconf 80' lang='grc' dir='ltr'>δὲ</span> 
     </span>
     <span class='ocr_line' id='line_1_16' title="bbox 144 1414 939 1494; baseline -0.003 -18"><span class='ocrx_word' id='word_1_111' title='bbox 144 1417 304 1492; x_wconf 87' lang='grc' dir='ltr'>θυμωθέντα</span> <span class='ocrx_word' id='word_1_112' title='bbox 325 1417 485 1492; x_wconf 80' lang='grc' dir='ltr'>ἐμπηδῆσαι</span> <span class='ocrx_word' id='word_1_113' title='bbox 501 1415 571 1493; x_wconf 81' lang='grc' dir='ltr'>αύτῆ</span> <span class='ocrx_word' id='word_1_114' title='bbox 588 1414 692 1493; x_wconf 82' lang='grc' dir='ltr'>ἐχούσῃ</span> <span class='ocrx_word' id='word_1_115' title='bbox 714 1419 743 1473; x_wconf 88' lang='grc' dir='ltr'>ἐν</span> <span class='ocrx_word' id='word_1_116' title='bbox 762 1414 874 1494; x_wconf 82' lang='grc' dir='ltr'>γαστρὶ,</span> <span class='ocrx_word' id='word_1_117' title='bbox 892 1419 939 1474; x_wconf 89' lang='grc' dir='ltr'>καί</span> 
     </span>
     <span class='ocr_line' id='line_1_17' title="bbox 141 1502 555 1580; baseline -0.005 -18"><span class='ocrx_word' id='word_1_118' title='bbox 141 1529 190 1580; x_wconf 91' lang='grc' dir='ltr'>μιν</span> <span class='ocrx_word' id='word_1_119' title='bbox 203 1504 383 1580; x_wconf 76' lang='grc' dir='ltr'>ἐκτρώσασαν</span> <span class='ocrx_word' id='word_1_120' title='bbox 396 1502 555 1563; x_wconf 73' lang='grc' dir='ltr'>ἀποθανεῖν.</span> 
     </span>
    </p>

    <p class='ocr_par' dir='ltr' id='par_1_2' title="bbox 97 1588 940 2107">
     <span class='ocr_line' id='line_1_18' title="bbox 97 1588 937 1668; baseline -0.002 -18"><span class='ocrx_word' id='word_1_121' title='bbox 97 1593 134 1650; x_wconf 88' lang='grc'>33</span> <span class='ocrx_word' id='word_1_122' title='bbox 184 1597 277 1651; x_wconf 88' lang='grc' dir='ltr'>Ταῦτα</span> <span class='ocrx_word' id='word_1_123' title='bbox 289 1594 341 1668; x_wconf 81' lang='grc' dir='ltr'>μὲν</span> <span class='ocrx_word' id='word_1_124' title='bbox 355 1597 382 1655; x_wconf 89' lang='grc' dir='ltr'>ἐς</span> <span class='ocrx_word' id='word_1_125' title='bbox 395 1590 459 1654; x_wconf 79' lang='grc' dir='ltr'>τούς</span> <span class='ocrx_word' id='word_1_126' title='bbox 475 1591 593 1666; x_wconf 77' lang='grc' dir='ltr'>οἰκηίους</span> <span class='ocrx_word' id='word_1_127' title='bbox 606 1590 622 1649; x_wconf 88' lang='grc' dir='ltr'>ό</span> <span class='ocrx_word' id='word_1_128' title='bbox 636 1588 798 1666; x_wconf 83' lang='grc' dir='ltr'>Καμβύσης</span> <span class='ocrx_word' id='word_1_129' title='bbox 811 1588 937 1666; x_wconf 81' lang='grc' dir='ltr'>ἐξεμάνη,</span> 
     </span>
     <span class='ocr_line' id='line_1_19' title="bbox 144 1677 938 1754; baseline -0.001 -17"><span class='ocrx_word' id='word_1_130' title='bbox 144 1680 198 1738; x_wconf 82' lang='grc' dir='ltr'>εἴτε</span> <span class='ocrx_word' id='word_1_131' title='bbox 220 1679 253 1754; x_wconf 88' lang='grc' dir='ltr'>δή</span> <span class='ocrx_word' id='word_1_132' title='bbox 271 1680 315 1738; x_wconf 87' lang='grc' dir='ltr'>διαὶ</span> <span class='ocrx_word' id='word_1_133' title='bbox 335 1679 385 1739; x_wconf 79' lang='grc' dir='ltr'>τόν</span> <span class='ocrx_word' id='word_1_134' title='bbox 400 1678 494 1748; x_wconf 75' lang='grc' dir='ltr'>Ἀπιν,</span> <span class='ocrx_word' id='word_1_135' title='bbox 514 1679 568 1737; x_wconf 85' lang='grc' dir='ltr'>εἴτε</span> <span class='ocrx_word' id='word_1_136' title='bbox 590 1680 635 1736; x_wconf 87' lang='grc' dir='ltr'>καὶ</span> <span class='ocrx_word' id='word_1_137' title='bbox 654 1677 755 1748; x_wconf 78' lang='grc' dir='ltr'>ἄλλως,</span> <span class='ocrx_word' id='word_1_138' title='bbox 775 1677 821 1736; x_wconf 81' lang='grc' dir='ltr'>οἶα</span> <span class='ocrx_word' id='word_1_139' title='bbox 840 1679 938 1736; x_wconf 83' lang='grc' dir='ltr'>πολλά</span> 
     </span>
     <span class='ocr_line' id='line_1_20' title="bbox 144 1764 939 1845; baseline 0 -21"><span class='ocrx_word' id='word_1_140' title='bbox 144 1766 224 1825; x_wconf 84' lang='grc' dir='ltr'>ἐιόθεε</span> <span class='ocrx_word' id='word_1_141' title='bbox 237 1765 397 1842; x_wconf 82' lang='grc' dir='ltr'>άνθριόπους</span> <span class='ocrx_word' id='word_1_142' title='bbox 410 1765 481 1824; x_wconf 80' lang='grc' dir='ltr'>κακά</span> <span class='ocrx_word' id='word_1_143' title='bbox 494 1765 730 1842; x_wconf 80' lang='grc' dir='ltr'>καταλαμβάνειν·</span> <span class='ocrx_word' id='word_1_144' title='bbox 751 1765 798 1824; x_wconf 82' lang='grc' dir='ltr'>καὶ</span> <span class='ocrx_word' id='word_1_145' title='bbox 809 1764 864 1845; x_wconf 87' lang='grc' dir='ltr'>γάρ</span> <span class='ocrx_word' id='word_1_146' title='bbox 877 1791 939 1824; x_wconf 91' lang='grc' dir='ltr'>τινα</span> 
     </span>
     <span class='ocr_line' id='line_1_21' title="bbox 144 1852 937 1934; baseline 0.003 -24"><span class='ocrx_word' id='word_1_147' title='bbox 144 1853 190 1910; x_wconf 85' lang='grc' dir='ltr'>καὶ</span> <span class='ocrx_word' id='word_1_148' title='bbox 204 1859 233 1911; x_wconf 91' lang='grc' dir='ltr'>ἐκ</span> <span class='ocrx_word' id='word_1_149' title='bbox 246 1859 342 1933; x_wconf 81' lang='grc' dir='ltr'>γενεῆς</span> <span class='ocrx_word' id='word_1_150' title='bbox 354 1858 457 1913; x_wconf 81' lang='grc' dir='ltr'>νοῦσον</span> <span class='ocrx_word' id='word_1_151' title='bbox 472 1853 600 1934; x_wconf 87' lang='grc' dir='ltr'>μεγάλην</span> <span class='ocrx_word' id='word_1_152' title='bbox 617 1853 730 1934; x_wconf 90' lang='grc' dir='ltr'>λέγεται</span> <span class='ocrx_word' id='word_1_153' title='bbox 744 1855 816 1931; x_wconf 79' lang='grc' dir='ltr'>ἔχειν</span> <span class='ocrx_word' id='word_1_154' title='bbox 829 1852 845 1912; x_wconf 83' lang='grc' dir='ltr'>ό</span> <span class='ocrx_word' id='word_1_155' title='bbox 859 1859 937 1930; x_wconf 90' lang='grc' dir='ltr'>Καμ-</span> 
     </span>
     <span class='ocr_line' id='line_1_22' title="bbox 144 1939 938 2017; baseline 0.001 -19"><span class='ocrx_word' id='word_1_156' title='bbox 144 1940 248 2017; x_wconf 88' lang='grc' dir='ltr'>βύσης,</span> <span class='ocrx_word' id='word_1_157' title='bbox 273 1940 325 2015; x_wconf 84' lang='grc' dir='ltr'>τήν</span> <span class='ocrx_word' id='word_1_158' title='bbox 352 1940 414 2016; x_wconf 86' lang='grc' dir='ltr'>ίρῆν</span> <span class='ocrx_word' id='word_1_159' title='bbox 440 1939 627 2017; x_wconf 81' lang='grc' dir='ltr'>ούνομόζουσί</span> <span class='ocrx_word' id='word_1_160' title='bbox 649 1966 730 2003; x_wconf 89' lang='grc' dir='ltr'>τινες·</span> <span class='ocrx_word' id='word_1_161' title='bbox 765 1940 798 1999; x_wconf 82' lang='grc' dir='ltr'>ού</span> <span class='ocrx_word' id='word_1_162' title='bbox 823 1939 872 2000; x_wconf 86' lang='grc' dir='ltr'>νύν</span> <span class='ocrx_word' id='word_1_163' title='bbox 895 1966 938 2000; x_wconf 85' lang='grc' dir='ltr'>τοι</span> 
     </span>
     <span class='ocr_line' id='line_1_23' title="bbox 145 2026 940 2107; baseline 0.003 -21"><span class='ocrx_word' id='word_1_164' title='bbox 145 2026 233 2090; x_wconf 87' lang='grc' dir='ltr'>οἶεικές</span> <span class='ocrx_word' id='word_1_165' title='bbox 254 2027 332 2086; x_wconf 77' lang='grc' dir='ltr'>οὐδὲν</span> <span class='ocrx_word' id='word_1_166' title='bbox 350 2027 394 2103; x_wconf 85' lang='grc' dir='ltr'>ῆν,</span> <span class='ocrx_word' id='word_1_167' title='bbox 407 2032 457 2088; x_wconf 82' lang='grc' dir='ltr'>τοῦ</span> <span class='ocrx_word' id='word_1_168' title='bbox 478 2029 608 2104; x_wconf 79' lang='grc' dir='ltr'>σώματος</span> <span class='ocrx_word' id='word_1_169' title='bbox 628 2032 731 2088; x_wconf 83' lang='grc' dir='ltr'>νοῦσον</span> <span class='ocrx_word' id='word_1_170' title='bbox 750 2027 877 2107; x_wconf 81' lang='grc' dir='ltr'>μεγάλην</span> <span class='ocrx_word' id='word_1_171' title='bbox 897 2054 940 2088; x_wconf 92' lang='grc' dir='ltr'>νο·</span> 
     </span>
    </p>

    <p class='ocr_par' dir='ltr' id='par_1_3' title="bbox 98 2115 947 3160">
     <span class='ocr_line' id='line_1_24' title="bbox 98 2115 940 2196; baseline 0.002 -20"><span class='ocrx_word' id='word_1_172' title='bbox 98 2116 265 2184; x_wconf 76' lang='grc' dir='ltr'>34σέοντος,</span> <span class='ocrx_word' id='word_1_173' title='bbox 292 2117 362 2192; x_wconf 85' lang='grc' dir='ltr'>μηδὲ</span> <span class='ocrx_word' id='word_1_174' title='bbox 388 2116 438 2179; x_wconf 78' lang='grc' dir='ltr'>τοὶς</span> <span class='ocrx_word' id='word_1_175' title='bbox 464 2117 567 2192; x_wconf 85' lang='grc' dir='ltr'>φρένας</span> <span class='ocrx_word' id='word_1_176' title='bbox 592 2115 733 2196; x_wconf 85' lang='grc' dir='ltr'>ύγιαίνειν.</span> <span class='ocrx_word' id='word_1_177' title='bbox 774 2115 847 2174; x_wconf 86' lang='grc' dir='ltr'>Τάδε</span> <span class='ocrx_word' id='word_1_178' title='bbox 868 2115 891 2174; x_wconf 85' lang='grc' dir='ltr'>δ’</span> <span class='ocrx_word' id='word_1_179' title='bbox 914 2121 940 2178; x_wconf 81' lang='grc' dir='ltr'>ἐς</span> 
     </span>
     <span class='ocr_line' id='line_1_25' title="bbox 145 2201 941 2283; baseline -0.001 -21"><span class='ocrx_word' id='word_1_180' title='bbox 145 2201 210 2266; x_wconf 83' lang='grc' dir='ltr'>τούς</span> <span class='ocrx_word' id='word_1_181' title='bbox 229 2202 334 2267; x_wconf 80' lang='grc' dir='ltr'>ἄλλους</span> <span class='ocrx_word' id='word_1_182' title='bbox 355 2205 469 2280; x_wconf 86' lang='grc' dir='ltr'>Πέρσας</span> <span class='ocrx_word' id='word_1_183' title='bbox 490 2202 617 2279; x_wconf 83' lang='grc' dir='ltr'>ἐξεμάνη·</span> <span class='ocrx_word' id='word_1_184' title='bbox 648 2204 760 2283; x_wconf 88' lang='grc' dir='ltr'>λέγεται</span> <span class='ocrx_word' id='word_1_185' title='bbox 779 2203 834 2280; x_wconf 80' lang='grc' dir='ltr'>γάρ</span> <span class='ocrx_word' id='word_1_186' title='bbox 856 2206 941 2262; x_wconf 81' lang='grc' dir='ltr'>εἰπεῖν</span> 
     </span>
     <span class='ocr_line' id='line_1_26' title="bbox 145 2289 942 2367; baseline 0.001 -19"><span class='ocrx_word' id='word_1_187' title='bbox 145 2289 230 2350; x_wconf 80' lang='grc' dir='ltr'>αὐτόν</span> <span class='ocrx_word' id='word_1_188' title='bbox 247 2291 317 2367; x_wconf 81' lang='grc' dir='ltr'>πρός</span> <span class='ocrx_word' id='word_1_189' title='bbox 335 2292 518 2367; x_wconf 79' lang='grc' dir='ltr'>Πρηξάσπεα,</span> <span class='ocrx_word' id='word_1_190' title='bbox 536 2290 586 2350; x_wconf 81' lang='grc' dir='ltr'>τόν</span> <span class='ocrx_word' id='word_1_191' title='bbox 607 2291 687 2367; x_wconf 82' lang='grc' dir='ltr'>ἐτίμα</span> <span class='ocrx_word' id='word_1_192' title='bbox 704 2316 736 2350; x_wconf 85' lang='grc' dir='ltr'>τε</span> <span class='ocrx_word' id='word_1_193' title='bbox 751 2290 879 2366; x_wconf 85' lang='grc' dir='ltr'>μάλιστα</span> <span class='ocrx_word' id='word_1_194' title='bbox 896 2291 942 2350; x_wconf 89' lang='grc' dir='ltr'>καί</span> 
     </span>
     <span class='ocr_line' id='line_1_27' title="bbox 146 2375 942 2459; baseline 0 -22"><span class='ocrx_word' id='word_1_195' title='bbox 146 2381 174 2437; x_wconf 85' lang='grc' dir='ltr'>οἱ</span> <span class='ocrx_word' id='word_1_196' title='bbox 195 2377 244 2442; x_wconf 76' lang='grc' dir='ltr'>τοῖς</span> <span class='ocrx_word' id='word_1_197' title='bbox 267 2379 399 2459; x_wconf 76' lang='grc' dir='ltr'>ἀγγελίας</span> <span class='ocrx_word' id='word_1_198' title='bbox 423 2379 521 2454; x_wconf 88' lang='grc' dir='ltr'>ἐφόρεε</span> <span class='ocrx_word' id='word_1_199' title='bbox 548 2375 636 2447; x_wconf 79' lang='grc' dir='ltr'>οὗτος,</span> <span class='ocrx_word' id='word_1_200' title='bbox 660 2378 760 2438; x_wconf 90' lang='grc' dir='ltr'>τούτου</span> <span class='ocrx_word' id='word_1_201' title='bbox 781 2404 813 2437; x_wconf 89' lang='grc' dir='ltr'>τε</span> <span class='ocrx_word' id='word_1_202' title='bbox 837 2377 853 2437; x_wconf 85' lang='grc' dir='ltr'>ό</span> <span class='ocrx_word' id='word_1_203' title='bbox 876 2383 942 2442; x_wconf 84' lang='grc' dir='ltr'>παῖς</span> 
     </span>
     <span class='ocr_line' id='line_1_28' title="bbox 148 2464 942 2546; baseline -0.001 -22"><span class='ocrx_word' id='word_1_204' title='bbox 148 2467 272 2544; x_wconf 82' lang='grc' dir='ltr'>οἰνοχόος</span> <span class='ocrx_word' id='word_1_205' title='bbox 293 2467 328 2542; x_wconf 86' lang='grc' dir='ltr'>ήν</span> <span class='ocrx_word' id='word_1_206' title='bbox 349 2471 388 2546; x_wconf 76' lang='grc' dir='ltr'>τῷ</span> <span class='ocrx_word' id='word_1_207' title='bbox 409 2466 567 2545; x_wconf 87' lang='grc' dir='ltr'>Καμβύση·</span> <span class='ocrx_word' id='word_1_208' title='bbox 600 2465 667 2542; x_wconf 87' lang='grc' dir='ltr'>τιμή</span> <span class='ocrx_word' id='word_1_209' title='bbox 694 2467 723 2524; x_wconf 87' lang='grc' dir='ltr'>δέ</span> <span class='ocrx_word' id='word_1_210' title='bbox 750 2467 797 2525; x_wconf 81' lang='grc' dir='ltr'>καὶ</span> <span class='ocrx_word' id='word_1_211' title='bbox 820 2465 889 2542; x_wconf 79' lang='grc' dir='ltr'>αὕτη</span> <span class='ocrx_word' id='word_1_212' title='bbox 911 2464 942 2525; x_wconf 85' lang='grc' dir='ltr'>ού</span> 
     </span>
     <span class='ocr_line' id='line_1_29' title="bbox 147 2553 943 2633; baseline 0.003 -21"><span class='ocrx_word' id='word_1_213' title='bbox 147 2555 262 2631; x_wconf 88' lang='grc' dir='ltr'>σμικρή·</span> <span class='ocrx_word' id='word_1_214' title='bbox 284 2559 369 2614; x_wconf 81' lang='grc' dir='ltr'>εἰπεῖν</span> <span class='ocrx_word' id='word_1_215' title='bbox 383 2556 412 2614; x_wconf 86' lang='grc' dir='ltr'>δέ</span> <span class='ocrx_word' id='word_1_216' title='bbox 425 2556 537 2633; x_wconf 90' lang='grc' dir='ltr'>λέγεται</span> <span class='ocrx_word' id='word_1_217' title='bbox 551 2553 626 2612; x_wconf 91' lang='grc' dir='ltr'>τάδε·</span> <span class='ocrx_word' id='word_1_218' title='bbox 647 2565 664 2589; x_wconf 88' lang='grc'>“</span> <span class='ocrx_word' id='word_1_219' title='bbox 674 2554 853 2629; x_wconf 80' lang='grc' dir='ltr'>Πρήξασπες,</span> <span class='ocrx_word' id='word_1_220' title='bbox 867 2553 943 2614; x_wconf 84' lang='grc' dir='ltr'>κοῖόν</span> 
     </span>
     <span class='ocr_line' id='line_1_30' title="bbox 149 2640 943 2718; baseline 0 -18"><span class='ocrx_word' id='word_1_221' title='bbox 149 2643 186 2718; x_wconf 92' lang='grc' dir='ltr'>μέ</span> <span class='ocrx_word' id='word_1_222' title='bbox 204 2668 266 2702; x_wconf 90' lang='grc' dir='ltr'>τινα</span> <span class='ocrx_word' id='word_1_223' title='bbox 286 2644 430 2718; x_wconf 83' lang='grc' dir='ltr'>νομίζουσι</span> <span class='ocrx_word' id='word_1_224' title='bbox 450 2643 561 2717; x_wconf 90' lang='grc' dir='ltr'>Πέρσαι</span> <span class='ocrx_word' id='word_1_225' title='bbox 585 2641 654 2699; x_wconf 86' lang='grc' dir='ltr'>εἶναι</span> <span class='ocrx_word' id='word_1_226' title='bbox 680 2640 782 2716; x_wconf 83' lang='grc' dir='ltr'>άνδρα;</span> <span class='ocrx_word' id='word_1_227' title='bbox 816 2642 893 2704; x_wconf 86' lang='grc' dir='ltr'>τίνας</span> <span class='ocrx_word' id='word_1_228' title='bbox 912 2667 943 2701; x_wconf 90' lang='grc' dir='ltr'>τε</span> 
     </span>
     <span class='ocr_line' id='line_1_31' title="bbox 148 2728 944 2809; baseline -0.001 -21"><span class='ocrx_word' id='word_1_229' title='bbox 148 2729 250 2809; x_wconf 86' lang='grc' dir='ltr'>λόγους</span> <span class='ocrx_word' id='word_1_230' title='bbox 272 2731 335 2807; x_wconf 87' lang='grc' dir='ltr'>περὶ</span> <span class='ocrx_word' id='word_1_231' title='bbox 359 2731 424 2806; x_wconf 90' lang='grc' dir='ltr'>ἐμέο</span> <span class='ocrx_word' id='word_1_232' title='bbox 447 2734 588 2789; x_wconf 80' lang='grc' dir='ltr'>ποιεῦνται</span> <span class='ocrx_word' id='word_1_233' title='bbox 597 2728 620 2797; x_wconf 84' lang='grc'>;”</span> <span class='ocrx_word' id='word_1_234' title='bbox 651 2729 701 2788; x_wconf 82' lang='grc' dir='ltr'>τόν</span> <span class='ocrx_word' id='word_1_235' title='bbox 723 2729 752 2786; x_wconf 86' lang='grc' dir='ltr'>δέ</span> <span class='ocrx_word' id='word_1_236' title='bbox 774 2733 870 2788; x_wconf 81' lang='grc' dir='ltr'>εἰπεῖν·</span> <span class='ocrx_word' id='word_1_237' title='bbox 902 2728 944 2787; x_wconf 81' lang='grc' dir='ltr'>“ὦ</span> 
     </span>
     <span class='ocr_line' id='line_1_32' title="bbox 149 2816 945 2897; baseline 0.001 -22"><span class='ocrx_word' id='word_1_238' title='bbox 149 2817 279 2887; x_wconf 89' lang='grc' dir='ltr'>δέσποτα,</span> <span class='ocrx_word' id='word_1_239' title='bbox 298 2818 334 2877; x_wconf 81' lang='grc' dir='ltr'>τά</span> <span class='ocrx_word' id='word_1_240' title='bbox 351 2821 403 2894; x_wconf 83' lang='grc' dir='ltr'>μὲν</span> <span class='ocrx_word' id='word_1_241' title='bbox 421 2816 497 2876; x_wconf 85' lang='grc' dir='ltr'>άλλα</span> <span class='ocrx_word' id='word_1_242' title='bbox 513 2817 603 2876; x_wconf 88' lang='grc' dir='ltr'>πάντα</span> <span class='ocrx_word' id='word_1_243' title='bbox 618 2816 745 2897; x_wconf 86' lang='grc' dir='ltr'>μεγάλως</span> <span class='ocrx_word' id='word_1_244' title='bbox 765 2817 896 2887; x_wconf 89' lang='grc' dir='ltr'>ἐπαινέαι,</span> <span class='ocrx_word' id='word_1_245' title='bbox 909 2822 945 2894; x_wconf 84' lang='grc' dir='ltr'>τῆ</span> 
     </span>
     <span class='ocr_line' id='line_1_33' title="bbox 149 2903 945 2983; baseline 0.003 -21"><span class='ocrx_word' id='word_1_246' title='bbox 149 2905 178 2962; x_wconf 84' lang='grc' dir='ltr'>δὲ</span> <span class='ocrx_word' id='word_1_247' title='bbox 203 2907 327 2983; x_wconf 81' lang='grc' dir='ltr'>φιλοινίῃ</span> <span class='ocrx_word' id='word_1_248' title='bbox 348 2907 385 2965; x_wconf 91' lang='grc' dir='ltr'>σέ</span> <span class='ocrx_word' id='word_1_249' title='bbox 405 2912 478 2980; x_wconf 92' lang='grc' dir='ltr'>φασι</span> <span class='ocrx_word' id='word_1_250' title='bbox 498 2904 620 2967; x_wconf 88' lang='grc' dir='ltr'>πλεόνως</span> <span class='ocrx_word' id='word_1_251' title='bbox 639 2903 857 2980; x_wconf 85' lang='grc' dir='ltr'>προσκέεσθαι.”</span> <span class='ocrx_word' id='word_1_252' title='bbox 895 2905 945 2965; x_wconf 82' lang='grc' dir='ltr'>τόν</span> 
     </span>
     <span class='ocr_line' id='line_1_34' title="bbox 148 2992 945 3073; baseline 0.001 -23"><span class='ocrx_word' id='word_1_253' title='bbox 148 2996 200 3069; x_wconf 87' lang='grc' dir='ltr'>μέν</span> <span class='ocrx_word' id='word_1_254' title='bbox 220 2992 254 3068; x_wconf 84' lang='grc' dir='ltr'>δή</span> <span class='ocrx_word' id='word_1_255' title='bbox 274 2995 366 3073; x_wconf 87' lang='grc' dir='ltr'>λέγειν</span> <span class='ocrx_word' id='word_1_256' title='bbox 385 2997 474 3052; x_wconf 81' lang='grc' dir='ltr'>ταῦτα</span> <span class='ocrx_word' id='word_1_257' title='bbox 493 2993 556 3070; x_wconf 82' lang='grc' dir='ltr'>περὶ</span> <span class='ocrx_word' id='word_1_258' title='bbox 573 2993 715 3069; x_wconf 88' lang='grc' dir='ltr'>Περσέων·</span> <span class='ocrx_word' id='word_1_259' title='bbox 741 2992 790 3053; x_wconf 80' lang='grc' dir='ltr'>τόν</span> <span class='ocrx_word' id='word_1_260' title='bbox 805 2992 835 3051; x_wconf 82' lang='grc' dir='ltr'>δὲ</span> <span class='ocrx_word' id='word_1_261' title='bbox 856 2992 945 3070; x_wconf 85' lang='grc' dir='ltr'>θυμω-</span> 
     </span>
     <span class='ocr_line' id='line_1_35' title="bbox 145 3078 947 3160; baseline 0.001 -20"><span class='ocrx_word' id='word_1_262' title='bbox 145 3080 231 3140; x_wconf 85' lang='grc' dir='ltr'>θέντα</span> <span class='ocrx_word' id='word_1_263' title='bbox 244 3080 337 3140; x_wconf 87' lang='grc' dir='ltr'>τοιάδε</span> <span class='ocrx_word' id='word_1_264' title='bbox 350 3080 529 3160; x_wconf 77' lang='grc' dir='ltr'>ἀμείβεσθαι·</span> <span class='ocrx_word' id='word_1_265' title='bbox 550 3083 620 3140; x_wconf 81' lang='grc' dir='ltr'>“νΰν</span> <span class='ocrx_word' id='word_1_266' title='bbox 632 3078 687 3156; x_wconf 75' lang='grc' dir='ltr'>ἄρα</span> <span class='ocrx_word' id='word_1_267' title='bbox 699 3080 737 3156; x_wconf 90' lang='grc' dir='ltr'>μέ</span> <span class='ocrx_word' id='word_1_268' title='bbox 749 3085 823 3156; x_wconf 90' lang='grc' dir='ltr'>φασι</span> <span class='ocrx_word' id='word_1_269' title='bbox 833 3081 947 3157; x_wconf 86' lang='grc' dir='ltr'>Πέρσαι</span> 
     </span>
    </p>

    <p class='ocr_par' dir='ltr' id='par_1_4' title="bbox 53 3167 963 3338">
     <span class='ocr_line' id='line_1_36' title="bbox 53 3167 947 3264; baseline 0 -35"><span class='ocrx_word' id='word_1_270' title='bbox 53 3204 90 3264; x_wconf 60' lang='grc' dir='ltr'>Ι</span> <span class='ocrx_word' id='word_1_271' title='bbox 132 3169 202 3248; x_wconf 79' lang='grc' dir='ltr'>οἴνῳ</span> <span class='ocrx_word' id='word_1_272' title='bbox 235 3172 447 3249; x_wconf 79' lang='grc' dir='ltr'>προσκείμενον</span> <span class='ocrx_word' id='word_1_273' title='bbox 479 3168 694 3248; x_wconf 77' lang='grc' dir='ltr'>παραφρονέειν,</span> <span class='ocrx_word' id='word_1_274' title='bbox 724 3168 770 3224; x_wconf 78' lang='grc' dir='ltr'>καλ</span> <span class='ocrx_word' id='word_1_275' title='bbox 801 3167 853 3225; x_wconf 76' lang='grc' dir='ltr'>αύκ</span> <span class='ocrx_word' id='word_1_276' title='bbox 878 3168 947 3229; x_wconf 80' lang='grc' dir='ltr'>εἶναι</span> 
     </span>
     <span class='ocr_line' id='line_1_37' title="bbox 133 3251 963 3338; baseline -0.011 -21"><span class='ocrx_word' id='word_1_277' title='bbox 133 3256 283 3333; x_wconf 79' lang='grc' dir='ltr'>νοήμονα;</span> <span class='ocrx_word' id='word_1_278' title='bbox 308 3260 368 3323; x_wconf 76' lang='grc' dir='ltr'>οὐδ’</span> <span class='ocrx_word' id='word_1_279' title='bbox 393 3258 452 3338; x_wconf 79' lang='grc' dir='ltr'>όρα</span> <span class='ocrx_word' id='word_1_280' title='bbox 471 3259 574 3336; x_wconf 87' lang='grc' dir='ltr'>σφέων</span> <span class='ocrx_word' id='word_1_281' title='bbox 592 3261 621 3318; x_wconf 75' lang='grc' dir='ltr'>οὶ</span> <span class='ocrx_word' id='word_1_282' title='bbox 637 3253 774 3329; x_wconf 80' lang='grc' dir='ltr'>πρότεροι</span> <span class='ocrx_word' id='word_1_283' title='bbox 787 3251 877 3322; x_wconf 67' lang='grc' dir='ltr'>λόγω,</span> <span class='ocrx_word' id='word_1_284' title='bbox 889 3252 963 3321; x_wconf 62' lang='grc' dir='ltr'>ἧσαι</span> 
     </span>
    </p>
   </div>
   <div class='ocr_carea' id='block_1_2' title="bbox 0 0 1039 3464">
    <p class='ocr_par' dir='ltr' id='par_1_5' title="bbox 0 0 1039 3464">
     <span class='ocr_line' id='line_1_38' title="bbox 0 0 1039 3464; baseline 0 0"><span class='ocrx_word' id='word_1_285' title='bbox 0 0 1039 3464; x_wconf 95' lang='lat' dir='ltr'> </span> 
     </span>
    </p>
   </div>
  </div>
 </body>
</html>
