2040 3464
101 115 142 174 ιτ,
156 113 198 178 32]
453 114 566 162 κιοτο.
873 113 904 161 τι

99 193 118 252 o‘
134 192 165 251 δέ
183 191 252 251 εἶπε·
273 191 316 250 “ὦ
329 195 446 269 Κροῖσε,
460 191 644 268 ἐπιστάμενόν
658 217 696 269 με
711 190 744 252 εδ
761 191 836 251 θεῖον
847 193 905 251 πιῖν

100 278 147 339 ἐδν
154 279 291 357 φθονερόν
298 306 329 338 τε
340 280 386 338 καὶ
392 279 557 359 ταραχῶδες,
567 284 714 358 ἐπειρωτᾷς
724 277 903 356 ἀνθρωπηίων

98 366 268 447 πρηγμάτων
280 367 356 444 σέρις
375 371 404 426 ἐν
416 366 471 447 γαρ
483 371 521 444 τῷ
533 371 630 445 μακρῷ
641 364 731 445 χρόνῳ
741 364 838 424 πολλὰ
850 367 904 440 μέν

99 461 162 514 ἐστι
181 454 260 514 ἰδέειν
274 453 311 514 τὰ
325 454 366 530 μή
381 480 424 517 τις
443 455 541 523 ἐθέλει,
554 453 651 512 πολλὰ
669 453 699 512 δὲ
717 454 763 511 καὶ
778 454 901 513 παθέειν.

98 547 127 606 ἐς
145 541 200 623 γιῖρ
221 541 416 619 ἐβδομήκοντα
434 542 496 600 ἔτεα
516 540 598 618 οὖρον
616 545 667 615 τῆς
684 539 749 616 ζόης
768 538 902 619 ἀνθρώπῳ

96 630 259 707 προτίθημι·
281 627 358 688 οὗτοι
370 627 460 691 ἐόντες
473 629 591 688 ἐνιαυτοὶ
604 626 804 705 ἐβδομήκοντα,
817 627 900 704 παρέ·

96 743 197 796 χονται
208 716 312 794 ἡμέρας
324 716 467 791 διηκοσίας
480 716 525 774 καὶ
540 715 769 793 πεντακισχιλίας
782 715 827 773 καὶ
840 714 898 774 δισ·»

96 805 206 880 μυρίας·
229 794 401 885 [ἐμβολίμου
417 801 504 880 μηνδς
520 801 560 879 μή
578 803 734 882 γινομένου.
776 805 800 860 εἶ
818 802 847 861 δὲ
865 800 899 878 δή

98 891 229 967 ἐθελήσει
243 889 372 968 τούτερον
389 894 444 950 τῶν
460 890 540 949 ἐτέων
557 890 624 966 μηνὶ
641 888 811 966 μακρότερον
828 889 899 969 γίνε-

97 979 175 1049 σθαι,
190 979 234 1039 ἵνα
244 977 277 1053 δή
288 981 317 1036 αἱ
331 975 398 1054 ὧραι
411 977 591 1053 συμβαίνωσι
601 975 819 1056 παραγινόμεναι
829 981 856 1039 ἐς
864 975 898 1036 τδ

97 1064 169 1136 δέον,
181 1069 266 1142 μῆνες
277 1067 329 1142 μέν
341 1063 418 1142 παρὰ
429 1064 465 1124 ποῖ
481 1064 673 1141 ἑβδομήκοντα
690 1065 751 1122 ἔτεα
767 1067 794 1123 οἱ
812 1064 898 1141 ἐμβό·

97 1155 177 1229 λιμοι
196 1153 319 1234 γίνονται
338 1152 487 1230 τριήκοντα
506 1152 597 1212 πέντε·
620 1151 722 1229 ήμέραι
745 1152 774 1210 δὲ
794 1157 824 1210 ἐκ
843 1155 899 1211 τοῖν

96 1245 191 1316 μηνῶν
215 1240 326 1310 τούτων,
352 1240 444 1318 χίλιαι
468 1238 660 1320 πεντήκοντα]
693 1239 810 1298 τουτέων
833 1238 898 1320 [τῶν

97 1325 363 1405 ἁπασέωνήμερέων,
372 1331 427 1387 τοῖν
433 1331 460 1389 ἐς
467 1325 503 1386 τὰ
510 1325 703 1403 ἑβδομήκοντα
711 1328 772 1384 ἔτεα
781 1327 899 1386 ἐουσέων

96 1414 267 1491 πεντήκοντα
280 1415 326 1473 καὶ
339 1414 486 1490 διηκοσίων
499 1414 545 1472 καὶ
558 1413 767 1492 ἑξακισχιλιέων
780 1413 825 1470 καὶ
838 1412 897 1472 δισ-

96 1501 265 1584 μυριέων],η”
278 1502 357 1580 ἑτέρη
367 1501 468 1561 αὐτέων
480 1505 516 1578 τῇ
530 1500 607 1579 ἑτέρη
620 1499 709 1577 ήμέρη
721 1499 754 1558 τό
767 1498 898 1576 παράπαν

97 1588 175 1649 ούδέν
188 1589 285 1666 ὁμοῖον
297 1589 436 1670 προσάγει
452 1593 578 1668 πρῆγμα.
600 1586 670 1647 οὕτω
683 1586 728 1656 ὧν,
742 1585 763 1645 ὦ
780 1591 896 1664 Κροῖσε,

97 1681 153 1737 πᾶν
160 1682 222 1737 ἐστι
228 1675 371 1754 ἅνθρωπος
379 1676 523 1753 συμφορή.
541 1675 602 1751 ἐμοὶ
611 1673 741 1733 δὲσύκαὶ
750 1675 897 1736 πλουτέειν

96 1767 148 1840 μέν
158 1766 233 1845 μέγα
243 1766 362 1841 φαίνεαι,
373 1764 419 1822 καὶ
430 1762 570 1839 βασιλεύς
583 1762 652 1822 εἶναι
664 1766 780 1823 πολλῶν
792 1762 895 1840 ἀνθρώ·

96 1878 164 1912 πων·
186 1855 272 1912 ἐκεῖνο
289 1851 318 1910 δὲ
333 1850 366 1910 τύ
385 1849 456 1929 εἴρεό
467 1876 512 1927 με,
526 1849 597 1909 ούκω
613 1875 648 1910 σε
665 1849 718 1930 ἐγώ
734 1850 816 1931 λέγω,
830 1853 896 1929 πρὶν

96 1937 130 1998 ἂν
141 1936 348 2014 τελευτήσαντα
364 1942 456 2001 καλῶς
467 1937 517 1998 τύν
533 1941 617 1996 αἰῶνα
633 1937 770 2014 πύθωμαι·
792 1937 825 1998 ού
840 1937 896 2018 γάρ

94 2052 139 2085 τοι
154 2025 171 2086 ὅ
185 2027 260 2107 μέγα
271 2025 409 2088 πλούσιος
419 2028 532 2102 μᾶλλον
546 2029 596 2084 τοῦ
613 2024 654 2084 ἐπ’
666 2023 773 2102 ἡμέρην
786 2026 897 2104 ἔχοντος

96 2111 267 2190 ὀλβιώτερός
290 2117 359 2182 ἐστι,
380 2116 405 2172 εἰ
429 2111 471 2189 μή
491 2114 518 2171 οῖ
536 2110 607 2190 τύχη
629 2112 784 2181 ἐπίσποιτο,
806 2111 897 2173 πάντα

96 2198 171 2259 καλεῖ
180 2199 280 2278 ἔχοντα
291 2203 459 2275 τελευτῆσαι
472 2197 559 2259 εύτὸν
571 2200 644 2274 βίον.
666 2201 772 2259 πολλοὶ
780 2201 832 2277 μὲν
840 2199 896 2282 γοῖρ

96 2285 249 2358 ζάπλουτοι
255 2286 403 2364 ἀνθρώπων
411 2286 545 2362 α’νύλβιοί
550 2290 615 2345 εἰσι·
628 2288 733 2346 πολλοὶ
742 2287 772 2346 δὲ
781 2290 896 2365 μετρίως

96 2375 205 2453 ἔχοντες
226 2375 294 2450 βίου
320 2372 452 2453 εύτυχέες·
479 2373 495 2433 ὁ
520 2375 572 2450 μὲν
597 2372 631 2449 δή
653 2374 728 2455 μέγα
749 2375 895 2447 πλούσιος,

95 2459 231 2539 ἀνόλβιος
249 2461 286 2531 δὲ,
303 2460 395 2521 δυοῖσι
411 2461 525 2540 προέχει
542 2465 592 2520 τοῦ
613 2459 739 2540 εὐτυχέος
755 2461 895 2539 μούνοισι·

95 2545 176 2612 οὗτος
188 2549 218 2608 δέ
229 2552 279 2608 τοιῖ
291 2549 431 2608 πλουσίου
444 2549 490 2606 καὶ
503 2546 639 2623 ἇνολβίου
651 2552 798 2608 πολλοῖσι·
816 2549 832 2609 ὅ
844 2552 897 2626 μὲν

96 2636 242 2714 ἐπιθυμίην
252 2637 396 2695 ἐκτελέσαι
406 2637 453 2695 καὶ
462 2633 531 2711 ἄτην
537 2635 665 2715 μεγάλην
674 2641 896 2714 προσπεσοῦσαν

96 2727 196 2783 ἐνεῖκαι
216 2722 407 2800 δυνατώτερος·
431 2722 448 2782 ὅ
468 2723 498 2781 δὲ
519 2722 625 2782 τοισίδε
646 2724 760 2802 προέχει
783 2724 895 2785 ἐκείνου·

95 2809 165 2887 ἄτην
180 2812 233 2888 μὲν
252 2811 299 2869 καὶ
318 2810 464 2887 ἐπιθυμίην
482 2809 531 2869 ούκ
552 2809 652 2886 ὁμοίως
673 2809 785 2873 δυνατὸς
805 2812 896 2892 ἐκείνῳ

95 2901 205 2968 ἐνεῖκαι,
221 2901 309 2958 ταῦτα
329 2897 358 2956 δὲ
373 2897 392 2972 ή
409 2896 520 2976 εὐτυχίη
540 2899 568 2956 οἱ
585 2896 722 2974 ἀπερύκει·
744 2897 849 2974 ἄπηρος
866 2900 896 2958 δὲ
969 2925 974 2931 ’

96 2986 165 3056 ἐστὶ,
182 2983 309 3054 ἄνουσος,
326 2983 436 3061 ἀπαθής
453 2988 552 3054 κακῶν,
569 2983 672 3054 εὔπαις,
691 2983 803 3060 εύειδής·
825 2990 849 3044 εἶ
867 2987 896 3046 δέ

95 3072 165 3150 πρύς
172 3071 299 3133 τούτοισι
309 3072 348 3131 ἔτι
356 3071 518 3148 τελευτήσει
527 3071 576 3131 τὸν
585 3072 650 3148 βίον
660 3070 700 3143 εὗ,
707 3068 792 3135 οῖιτος
799 3076 908 3134 ἐκεῖνος

95 3160 145 3220 τᾶν
159 3158 198 3220 σύ
213 3160 304 3235 ζητεῖς
319 3157 422 3238 ὄλβιος
439 3161 605 3239 κεκλῆσθαι
619 3158 701 3232 ι”ιξιέις
720 3164 795 3219 ἐστι·
819 3155 925 3235 πᾷιυδς

84 3242 122 3304 ‘37
128 3245 294 3326 Τῑδῢΐθσῃ,
305 3250 464 3330 ἕπεσχέειν,
473 3252 552 3331 μηδὲ
568 3250 690 3312 καλέειν
703 3274 746 3310 κιο
754 3245 869 3323 ’ὄλβιον
882 3237 954 3299 m
