2040 3464
129 114 179 162 244
433 114 617 162 'HPOAOTOT
861 111 931 176 [ΠΙ.

128 193 225 252 λοιποὶ
237 195 293 252 τῶν
303 191 374 251 ἔπτὰ
386 192 571 268 ἐβουλεύοντο
585 193 620 254 ὦς
629 191 757 268 βασιλέα
769 191 932 252 δικαιότατα

128 279 293 355 στήσονται·
315 280 362 338 καί
374 290 430 354 σφι
444 281 527 350 ἔδοξε,
540 279 645 358 Ὀτάνῃ
658 282 710 356 μὲν
724 280 770 339 καὶ
783 283 861 338 τοῖσι
875 279 932 339 ἀπό

128 366 249 426 Ὀτάνεω
275 367 328 425 αἰεὶ
353 368 534 446 γινομένοισι,
561 366 596 442 ἢν
620 373 647 429 ές
673 365 765 426 άλλον
788 366 851 425 τινά
878 372 932 426 τῶΙΙ

129 455 200 513 ἕπτοὶ
213 455 282 532 ἔλθῃ
295 454 313 529 ἡ
327 455 477 530 βασιληίη,
492 454 618 531 ἐξαίρετα
637 454 766 513 διδοσθαι
780 453 890 529 ἐσθῆτά
901 481 933 516 τε

131 540 261 618 Μηδικήν
281 543 355 605 ἔτεος
381 542 508 615 ἑκάστου,
531 543 578 600 καὶ
600 541 652 618 την
671 546 768 601 πᾶσαν
789 540 895 619 δωρεὴν
913 542 933 619 ἦ

129 631 234 711 γίνεται
258 634 287 690 έν
309 631 444 709 Πέρσῃσι
469 629 631 706 τιμιωτάτη.
672 629 753 688 τοῦδε
776 629 807 687 δὲ
830 630 934 690 εἵνεκεν

131 716 340 793 ε’βουλεόσαντό
362 721 388 777 οἱ
406 718 536 777 δίδοσθαι
552 723 648 787 ταῦτα,
664 716 706 776 ότι
723 717 884 793 ἐβούλευσέ
901 743 934 777 τα

130 810 239 883 πρῶτος
256 807 289 865 τό
311 810 429 885 πρῆγμα
449 808 496 865 καὶ
516 806 676 880 συνέστησε
696 803 801 866 αι’τοός.
844 809 934 865 ταῦτα

129 896 182 971 μέν
196 893 229 968 δη
247 893 352 972 Ὀτάνῃ
369 895 501 970 ἐξαίρετα,
515 894 582 953 τάδε
598 893 627 951 δὲ
645 898 672 955 ές
684 892 717 952 τό
739 892 832 951 κοινόν
851 893 933 967 ε’βοό·

130 986 245 1040 λευσαν·
266 982 394 1058 παριέναι
408 986 435 1043 ἐς
449 981 486 1041 ταὶ
500 981 644 1057 βασιλήϊα
659 978 750 1039 πάντα
763 980 814 1039 τόν
826 981 933 1055 βουλό-

130 1094 214 1145 μενον
233 1072 288 1128 τῶν
313 1069 382 1128 έπτοὶ
404 1067 467 1128 ἄνευ
492 1069 668 1148 ἐσαγγελέος,
689 1065 724 1143 ἢν
744 1067 785 1144 μη
806 1068 934 1147 τυγχάνῃ

132 1155 215 1216 εὕδων
243 1156 315 1233 μετὰ
341 1156 471 1237 γυναικός
500 1155 648 1232 βασιλεύς·
689 1156 804 1236 γαμέειν
835 1157 867 1214 δὲ
892 1158 934 1233 μη

134 1246 233 1312 ε’ξεῐναι
256 1244 379 1304 ἄλλοθεν
400 1248 439 1322 τῷ
461 1244 584 1320 βασιλέϊ
605 1242 623 1319 ἢ
648 1248 678 1301 ἐκ
700 1246 756 1302 τῶν
779 1269 936 1303 συνεπανα-

133 1333 268 1392 στάντων.
308 1334 372 1409 περὶ
399 1333 429 1391 δὲ
457 1336 508 1407 τῆς
536 1332 693 1408 βασιληίης
723 1331 936 1406 ε’βουλεόσαντο

134 1421 250 1481 τοιόνδε·
284 1419 347 1480 ὅτευ
373 1418 413 1480 ἂν
434 1420 450 1479 ό
479 1421 563 1482 ἵππος
585 1419 668 1494 η’λίου
695 1421 937 1484 ἐπανατέλλοντος

132 1512 240 1584 πρῶτος
262 1508 417 1589 φθέγξηται
439 1514 467 1568 ἐν
483 1513 521 1586 τῷ
540 1508 707 1586 προαστείῳ,
727 1505 816 1567 αὐτῶν
839 1510 936 1584 ἐπιβε-

132 1596 269 1672 βηκότων,
282 1601 382 1656 τοῦτον
396 1597 531 1675 ἔχειντὴν
545 1596 711 1671 βασιληίην.

87 1687 124 1745 85
175 1685 283 1762 Δαρείῳ
299 1684 378 1758 δὲῆν
396 1684 551 1760 ἱπποκόμος
571 1682 641 1759 άνηρ
658 1682 759 1758 σοφός,
776 1687 815 1762 τῷ
829 1684 937 1762 οὕνομα

134 1770 169 1847 ἦν
191 1773 327 1848 Οἰβάρης·
349 1772 418 1849 πρός
436 1777 535 1832 τοῦτον
553 1771 603 1831 τόν
617 1770 710 1848 ἄνδρα,
725 1772 787 1829 ἐπεί
800 1799 831 1831 τε
846 1773 937 1832 διελό-

134 1861 233 1935 θησαν,
251 1862 327 1929 έλεξε
344 1866 462 1938 Δαρεῖος
481 1861 555 1920 τάδε·
577 1870 595 1894 “
605 1860 736 1935 Οἴβαρες,
752 1858 821 1935 ἡμῖν
842 1861 937 1920 δέδοκ-

134 1974 180 2006 ται
197 1948 261 2024 περὶ
280 1952 331 2024 τῆς
348 1949 504 2024 βασιληίης
521 1947 625 2007 ποιέειν
638 1946 708 2005 κατά
722 1946 797 2006 τάδε·
818 1947 883 2007 ότευ
902 1947 938 2010 ἂν

134 2035 150 2095 ό
173 2035 256 2099 ἵππος
276 2041 385 2113 πρῶτος
407 2038 563 2116 φθέγξηται
586 2035 644 2112 ἅμα
667 2039 706 2113 τῷ
726 2034 797 2113 ἡλίῳ
820 2035 936 2109 α’νιόντι,

135 2122 224 2183 αὐτῶν
238 2125 499 2200 ἐπαναβεβηκότων,
510 2128 608 2183 τοῦτον
622 2125 695 2202 ἔχειν
707 2122 758 2198 τὴν
765 2125 936 2202 βασιληίην·

135 2216 183 2271 νῦν
202 2211 246 2282 ὧν,
265 2214 290 2270 εἴ
308 2238 369 2272 τινα
387 2214 457 2290 ἔχεις
477 2213 592 2288 σοφίην,
609 2215 725 2290 μηχανῶ
746 2210 782 2274 τός
802 2209 837 2270 ἂν
855 2213 937 2288 ἡμεῖς

135 2304 249 2378 σχῶμεν
267 2304 350 2359 τοῦτο
370 2303 403 2358 τὸ
424 2301 514 2379 γέρας,
533 2299 634 2376 καὶμὴ
652 2299 740 2362 ἄλλος
756 2298 823 2362 τις·”
858 2300 938 2376 άμεί·

135 2390 219 2463 βεται
240 2387 368 2463 Οἰβάρης
385 2389 490 2448 τοῖσδε·
512 2393 562 2446 “εἶ
581 2391 633 2464 μὲν
653 2387 695 2461 δη,
713 2387 734 2445 ὦ
755 2388 889 2457 δέσποτα,
907 2395 938 2450 ἐν

86 2542 89 2548 ,
135 2476 222 2555 τούτῳ
235 2478 281 2535 τοί
293 2482 354 2535 ἐστι
366 2475 383 2551 ἢ
397 2477 524 2552 βασιλέα
538 2476 607 2535 εἶναι
620 2473 637 2551 ἢ
652 2476 700 2551 μή,
715 2475 818 2552 θάρσεε
835 2477 938 2538 τούτου

137 2564 237 2623 εἵνεκεν
258 2565 303 2622 καὶ
325 2564 413 2640 θυμόν
433 2565 478 2642 ἔχε
499 2562 615 2644 οἷγαθόν·
638 2563 673 2625 ως
691 2563 830 2638 βασιλεῦς
847 2564 938 2629 οὐδεὶς

136 2650 225 2715 ἄλλος
238 2652 292 2729 πρό
307 2657 357 2710 σεῦ
372 2654 459 2710 ἔσται·
480 2657 595 2711 τοιαῦτα
608 2651 662 2729 έχω
677 2650 838 2727 φάρμακα·”
858 2655 939 2732 λέγει

138 2745 264 2817 Δαρεῖος·
286 2751 304 2775 “
313 2743 336 2797 εἶ
348 2741 440 2799 τοίνυν
452 2767 480 2800 τι
495 2744 622 2799 τοιοῦτον
636 2741 707 2817 ἔχεις
720 2739 865 2816 σόφισμα,
881 2741 939 2818 ὥρη

134 2829 316 2906 μηχανᾶσθαι
329 2830 374 2886 καὶ
387 2827 427 2904 μὴ
446 2828 671 2904 ἀναβάλλεσθαι·
694 2826 728 2890 ὦς
740 2832 791 2902 τῆς
804 2829 940 2905 ε’πιούσης

136 2915 240 2993 ἡμέρης
253 2916 269 2975 ό
282 2915 357 2996 ἅγιόν
370 2917 438 2991 ἡμῖν
452 2915 539 2975 ε’στι·’“
553 2915 676 2976 οἰκούσας
683 2920 771 2974 ταῦτα
781 2913 796 2973 ό
808 2916 940 2993 Οἰβάρης

136 3005 224 3062 ποιέει
240 3003 356 3064 τοιόνδε·
378 3004 414 3066 ως
430 3005 534 3084 ε’γίνετο
547 3003 566 3078 ἡ
581 3003 638 3072 νύξ,
651 3007 706 3061 τῶν
720 3003 827 3078 θηλέων
846 3004 940 3065 ἵππων

123 3092 200 3169 ,adm
216 3090 300 3170 τηνὸ
318 3093 438 3172 Δαρείου
457 3092 541 3154 ἵππος
559 3092 673 3171 ἔστεργε
686 3090 821 3166 μάλιστα,
835 3092 939 3168 ταύτην

55 3214 72 3255 k.
114 3179 241 3266 α’γαγιόν
253 3188 285 3250 ἐς
298 3183 332 3247 τό
347 3182 524 3266 προάστειον
541 3179 687 3256 κατέδησε,
701 3177 747 3236 καλ
758 3178 939 3255 ἐπίχηαηετδν

115 3273 240 3351 sapa‘ov
263 3275 370 3341 ἵππον·
400 3277 450 3340 καὶ
472 3274 511 3338 τὰ
535 3274 588 3354 μὶν
605 3267 711 3331 πολλὰ
727 3261 965 3340 πῑυὶἦῚὶᾋὊΨῖ
