2040 3464
86 107 195 173 93-98]
421 109 556 158 οικυικ.
832 110 881 157 ιω

84 213 127 248 τοι
140 190 191 247 τοῦ
203 185 314 266 χρόνου,
326 187 372 246 καὶ
385 185 442 246 ἆπδ
456 186 548 261 νήσων
560 185 681 264 προσήῖε
694 185 782 249 ἄλλος
796 185 885 264 φόρος

85 276 132 335 καὶ
146 280 201 336 τῶν
220 281 249 335 ἐν
261 278 297 354 τῇ
310 274 431 352 Εὐρώπῃ
444 275 529 353 μέχρι
542 275 705 350 Θεσσαλίης
724 275 884 351 οἰκημένων.

84 366 183 422 τοῦτον
205 361 256 422 τόν
280 361 371 438 φόρον
398 362 558 439 θησαυρίζει
585 361 600 421 ό
626 361 765 437 βασιλεύς
789 361 885 442 τρόπω

84 449 189 528 τοιῷδε·
204 454 231 512 ε’ς
241 450 339 512 πίθους
349 449 511 525 κεραμίνους
520 448 605 524 τήξας
616 450 753 528 καταχέει·
769 449 885 524 πλήσας

85 537 116 595 δὲ
128 537 161 596 τό
174 536 269 618 ἄγγος,
282 539 432 614 περιαιρέει
444 536 494 597 τόν
507 538 636 613 κέραμον·
658 537 741 597 ε’πεοὶν
755 537 785 596 δὲ
797 537 883 617 δεηθῇ

84 624 243 701 χρημάτων,
265 624 433 685 κατακόπτει
453 629 574 684 τοσοῦτο
598 624 669 684 ὅσου
692 621 727 685 ἂν
751 623 886 688 έκάστοτε

86 711 189 786 δέηται.

126 797 215 859 Αὗται
226 800 279 877 μέν
291 826 339 860 νυν
349 798 437 879 α’ρχαί
445 826 476 859 τε
489 799 564 875 ἦσαν
574 801 620 859 καὶ
630 799 725 878 φόρων
736 799 880 871 ἐπιτάξιες.
891 802 926 864 97

85 886 220 964 ήΙΙερσὶς
231 889 260 948 δὲ
270 887 348 967 χώρη
357 888 446 965 μούνη
454 914 504 963 μοι
512 887 562 947 ούκ
574 888 678 966 ε’ίρηται
690 888 883 966 δασμοφόρος·

86 973 188 1034 ἀτελέα
200 976 255 1056 ηοῖρ
270 977 381 1053 Πέρσαι
397 975 526 1052 νέμονται
539 975 641 1054 χώρην.
676 976 734 1036 οἵδε
751 976 780 1035 δὲ
794 976 884 1053 φόρον

84 1064 138 1138 μὲν
164 1062 262 1124 οὐδένα
288 1063 448 1141 ἐτάχθησαν
474 1064 578 1140 φέρειν,
605 1064 680 1141 δῶρα
707 1065 737 1122 δὲ
763 1063 882 1144 α’γίνεον·

86 1151 218 1214 Αἰθίοπες
240 1154 268 1210 οἱ
290 1150 446 1228 πρόσουροι
469 1150 609 1231 Αἰγύπτῳ,
632 1151 696 1214 τούς
721 1151 884 1228 Καμβύσης

87 1238 208 1299 ἐλαύνων
226 1239 272 1298 ἐπὶ
292 1238 357 1301 τούς
378 1240 562 1314 Μακροβίους
582 1240 718 1302 Αἰθίοπας
738 1241 884 1315 κατεστρέ-

23 1334 28 1344 ”
86 1334 170 1404 ψοτο·
187 1326 214 1386 οἳ
226 1328 292 1404 περί
302 1352 333 1386 τε
346 1325 447 1401 Νύσην
459 1325 511 1401 τήν
526 1325 587 1402 ἱρήν
601 1327 777 1402 κατοίκηνται
791 1327 884 1407 καὶτῷ

88 1413 216 1493 Διονύσῳ
237 1413 373 1494 α’νόγουσι
392 1414 443 1476 τάς
462 1413 554 1490 ὁρτάς.
596 1411 674 1473 οὗτοι
694 1417 721 1472 οἱ
741 1415 880 1489 Αἰθίοπες,

87 1501 134 1560 καὶ
147 1505 174 1561 οἱ
186 1502 380 1581 πλησιόχωροι
392 1501 527 1571 τούτοισι,
539 1502 680 1579 σπέρματι
689 1504 741 1578 μὲν
751 1503 885 1579 χρέωνται

86 1593 125 1667 τῷ
143 1589 215 1668 αύτιῖ
232 1595 270 1670 τῷ
288 1591 334 1648 καὶ
355 1593 382 1648 οἶ
404 1589 563 1649 Καλαντίοι
583 1589 675 1649 Ἰνδοί·
698 1591 834 1665 οἰκήματα
855 1590 885 1650 δὲ

87 1679 214 1751 ἔκτηνται
232 1677 378 1758 κατάγαια·
399 1674 477 1736 οὗτοι
496 1676 706 1754 συναμφότεροι
727 1677 771 1736 διά
790 1679 885 1754 τρίτου

87 1766 161 1828 έτεος
177 1764 295 1845 όγίνεον,
312 1765 455 1846 ἀγινέουσι
471 1765 501 1824 δὲ
523 1767 569 1824 καὶ
586 1765 619 1825 τό
637 1767 722 1844 μέχρι
743 1770 816 1843 ε’μεῦ,
832 1767 885 1826 δύο

86 1854 210 1929 χοίνικας
229 1853 336 1931 ἀπύρου
355 1855 482 1932 χρυσίου,
504 1855 550 1913 καὶ
570 1854 713 1930 διηκοσίας
733 1854 885 1936 φάλαγγας

87 1942 194 2016 ε’βένου,
212 1943 258 2001 καὶ
279 1942 361 2002 πέντε
381 1942 482 2005 παῖδας
500 1944 644 2016 Αἰθίοπας,
665 1944 710 2002 καὶ
732 1944 885 2020 ἐλέφαντος

86 2027 201 2092 ὀδόντας
220 2029 361 2111 μεγάλους
381 2030 479 2090 ε’ίκοσι.
522 2030 635 2110 Κόλχοι
655 2032 685 2091 δὲ
705 2028 836 2102 ἐτάξαντο
857 2038 885 2096 ε’ς

86 2115 138 2190 τήν
151 2116 262 2193 δωρεήν,
277 2119 323 2176 καὶ
341 2121 368 2177 οἱ
385 2119 539 2197 προσεχέες
554 2121 638 2198 μέχρι
653 2123 704 2179 τοῦ
723 2119 886 2186 Καυκάσιος

87 2202 190 2280 ούρεος·
208 2211 236 2268 ές
247 2210 330 2265 τοῦτο
342 2205 441 2286 γάρτό
456 2206 536 2284 οὖρος
549 2206 603 2266 ύπδ
618 2208 750 2286 Πέρσῃσι
759 2206 884 2286 άρχεται·

86 2292 122 2351 τοὶ
155 2296 167 2350 ὲ
182 2293 252 2370 πρός
269 2296 362 2371 βορῆν
380 2293 482 2371 ἄνεμον
497 2299 548 2354 τοῦ
568 2295 732 2358 Καυκάσιος
751 2297 885 2372 Περσέων

87 2379 165 2440 οὐδέν
178 2383 218 2441 ἔτι
231 2383 380 2458 φροντίζει.
415 2379 491 2441 οὗτοι
509 2381 545 2442 ὦν
558 2383 632 2459 δῶρα
646 2383 683 2442 τοὶ
696 2382 828 2451 ἐτάξαντο
845 2384 884 2442 ἔτι

87 2469 133 2526 καὶ
151 2473 179 2531 ε’ς
197 2473 246 2545 ε’μὲ
265 2470 311 2529 διοὶ
329 2471 520 2546 πεντετηρίδος
536 2468 653 2550 α’γίνεον,
671 2469 768 2528 ἑκατόν
784 2471 885 2533 παῖδας

87 2557 132 2614 καὶ
153 2557 251 2617 έκατὸν
268 2558 430 2635 παρθένους.
464 2555 596 2634 Ἀράβιοι
614 2558 644 2616 δὲ
662 2559 743 2636 χίλια
759 2557 885 2617 τάλαντα

86 2643 196 2724 ἀγίνεον
213 2648 374 2722 λιβανωτοῦ
392 2644 445 2704 α’ναὶ
462 2649 519 2704 πᾶν
535 2646 603 2708 ἔτος.
637 2650 725 2704 ταῦτα
742 2647 794 2722 μὲν
809 2643 885 2704 οὗτοι

86 2733 160 2808 δῶρα
172 2732 262 2810 πάρεξ
273 2737 323 2793 τοῦ
338 2733 428 2811 φόρου
442 2733 563 2809 βασιλέϊ
576 2732 711 2809 ἐκόμιζον.

127 2822 184 2882 Τόν
201 2823 231 2882 δὲ
249 2821 356 2901 χρυσόν
373 2826 473 2881 τοῦτον
489 2820 540 2881 τόν
557 2822 668 2880 πολλὸν
687 2824 714 2880 οἱ
733 2820 823 2890 Ἰνδοὶ,
837 2819 933 2882 ἀπ’θθ

86 2907 119 2969 οὗ
139 2910 172 2970 τό
193 2914 295 2990 ψήγμοι
314 2914 353 2988 τῷ
371 2909 494 2986 βασιλέϊ
513 2909 546 2969 τό
569 2910 711 2986 εἰρημένον
732 2909 886 2985 κομίζουσι,

85 2998 179 3078 τρόπῳ
191 2999 286 3078 τοιῷδε
304 2999 442 3059 κτέωνται·
465 2999 524 3057 ἔστι
542 3001 593 3074 τῆς
609 2997 726 3072 Ἰνδικῆς
744 2997 836 3076 χώρης
852 2996 885 3055 τό

85 3086 157 3164 πρός
169 3087 252 3164 ἥλιον
265 3085 419 3166 οἷνίσχοντα
432 3085 555 3164 ψάμμος·
571 3089 626 3145 τῶν
638 3085 693 3167 γάρ
705 3085 786 3162 ἡμεῖς
800 3085 892 3158 ἴδμεν,

84 3178 141 3235 τῶν
154 3176 201 3235 καὶ
212 3174 276 3254 πέρι
290 3173 401 3253 οἶτρεκές
413 3200 443 3236 τι
457 3175 583 3258 λέγεται,
592 3177 705 3253 πρῶτος
716 3171 795 3247 πρὸς
805 3169 853 3266 ἦῧζ
865 3165 920 3262 *⁸3ss

80 3261 165 3338 η’λίου
176 3261 321 3330 ιίνατολθς
337 3266 472 3329 οἰκέουσι
487 3264 652 3347 ἀνθρώπων
667 3265 727 3322 τῖυν
743 3265 776 3317 ἒν
792 3258 837 3328 ἧς
863 3255 953 3308 ΜΨ

151 3349 185 3393 20
