2040 3464
122 106 231 171 27-30]
440 109 601 157 παύονται.
874 109 919 154 ιιι

120 185 199 246 άλλά
217 185 336 246 τοσόνδε
346 189 399 263 μὲν
415 185 490 246 ἄλλο
510 188 556 246 ἐπὶ
575 186 751 264 μακρότατον
771 183 922 262 ἐπυθόμην,

121 276 204 351 ιιέχρι
217 277 269 347 μὲν
281 273 484 349 Ἐλεφαντίνης
499 273 599 337 πόλιος
618 271 757 347 αὐτόπτης
776 274 873 343 ε’λθων,
886 273 920 334 τό

120 361 144 419 δ’
154 362 211 422 άπό
224 360 325 422 τούτου
335 361 406 438 α’κοή
415 360 468 436 ήδη
480 362 620 436 ἱστορέων.
654 360 710 419 άπδ
720 359 921 436 Ἐλεφαντίνης

119 449 220 511 πόλιος
232 447 287 508 άνω
303 448 379 519 ἰόντι,
393 448 507 511 ἅναντές
520 454 582 507 ἐστι
594 449 706 526 χωρίον·
727 453 814 526 ταύτῃ
829 448 866 508 ὦν
879 451 922 509 δεῖ

117 536 152 595 τό
165 540 268 596 πλοῖον
282 535 468 611 διαδήσαντας
484 536 689 612 ἀμφοτέρωθεν,
704 536 826 613 κατάπερ
840 538 920 611 βοίν,

118 623 297 700 πορεύεσθαι·
331 623 367 699 ἢν
387 624 416 682 δὲ
443 623 599 704 ἀπορραγῇ,
627 624 660 683 τό
687 628 788 683 πλοῖον
814 626 917 703 οἴχεται

118 711 275 788 φερόμενον
300 711 356 772 ύπδ
385 712 481 790 ἰσχύος
507 715 557 771 τοῦ
584 710 660 788 ῥόου.
701 711 733 771 τό
761 713 791 771 δὲ
816 715 918 792 χωρίον

117 804 202 859 τοῦτο
228 801 289 859 ἔστι
317 801 363 859 ε’πὶ
384 800 490 876 ἡμέρας
512 801 650 877 τέσσερας
676 798 773 863 πλόος·
804 802 920 866 σκολιός

117 885 148 944 δὲ
174 887 270 967 ταύτῃ,
299 887 421 965 κατάπερ
445 888 461 946 ὁ
482 888 651 965 Μαίανδρος,
674 890 735 947 ἔστι
762 887 778 948 ό
803 893 918 953 Νεῖλος.

117 979 230 1053 σχοῖνοι
251 976 280 1034 δὲ
302 976 422 1035 δυώδεκά
444 980 499 1035 εἰσι
522 974 607 1047 οὗτοι,
628 975 693 1039 τούς
714 977 756 1034 δεῖ
774 977 861 1056 τούτῳ
880 982 920 1056 τῷ

117 1062 211 1143 τρόπῳ
238 1064 419 1123 διεκπλῶσαι·
448 1065 494 1122 καὶ
516 1065 608 1134 ἔπειτα
633 1064 745 1133 οἷπίξεαι
770 1071 797 1127 ἐς
823 1065 918 1124 πεδίον

117 1153 203 1223 λεῖον,
224 1157 254 1211 ἐν
273 1157 311 1231 τῷ
331 1156 419 1228 νῆσον
439 1154 576 1230 περιρρέει
597 1152 612 1212 ό
633 1157 747 1214 Νεῖλος·
772 1154 918 1231 Ταχομψῶ

117 1235 223 1316 οὕνομα
237 1240 307 1320 αὐτῇ
322 1242 393 1300 ε’στί·
415 1242 538 1299 οἰκέουσι
554 1241 583 1299 δὲ
596 1235 631 1299 τά
647 1239 703 1298 άπό
717 1240 927 1321 Ἐλεφαντίνης

117 1325 172 1385 ἅνω
186 1329 319 1392 Αἰθίοπες
338 1328 401 1405 ήδη,
424 1330 469 1387 καὶ
489 1333 539 1404 τῆς
559 1327 648 1403 νήσου
667 1328 700 1387 τό
722 1320 820 1403 ἥμισυ·
841 1327 918 1387 τόδὲ

116 1412 214 1490 ἥμισυ,
228 1416 384 1496 Αἰγύπτιοι.
428 1419 519 1495 ἔχεται
540 1417 569 1474 δὲ
589 1420 639 1490 τῆς
659 1415 748 1490 νήσου
768 1416 853 1491 λίμνη
869 1442 916 1491 με-

116 1500 201 1581 γάλη,
222 1503 274 1579 τήν
294 1505 377 1580 πέριξ
396 1504 513 1580 νομάδες
534 1505 665 1565 Αἰθίοπες
686 1504 824 1577 νέμονται·
865 1503 918 1578 τήν

116 1590 294 1655 διεκπλώσας
313 1600 340 1656 ἐς
356 1597 406 1653 τοῦ
424 1593 531 1652 Νείλου
551 1591 584 1650 τό
605 1593 718 1667 ῥέεθρον
738 1590 820 1666 ήξεις,
834 1591 867 1649 τό
889 1598 917 1654 ἐς

115 1678 168 1753 τήν
181 1681 284 1757 λίμνην
296 1681 399 1757 ταύτην
414 1680 523 1739 ἐκδιδοῖ·
541 1679 587 1737 καὶ
601 1681 695 1738 ἔπειτα
709 1677 830 1753 άποβάς,
841 1680 917 1755 παρά

115 1765 165 1825 τόν
178 1769 305 1844 ποταμόν
322 1760 483 1844 ὁδοιπορίην
496 1767 629 1842 ποιήσεαι
646 1761 770 1843 ἡμερέων
782 1768 916 1844 τεσσερά·

116 1880 209 1914 κοντα·
231 1855 372 1915 σκόπελοί
381 1882 412 1914 τε
424 1856 480 1935 γάρ
494 1860 523 1914 ε’ν
535 1860 573 1933 τῷ
586 1856 681 1933 Νείλῳ
695 1854 769 1924 ὀξέες
783 1854 916 1933 άνέχουσι

116 1943 161 2000 καὶ
182 1944 310 2021 χοιράδες
331 1945 442 2002 πολλαί
461 1947 524 2012 εἶσι,
547 1942 580 2001 δι’
604 1940 640 2002 ὧν
662 1942 711 2002 ούκ
734 1942 780 2001 οἶά
800 1945 833 2002 τέ
853 1949 915 2002 ε’στι

115 2030 220 2089 πλέειν·
243 2031 391 2100 διεξελθών
405 2032 434 2089 δὲ
449 2037 477 2089 ε’ν
489 2035 557 2108 τῇσι
572 2031 781 2107 τεσσεράκοντα
793 2031 916 2109 ήμέρησι

114 2121 198 2176 τοῦτο
223 2118 257 2178 τά
280 2120 391 2196 χωρίον,
417 2118 492 2182 αὖτις
517 2125 544 2181 ές
572 2119 665 2195 ἕτερον
691 2123 793 2178 πλοῖον
815 2121 915 2194 ἐμβάς,

115 2205 235 2264 δυώδεκα
247 2206 352 2283 ἡμέρας
365 2206 511 2265 πλεύσεαι·
533 2208 579 2265 καὶ
593 2209 686 2266 ἔπειτα
700 2207 775 2282 ήξεις
789 2211 816 2268 ἐς
829 2207 915 2266 πόλιν

113 2292 250 2372 μεγάλην,
264 2298 299 2370 τῇ
314 2293 419 2370 οὔνομά
432 2300 493 2353 ε’στι
508 2294 616 2370 Μερόη·
639 2297 750 2374 λέγεται
764 2295 793 2352 δὲ
813 2293 914 2369 αὕτηή

113 2381 198 2443 πόλις
212 2381 280 2441 εἶναι
294 2383 468 2458 μητρόπολις
481 2387 536 2441 τῶν
549 2381 644 2442 ἄλλων
659 2383 808 2442 Αἰθιόπων.
850 2386 876 2440 οἶ
890 2382 914 2439 δ’

114 2474 144 2528 έν
156 2469 243 2547 ταύτῃ
259 2472 315 2528 Δία
329 2472 398 2530 θεῶν
416 2471 462 2528 καὶ
476 2468 616 2529 Διόνυσον
633 2470 751 2547 μούνους
770 2470 915 2544 σέβονται,

115 2556 228 2619 τούτους
241 2583 272 2617 τε
285 2559 414 2638 μεγάλως
427 2563 539 2634 τιμῶσι·
562 2560 609 2616 καί
621 2566 677 2635 σφι
698 2557 833 2634 μαντήϊον
846 2558 915 2620 Διός

114 2646 278 2720 κατέστηκε·
308 2646 507 2721 στρατεύονται
529 2644 552 2704 δ’
579 2645 662 2704 ε’πεάν
690 2651 782 2719 σφεας
808 2643 824 2703 ό
851 2644 913 2706 θεάς

114 2729 196 2796 οὗτος
214 2733 313 2812 κελεύῃ
334 2734 378 2793 διά
399 2733 608 2810 θεσπισμάτων·
637 2733 690 2802 καὶ,
704 2736 740 2810 τῇ
754 2729 788 2790 όν
807 2731 914 2809 κελεύῃ,

114 2825 211 2880 έκεῖσε.
255 2821 327 2881 ’And
346 2823 375 2880 δὲ
392 2821 493 2896 ταύτης
510 2825 560 2895 τῆς
580 2821 680 2882 πόλιος
695 2821 795 2888 πλέων,
815 2825 845 2879 έν
863 2822 914 2898 ἴσῳ
924 2821 962 2878 3⁰

113 2909 205 2988 χρόνῳ
219 2907 299 2989 ἄλλῳ
319 2910 394 2984 ἥξεις
412 2915 440 2972 ἐς
459 2909 522 2971 τούς
536 2908 726 2985 Αύτομόλους,
742 2914 770 2968 ἐν
788 2907 846 2986 όσω
861 2934 914 2980 περ

114 2997 146 3066 ἐξ
157 2996 358 3074 Ἐλεφαντόιης
368 2997 455 3075 ἦλθες
466 3003 494 3064 ές
507 2998 560 3077 τὴν
577 2996 757 3078 μητρόπολιν
770 2997 825 3071 τὴν
841 2993 938 3054 ἑξαδά-

102 3107 170 3140 πων.
213 3089 290 3145 τοῖσι
309 3087 341 3146 δὲ
365 3088 575 3171 Αύτομόλοισι
597 3088 739 3151 τούτοισι
759 3080 878 3158 οῗινοηίι
895 3081 970 3175 ὶῦῖξ

93 3166 220 3249 Ἀσμάχ·
243 3174 366 3240 δύναται
380 3181 416 3242 δὲ
430 3188 526 3248 τοῦτο
538 3183 578 3246 τὸ
600 3183 675 3248 ’έπος
701 3175 783 3241 κατα
793 3163 993 3248 ’ΐῆνιῨΝὛ

77 3275 134 3312 '‘⁰''
152 3263 305 3331 γλῶσσαν
323 3274 390 3333 οἷέ
436 3274 618 3358 ἀριστερῆς
636 3271 753 3358 χειρὸς
773 3249 1006 3340 πυφωῖθμνῦ
