2040 3464
86 106 194 172 49-52]
415 111 548 159 οιιιοιι.
838 113 887 160 ιιι

84 191 137 267 μὲν
156 190 351 266 πρεσβύτερος
368 189 458 250 αὐτῶν
475 195 503 249 ἐν
521 189 611 249 οὐδενὶ
628 189 705 270 λόγῳ
724 188 887 266 ἐποιήσατο·

84 275 102 336 ό
129 277 159 336 δὲ
184 276 315 355 νεώτερος
340 282 378 356 τῷ
405 276 509 353 οὕνομα
533 277 567 352 ἦν
590 277 755 354 Λυκόφρων,
776 277 888 360 ἤλγησε

85 362 211 427 ἀκούσας
227 363 298 424 οὕτω
312 364 384 424 ὥστε
401 364 568 441 ἀπικόμενος
582 370 609 427 ἐς
622 365 674 440 τὴν
688 365 827 442 Κόρινθον
840 366 888 426 ἅτε

85 453 176 528 φονέα
190 457 241 528 τῆς
258 452 364 529 μητρός
376 453 425 512 τάν
438 455 545 529 πατέρα
559 451 621 511 οὔτε
636 456 782 529 προσεῖπε,
796 453 887 514 διαλε·

84 541 194 620 γομένῳ
213 566 245 600 τε
265 539 328 600 οὔτε
348 541 566 620 προσδιελέγετο
587 541 745 615 ἱστορέοντί
754 567 786 600 τε
800 540 888 622 λόγον

86 627 184 689 οὐδένα
205 629 304 687 ἐδίδου·
327 629 409 691 τέλος
430 628 461 687 δέ
479 654 528 704 μιν
543 628 609 704 πέρι
627 629 704 706 θυμῷ
724 628 887 706 ἐχόμενοςό

86 716 257 794 Περίανδρος
274 714 414 784 ἐξελαύνει
434 721 464 774 ἐκ
479 719 535 775 τῶν
551 717 651 774 οἰκίων.
686 714 843 784 Ἐξελάσας
857 718 929 778 δέ51

85 807 192 874 τοῦτον,
215 803 324 880 ἱστόρεε
343 802 393 863 τάν
413 803 607 880 πρεσβύτερον
624 803 661 861 τοί
680 809 736 877 σφι
754 799 887 882 ἀμητρο-

85 890 182 967 πότωρ
201 890 341 969 διελέχθη·
363 890 424 950 όδέ
442 894 468 949 οἶ
485 889 624 971 ἀπηγέετο
641 890 676 953 ὥς
694 897 786 966 σφεας
805 897 886 967 φιλο-

86 979 195 1054 φρόνως
221 979 342 1048 ἐδέξατο·
377 979 481 1037 ἐκείνου
505 978 535 1036 δὲ
560 983 610 1038 τοῦ
638 980 716 1041 ἔπεος
738 978 772 1038 τό
793 986 849 1055 σφι
870 979 887 1040 ό

86 1071 220 1141 Προκλῆς
240 1065 426 1126 ἀποστέλλων
442 1065 509 1138 εἶπε,
526 1066 574 1125 ἀτε
592 1065 623 1126 οὐ
640 1065 693 1145 νόῳ
714 1066 821 1142 λαβῶν,
836 1066 886 1126 οὐκ

86 1156 233 1230 ἐμέμνητο·
267 1154 437 1230 Περίανδρος
464 1154 493 1212 δέ
521 1153 649 1230 οὐδεμίαν
675 1153 806 1231 μηχανὴν
831 1156 886 1231 ἐφη

87 1242 156 1301 εἶναι
170 1242 211 1319 μη
232 1241 264 1301 οὔ
283 1249 339 1318 σφι
356 1245 460 1300 ἐκεῖνον
478 1240 636 1301 ἀποθέσθαι
653 1267 689 1310 τι,
709 1240 840 1318 ἐλιπάρεέ
855 1267 887 1301 τε

87 1331 230 1407 ἱστορέων·
252 1329 267 1388 ὁ
282 1330 311 1388 δὲ
325 1329 513 1405 ἀναμνησθεὶς
526 1327 586 1387 εἶπε
600 1327 645 1386 καὶ
658 1331 751 1387 τοῦτο·
770 1330 887 1405 Περίαν-

86 1417 150 1494 δρος
168 1419 197 1476 δὲ
216 1417 269 1496 νόῳ
282 1416 383 1492 λαβών
397 1416 442 1474 καὶ
455 1420 538 1475 τοῦτο
552 1416 598 1474 καὶ
610 1415 740 1491 μαλακόν
754 1416 888 1476 ἐνδιδόναι

85 1506 261 1581 βουλόμενος
281 1505 367 1574 οὐδὲν,
389 1502 409 1582 ᾖ
429 1503 446 1562 ό
467 1504 628 1573 ἐξελασθεὶς
647 1503 693 1562 ὑπ’
715 1503 799 1563 αὐτοῦ
820 1508 886 1568 παῖς

86 1593 193 1652 δίαιταν
207 1594 329 1651 ἐποιέετο
345 1598 371 1655 ἐς
384 1590 499 1654 τούτους
512 1593 629 1669 πέμπων
639 1590 769 1671 ἀγγελον,
781 1591 886 1673 ἀπηγό-

84 1706 148 1756 ρευε
164 1681 205 1757 μή
220 1707 269 1756 μιν
287 1681 417 1739 δέκεσθαι
434 1680 557 1739 οἰκίοισι·
579 1679 638 1739 όδέ
652 1678 721 1742 ὅκως
734 1679 886 1740 ἀπελαυνό-

85 1795 168 1844 μενος
189 1771 267 1829 ἔλθοι
280 1774 307 1831 ἐς
322 1768 414 1843 ἀλλην
429 1769 526 1843 οἰκίην,
541 1766 703 1827 ἀπελαύνετ’
718 1765 752 1827 ἀν
766 1769 812 1827 καὶ
828 1769 885 1829 ἀπά

86 1856 194 1931 ταύτης,
213 1855 403 1935 (ἀπειλέοντός
418 1882 450 1915 τε
465 1860 515 1915 τοῦ
535 1855 708 1933 Περιάνδρου
721 1860 796 1915 τοῖσι
810 1857 886 1927 δεξα-

85 1945 196 2019 μένοισι
216 1944 261 2001 καὶ
283 1944 404 2023 ἐξέργειν
422 1943 605 2022 κελεύοντος)
620 1943 845 2022 ἀπελαυνόμενος
863 1945 886 2004 δ’

85 2030 120 2090 ἂν
132 2031 175 2106 ἤϊε
190 2031 231 2090 ἐπ’
246 2033 341 2109 έτέρην
354 2035 408 2090 τῶν
423 2033 545 2107 ἑταίρων·
568 2035 594 2090 οἰ
608 2032 636 2090 δὲ
650 2031 698 2090 ἅτε
712 2032 886 2110 Περιάνδρου

85 2119 167 2179 ἐόντα
179 2119 266 2178 παῖδα
279 2121 377 2194 καίπερ
391 2119 574 2194 δειμαίνοντες
588 2119 661 2196 ὅμως
672 2120 807 2180 ἐδέκοντο.
837 2122 885 2180 Τέ-
894 2123 930 2181 52

85 2211 137 2270 λος
157 2208 186 2266 δὲ
205 2207 220 2266 ὁ
240 2206 410 2282 Περίανδρος
430 2206 559 2286 κήρυγμα
580 2207 742 2282 ἐποιήσατο,
762 2208 793 2270 ὃς
810 2206 882 2285 ἀνῆ

85 2295 199 2353 οἰκίοισι
212 2294 381 2368 ὑποδέξηταί
391 2319 440 2369 μιν
453 2292 471 2368 ἢ
485 2295 706 2372 προσδιαλεχθῇ,
717 2293 777 2371 ἱρὴν
786 2296 886 2372 ζημίην

85 2388 184 2442 τοῦτον
197 2387 235 2460 τῷ
246 2382 407 2456 Ἀπόλλωνι
426 2380 561 2456 ὀφείλειν,
575 2381 647 2456 ὅσην
661 2382 694 2457 δη
709 2382 795 2444 εἴπας·
817 2383 887 2460 πρός

87 2471 124 2529 ὦν
144 2471 178 2545 δή
199 2474 282 2529 τοῦτο
303 2469 335 2528 τό
358 2468 495 2549 κήρυγμα,
516 2469 578 2529 οὔτε
598 2472 640 2531 τίς
659 2473 685 2528 οἱ
706 2469 886 2550 διαλέγεσθαι

86 2557 149 2618 οὔτε
170 2560 282 2617 οἰκίοισι
303 2557 434 2616 δέκεσθαι
453 2555 548 2631 ἤθελε·
575 2556 645 2632 πρός
665 2557 703 2627 δὲ,
721 2557 752 2614 οὐ
771 2559 783 2614 ἐ
803 2556 886 2621 αάτάς

85 2649 188 2710 ἐκεῖνος
209 2646 325 2705 ἐδικαίευ
345 2646 499 2721 πειράσθαι
518 2644 711 2722 ἀπειρημένου,
731 2643 808 2703 ἀλλά
829 2645 885 2704 δια·

85 2735 236 2812 καρτερέων
257 2738 285 2792 ἐν
304 2737 372 2811 τῇσι
393 2737 498 2811 στοῇσι
520 2732 701 2791 ἐκαλινδέετο·
722 2732 840 2812 τετάρτῃ
860 2732 883 2791 δ’

84 2821 174 2900 ἡμέρη
195 2821 256 2880 ἴδιόν
269 2847 317 2896 μιν
330 2820 346 2879 ό
366 2820 536 2898 Περίανδρος
553 2820 710 2898 ἀλουσίῃσί
720 2846 751 2880 τε
765 2821 811 2879 καὶ
823 2819 885 2879 ἀσι-

84 2911 163 2987 τίῃσι
184 2907 415 2984 συμπεπτωκότα,
438 2908 563 2984 οἴκτειρε·
590 2907 668 2971 ἀπεὶς
688 2909 718 2967 δέ
733 2912 783 2984 τῇς
800 2907 885 2989 ἀργῆς

84 2997 129 3073 ἤϊε
150 2997 243 3057 ἆσσον
259 2996 305 3055 καὶ
322 2997 411 3076 ἐλεγε·
433 2995 480 3053 “ὦ
495 3000 555 3065 παῖ,
572 2995 672 3072 κότερα
689 2995 793 3056 τούτων
812 2999 883 3073 αἶρε·

84 3085 191 3161 πότεροί
212 3091 281 3152 ἐστι,
302 3088 390 3142 ταῦτα
409 3085 445 3143 τοὶ
465 3087 513 3143 νῦν
534 3086 604 3162 ἔχων
624 3083 772 3161 πρήσσεις,
793 3082 811 3159 ἢ
831 3084 883 3158 τὴν

84 3173 232 3250 τυραννίδα
260 3171 306 3231 καὶ
337 3170 431 3254 ἀγαθὰ
457 3171 495 3232 τὰ
517 3177 568 3234 νῐιν
597 3172 653 3254 ἐγω
677 3174 751 3252 ἐγω,
772 3167 922 3263 Rufina}

78 3259 159 3319 ἐόντα
178 3265 219 3341 τῷ
238 3260 326 3342 πατρὶ
347 3265 501 3345 ἐπιτήδεον
523 3261 803 3344 παραλαμβάνειν,
821 3253 865 3310 3²
878 3254 939 3304 ’ἕω
994 3318 998 3335 ,
