2040 3464
131 115 161 161 68
203 123 206 128 ’
438 115 620 163 ἨΡΟΔΟΤΟΤ
895 112 927 176 [Ι.

128 193 163 269 δή
180 198 219 272 τῷ
238 193 331 254 θύοντι
352 195 406 273 ἰδίῃ
426 194 519 273 μούνῳ
542 194 575 253 ού
597 197 624 253 οἱ
645 195 782 275 ἐγγίνεται
807 191 929 269 όριῖσθαι

129 281 231 362 οἷγαθό·
253 283 268 342 ό
283 283 311 341 δὲ
325 288 398 342 πᾶσι
410 287 487 342 τοῖσι
497 283 630 361 Πέρσῃσι
640 280 803 359 κατεύχεται
818 280 847 338 εὗ
860 283 930 361 γίνεἃ

130 371 206 438 σθαι,
229 371 275 428 καὶ
294 376 332 448 τῷ
348 373 476 446 βασιλεῖ·
499 376 528 430 ἐν
543 370 598 451 γὰρ
616 369 649 444 δή
663 373 739 428 τοῖσι
753 367 844 427 ἅπασι
857 370 931 447 Πέρ-

130 483 201 536 σῃσι
218 460 263 516 καὶ
283 458 365 520 αὐτός
377 460 491 538 γίνεται·
513 458 596 517 ἐπεοὶν
610 459 639 516 δὲ
658 455 842 533 διαμιστύλας
860 459 931 517 κατὰ

128 546 215 621 μέρεα
234 546 267 604 τό
285 547 373 622 ἱρήϊον
387 547 480 625 ἑψήσῃ
493 546 529 605 τοῖ
544 546 617 622 κρέα,
632 544 782 606 ύποπόσας
799 546 883 619 ποίην
895 545 930 609 ὦς

131 632 316 709 ἁπαλωτάτην
334 634 462 711 μάλιστα
480 634 510 693 δὲ
527 634 559 692 τό
579 634 745 710 τρίφυλλον,
765 633 811 690 ἐπὶ
829 632 930 709 ταύτης

131 722 211 796 ἔθηκε
228 720 264 780 ὧν
279 721 371 781 πάντα
387 722 422 780 τό
439 723 514 800 κρέα·
537 721 677 782 διαθέντος
691 721 720 778 δὲ
733 719 826 790 αὐτοῦ,
840 720 930 801 μόγος

130 807 199 884 α’νήρ
220 808 380 886 παρεστεοῖς
400 809 519 867 ἐπαείδει
540 809 683 889 θεογονίην
700 808 761 882 οἵην
777 807 811 883 δή
832 813 930 888 ἐκεῖνοι

129 897 248 976 λέγουσι
267 897 336 956 εἶναι
353 898 405 972 τήν
421 897 562 972 ἐπαοιδήν·
584 896 647 955 ἄνευ
664 895 719 976 γοῖρ
738 895 771 970 δή
784 895 877 976 μάγου
897 896 930 957 ού

130 990 187 1058 σφι
206 984 291 1060 νόμος
309 986 370 1043 ἐστὶ
387 985 486 1047 θυσίας
505 985 661 1043 ποιέεσθαι·
690 982 814 1061 ε’πισχών
827 984 857 1042 δὲ
870 983 929 1044 όλί-

129 1097 181 1151 γον
199 1070 308 1148 χρόνον,
323 1071 496 1148 ἀποφέρεται
508 1072 524 1131 ὁ
539 1071 626 1132 θύσας
640 1071 675 1130 τοὶ
689 1071 755 1148 κρέα
769 1071 814 1129 καῖ
827 1077 930 1149 χρᾶται

131 1155 187 1218 ὅτι
199 1184 248 1234 μιν
261 1158 347 1239 λόγος
361 1161 454 1235 αἱρέει.

84 1247 140 1305 133
181 1247 306 1323 Ἡμέρην
319 1247 348 1306 δὲ
362 1247 492 1307 ἁπασέων
504 1248 632 1326 μάλιστα
646 1248 750 1322 ἐκείνην
759 1251 843 1324 τιμᾶν
853 1250 928 1324 νομί-

131 1336 211 1405 ζουσι
228 1340 264 1414 τῇ
284 1336 400 1398 ἕκαστος
417 1337 534 1416 ἐγένετο.
569 1341 598 1394 ἐν
609 1335 697 1415 ταύτῃ
711 1336 740 1393 δὲ
753 1336 829 1393 πλέω
849 1336 930 1395 δαῖτα

128 1426 184 1482 τοῖν
205 1422 301 1482 ἄλλων
322 1423 458 1483 δικαιεῦσι
478 1424 671 1500 προτίθεσθαι·
694 1429 721 1482 ε’ν
739 1428 775 1501 τῇ
795 1427 822 1482 οἶ
843 1423 930 1483 εύδαί-

128 1536 211 1586 μονες
232 1510 321 1571 αύτοῖν
338 1513 411 1587 βοῦν
431 1513 477 1570 καὶ
497 1512 582 1570 ἵππον
598 1513 644 1569 καὶ
660 1511 787 1588 κόμηλον
803 1512 849 1569 καὶ
867 1509 930 1572 ὄνον

129 1599 318 1674 προτιθέαται,
333 1599 416 1660 ὅλους
432 1599 533 1661 ὀπτούς
551 1604 579 1658 ἐν
593 1600 744 1675 καμίνοισι·
766 1602 793 1658 οἱ
806 1599 835 1657 δὲ
848 1600 929 1675 πένῃ·
981 1634 984 1638 *

127 1710 173 1748 τες
195 1685 284 1745 αὐτῶν
304 1686 340 1744 τοὶ
366 1685 456 1744 λεπτοὶ
482 1692 538 1747 τῶν
560 1685 712 1764 προβάτων
739 1687 929 1763 προτιθέαται.

128 1774 236 1832 σίτοισι
254 1775 283 1832 δὲ
304 1773 429 1855 ὀλίγοισι
448 1776 591 1852 χρέωνται,
610 1772 805 1851 ἐπιφορήμασι
818 1775 847 1833 δὲ
860 1781 929 1834 πολ-

126 1864 206 1920 λοῖσι
229 1862 275 1919 καὶ
298 1862 348 1920 ούκ
369 1861 462 1921 ἁλέσι·
491 1865 537 1920 καὶ
557 1862 603 1921 διὰ
622 1867 705 1920 τοῦτο
727 1863 801 1937 φασὶ
817 1863 930 1939 Πέρσαι

129 1958 147 1983 “
155 1949 219 2011 τούς
237 1948 382 2024 Ἕλληνας
405 1951 582 2026 σιτεομένους
606 1954 756 2011 πεινῶντας
780 1948 928 2021 παύεσθαι,

128 2037 171 2095 ὅτι
198 2042 254 2112 σφι
279 2036 335 2096 ἀπό
363 2037 475 2096 δείπνου
501 2037 710 2115 παραφορέεται
735 2036 814 2097 οὐδὲν
841 2037 929 2118 λόγου

127 2121 214 2192 ι’ίξιον·
242 2125 313 2184 εἶδέ
329 2151 357 2184 τι
377 2126 579 2203 παραφέροιτο,
594 2126 739 2188 ἐσθίοντας
757 2124 790 2184 ἂν
811 2125 843 2183 ού
860 2126 928 2184 παύ-

127 2212 234 2271 εσθαι.”
267 2214 330 2291 οἴνῳ
353 2213 382 2271 δὲ
404 2212 492 2289 κόρτα
512 2214 695 2291 προσκέαται·
727 2214 776 2271 καί
799 2220 856 2287 σφι
879 2213 928 2273 ούκ

129 2301 229 2377 ἐμέσαι
244 2301 342 2371 ἔξεστι,
358 2300 419 2360 ούκὶ
433 2300 552 2378 ούρήσαι
565 2301 658 2361 όντίον
672 2299 772 2360 ἄλλου.

170 2393 265 2447 Ταῦτα
283 2390 335 2465 μέν
349 2415 397 2448 νυν
411 2388 480 2448 οὕτω
498 2389 689 2465 φυλάσσεται.
722 2383 929 2466 μεθυσκόμενοι

127 2475 157 2534 δέ
171 2476 274 2535 ἐώθασι
286 2475 476 2552 βουλεύεσθαι
488 2477 524 2536 τό
538 2477 764 2537 σπουδαιέστατα
776 2481 831 2535 τῶν
840 2502 928 2557 πρηγ-

125 2562 229 2641 μότων·
250 2564 282 2623 τό
300 2564 322 2622 δ’
337 2563 370 2623 ἂν
389 2564 441 2643 ἅδῃ
462 2572 518 2641 σφι
536 2565 875 2641 βουλευομένοισι,τοῦτο
891 2568 929 2643 τῇ

125 2652 259 2730 ὑστεραίῃ
279 2651 403 2728 νήφουσι
423 2655 551 2730 προτιθεῖ
570 2653 585 2713 ό
606 2655 762 2733 στέγαρχος
783 2657 810 2711 ἐν
826 2656 877 2711 τοῦ
895 2651 929 2712 ἂν

128 2738 218 2802 ἐόντες
237 2740 438 2815 βουλεύωνται·
467 2743 512 2799 καὶ
532 2741 567 2817 ἢν
586 2744 638 2817 μὲν
659 2741 711 2818 όδῃ
729 2742 775 2798 καὶ
795 2739 928 2815 νήφουσι,

127 2828 262 2904 χρέωνται
282 2827 378 2905 αύτέιρ·
402 2826 437 2902 ἢν
454 2829 483 2887 δὲ
502 2830 542 2905 μή
564 2830 625 2906 ἅδῃ,
646 2832 775 2904 μετιεῖσι·
799 2828 835 2886 τό
854 2826 876 2887 δ’
895 2826 928 2887 ἂν

127 2914 263 2990 νήφοντες
283 2915 558 2992 προβουλεύσωνται,
572 2915 776 2991 μεθυσκόμενοι
797 2915 929 2996 ἐπιδιαγι-

61 3004 137 3079 γ134
149 3002 297 3062 νιόσκουσι.
335 3003 566 3084 Ἐντυγχόνοντες
589 3002 612 3061 δ’
633 3003 789 3078 οἷλλήλοισι
813 3007 841 3061 ἐν
861 3007 928 3080 τῇσι

63 3088 67 3107 ¹
105 3113 113 3126 ··
122 3090 224 3158 ὁδοῖσι,
240 3091 309 3168 τῷδε
324 3089 358 3149 ἅν
370 3116 412 3152 τις
425 3091 550 3172 διαγνοίη
563 3095 587 3148 εἰ
600 3090 692 3166 ὁμοῖοι
706 3091 762 3148 εἶσὶ
772 3093 798 3148 οἱ
811 3116 929 3171 συντυγ-

7 3230 11 3235 .
49 3242 53 3249 ι
99 3174 259 3245 χιίνοντες·
285 3176 354 3238 α’ντῖ
374 3178 433 3262 γοῖρ
457 3183 510 3240 τοῦ
534 3177 755 3260 προσαγορεύειν
779 3176 933 3250 ἀλλήλους,

5 3242 14 3311 λ
35 3292 44 3311 ¹
89 3260 241 3326 ῴιλέουσι
254 3270 339 3329 τοῖσι
352 3269 504 3350 στόμασι·
525 3267 564 3350 ἣν
579 3267 644 3350 δέᾒ
659 3266 774 3344 ούτερος
783 3263 949 3322 ύπαδεέστε-
