2040 3464
142 113 190 160 νοι
447 113 630 162 ατοιοτοτ
873 111 944 176 [111.

141 196 170 254 ἐς
191 190 225 251 τδ
248 191 346 269 μέσον·
373 193 389 252 ὁ
413 193 443 251 δὲ
465 193 583 251 ἐνθαῦτα
609 190 644 267 δή
667 189 704 250 ὧν
728 189 863 265 ἐκφαίνει,
888 191 946 266 φάς

141 278 274 355 α’τρεκέως
295 282 347 356 μὲν
371 278 420 338 οῦκ
443 280 615 339 ἐπίστασθαι
639 277 783 355 ὁμιλήσας
807 278 837 336 δὲ
862 281 947 358 ἰητρῷ

142 367 274 443 φλαύρως
292 368 364 445 ἔχειν
377 367 429 443 τήν
440 368 551 445 τέχνην·
572 365 644 443 μετοί
657 366 695 435 δὲ,
710 364 746 427 ὥς
759 368 786 424 οἱ
800 365 946 444 ἐπέτρεψε,

140 453 336 530 Ἑλληνικοῖσι
356 455 457 530 ἰήμασι
477 453 633 532 χρεώμενος
656 454 702 512 καὶ
725 451 796 527 ήπια
816 453 889 530 μετά
909 454 946 513 τά

143 543 245 621 ἰσχυραὶ
267 543 426 621 προσάγων,
449 542 537 601 ὕπνου
560 542 592 600 τέ
611 566 660 617 μιν
680 540 834 620 λαγχάνειν
855 542 948 602 ἐποίεε

142 631 188 689 καί
202 637 231 690 ἐν
244 630 335 710 χρόνῳ
348 629 435 710 ὀλίγῳ
448 629 527 710 ῦγιέα
540 654 589 705 μιν
602 628 683 687 ἐόντα
696 627 820 698 ἀπέδεξε,
835 627 946 704 οῦδαμιί

142 720 182 777 ἐτι
205 720 354 789 ἐλπίζοντα
375 716 508 794 οἷρτίπουν
532 718 657 776 ἔσεσθαι.
699 714 828 791 δωρέεται
845 716 880 790 δή
897 743 947 793 μιν

141 807 213 882 μετὰ
230 810 318 866 ταῦτα
332 804 347 864 ὁ
362 809 480 882 Δαρεῖος
497 804 600 863 πεδέων
612 802 738 881 χρυσέων
754 802 803 861 δύο
823 803 944 885 ζεύγεσι·

144 892 159 951 ὁ
173 893 205 952 δέ
216 919 265 969 μιν
279 895 409 969 ἐπείρετο,
425 893 451 950 εἴ
467 895 493 951 οϊ
507 892 659 965 διπλήσιον
672 890 705 949 τδ
719 889 806 950 κακδν
819 892 946 967 ἐπίτηδες

142 981 218 1057 νέμει
238 980 281 1039 ὅτι
301 1006 349 1055 μιν
369 979 448 1061 ίγιέα
470 980 603 1054 ἐποίησε;
628 978 726 1053 η’σθείς
744 978 773 1036 δὲ
794 983 832 1057 τῷ
852 979 946 1040 έπεϊὸ

143 1072 261 1145 Δαρεῖος
282 1068 443 1144 ἀποπέμπει
461 1094 510 1143 μιν
528 1067 605 1143 παροί
621 1067 671 1129 τοίς
688 1069 788 1124 ἑωυτοῦ
803 1071 945 1147 γυναῖκας·

142 1157 315 1237 παράγοντες
328 1157 357 1215 δὲ
371 1159 398 1215 οἱ
412 1155 538 1233 εὐνοῦχοι
552 1157 649 1235 ἔλεγον
659 1153 729 1230 πρδς
742 1153 792 1216 τοίς
804 1160 945 1234 γυναῖκας,

143 1244 178 1308 ὦς
192 1245 314 1321 βασιλέϊ
329 1242 408 1306 οὗτος
429 1244 471 1318 εἴη
490 1243 520 1305 δς
539 1243 591 1317 τήν
609 1242 703 1320 ψυχήν
723 1240 857 1300 οἰπέδωκε·
877 1243 955 1303 ιϊπο·Δ

142 1333 287 1392 κύπτουσα
308 1333 338 1391 δὲ
359 1330 461 1390 αὐτέων
482 1330 587 1405 ἑκάστη
609 1331 699 1407 φιάλῃ
721 1335 748 1391 ές
767 1333 818 1388 τοῦ
835 1336 945 1408 χρυσοῦ

141 1422 193 1495 τήν
210 1421 297 1496 θήκην
314 1418 442 1496 ἐδωρέετο
460 1418 628 1493 Δημοκήδεα
645 1416 715 1476 οὕτω
732 1416 767 1491 δή
782 1442 811 1476 τι
831 1417 946 1496 δαφιλέῖ

142 1509 236 1587 δωρεῇ,
251 1508 286 1570 οἷς
298 1507 362 1570 τοῦς
375 1506 583 1567 ἀποπίπτοντας
596 1504 652 1564 άπδ
666 1509 721 1564 τῶν
735 1505 863 1579 φιαλέων
875 1533 945 1566 στα·

141 1600 227 1672 τῆρας
251 1595 383 1672 ἑπόμενος
403 1593 419 1653 ὁ
441 1594 556 1668 οἰκέτης,
579 1597 617 1670 τῷ
640 1591 747 1667 οὔνομα
770 1591 806 1667 ἦν
828 1594 944 1665 Σκίτων,

141 1683 298 1762 οϊνελέγετο·
329 1683 376 1740 καί
399 1685 425 1740 οἱ
446 1686 542 1760 χρῆμα
565 1679 677 1740 πολλάν
696 1705 725 1739 τι
747 1685 858 1758 χρυσοῦ
878 1707 944 1743 συν-

142 1772 254 1848 ελέχθη.

96 1860 150 1918 131
193 1858 227 1916 Ὁ
243 1860 271 1917 δὲ
286 1858 452 1934 Δημοκήδης
463 1855 542 1920 οὗτος
556 1853 607 1916 ὦδε
622 1862 651 1915 ἐκ
666 1854 813 1933 Κρότωνος
826 1857 944 1938 α’πιγμί-

142 1972 188 2008 νος
203 1945 380 2020 Πολυκράτεϊ
398 1945 534 2021 ὡμίλησε·
555 1945 641 2020 πατρὶ
657 1944 802 2022 συνείχετο
821 1950 849 2005 ἐν
868 1948 943 2023 Κρά-

141 2059 206 2094 τωνι
233 2032 320 2112 ὀργήν
346 2037 471 2111 χαλεπῷ·
498 2036 597 2093 τοῦτον
619 2033 680 2090 ε’πεί
703 2057 735 2091 τε
757 2031 807 2090 οῦκ
829 2033 944 2093 ἐδύνατο

142 2122 245 2198 φέρειν,
264 2119 410 2180 άπολιποϊν
433 2122 525 2198 οἴχετο
547 2126 574 2183 ἐς
594 2121 720 2199 Αἴγιναν·
749 2121 893 2185 καταστοίς
914 2124 943 2182 δὲ

142 2216 169 2272 ἐς
181 2208 292 2285 ταύτην,
306 2212 344 2286 τῷ
358 2208 455 2286 πρώτῳ
470 2211 523 2266 ἐτεϊ
536 2207 729 2284 ὑπερεβάλετο
739 2208 804 2270 τοῦς
817 2208 943 2284 προίτους

142 2298 257 2375 ἰητροῦς,
275 2296 395 2372 οἷσκευής
415 2323 467 2373 περ
489 2295 539 2355 ἐοϊν
555 2297 601 2354 καὶ
622 2298 691 2374 ἔχων
712 2295 792 2355 οὐδὲν
811 2301 867 2356 τῶν
887 2297 943 2358 ὅσα

141 2388 205 2464 περὶ
217 2386 268 2462 τήν
281 2386 381 2463 τέχνην
396 2386 457 2444 ἐστὶ
472 2384 617 2464 ἔργαλήϊα·
640 2385 688 2442 καί
698 2409 746 2459 μιν
760 2383 876 2463 δευτέρῳ
890 2387 943 2445 ἔτεϊ

139 2473 278 2534 ταλάντου
297 2477 445 2553 Αἰγινῆται
465 2472 587 2550 δημοσίῃ
607 2473 781 2548 μισθεῦνται·
808 2472 894 2550 τρίτῳ
914 2473 942 2534 δί

142 2565 195 2622 ἔτεϊ
211 2562 355 2634 Ἀθηναῖοι
371 2559 469 2619 έκατδν
484 2560 581 2636 μνέων·
602 2559 722 2637 τετάρτῳ
737 2559 765 2616 δὲ
779 2559 834 2616 έτεϊ
848 2565 941 2620 Πολυ·

142 2649 242 2728 κράτης
262 2651 332 2708 δυῶν
349 2649 501 2708 ταλάντων.
540 2645 610 2706 οὕτω
630 2649 681 2723 μὲν
701 2645 818 2706 άπίκετο
840 2652 868 2709 ἐς
891 2649 940 2725 τήν

144 2739 248 2807 Σάμον
291 2738 337 2796 καὶ
360 2735 417 2795 άπδ
438 2735 538 2796 τούτου
561 2737 612 2794 τοῦ
637 2733 809 2812 άνδρὸςοῦκ
835 2734 943 2809 ἥκιστα

141 2829 331 2904 Κροτωνιῆται
353 2825 442 2901 ἰητροὶ
466 2823 661 2898 εὐδοκίμησαν.
697 2822 806 2902 ἐγένετο
827 2822 884 2902 γάρ
906 2824 944 2886 ὧν

140 2918 223 2974 τοῦτο
241 2913 287 2974 ὅτε
306 2917 411 2989 πρῶτοι
424 2914 476 2987 μὲν
490 2915 681 2988 Κροτωνιῆται
704 2911 792 2986 ἰητροὶ
808 2913 943 2993 ἐλέγοντο

140 3002 192 3061 α’νᾶ
201 3001 252 3075 τήν
265 3000 390 3058 Ἑλλάδα
405 3001 483 3059 εἰναι·
502 2997 623 3074 δεύτεροι
636 2998 674 3066 δὲ,
687 3002 851 3074 Κυρηναῖοι·
871 3008 943 3061 κατὰ

131 3091 185 3151 τάν
201 3087 290 3151 αιϊτδν
305 3088 335 3149 δὲ
355 3087 457 3170 χρόνον
478 3087 524 3146 καὶ
543 3084 666 3165 Ἀργεῖοι
681 3084 783 3161 ἤκουον
798 3089 943 3164 μουσικήν

708 3171 717 3190 ι

68 3178 218 3242 132εἶναι
239 3180 394 3260 Ἑλλήνων
413 3181 536 3260 πρῶτοι.
571 3173 649 3234 *ϊίιτε
660 3173 695 3232 δε
706 3199 722 3231 ο
738 3174 901 3248 λημακῆἓης
913 3180 943 3237 ἐν

106 3274 195 3333 7οἷοι
216 3271 377 3340 Σούσοισι
397 3269 596 3353 ἐξιησάμενος
619 3266 752 3342 δαρεϊοι,
770 3257 845 3316 κλαίω
864 3282 900 3316 τε
918 3262 964 3330 xix-
