2040 3464
87 107 197 173 ,δέ-88]
375 113 600 163 ΜΒΛΠΟΜΒΝΗ.
835 115 882 165 315

86 187 219 268 ὀργυιέων
246 191 379 271 γίνονται·
410 197 441 251 ἐκ
467 191 497 252 δὲ
526 197 580 252 τῶν
611 192 742 272 ὀργυιέων
767 193 883 253 τουτέων

87 274 199 335 στάδιοι
222 279 319 338 ἑκατόν
343 279 389 338 καὶ
412 280 502 358 χίλιοι
524 280 570 338 καὶ
592 280 688 356 μύριοί
707 284 772 340 εἰσι.
806 285 834 343 ές
855 281 884 340 δὲ

86 362 264 440 Θεμισκύρην
289 363 341 440 τήν
368 367 414 425 ε’πὶ
440 366 615 444 Θερμώδοντι
640 372 756 446 ποταμῷ
783 373 811 426 ἐκ
834 371 884 443 τῆς

87 450 326 526 Σινδικῆς-κατά
338 457 420 513 τοῦτο
434 454 489 535 γάρ
507 459 569 514 ε’στι
585 458 635 513 τοῦ
652 455 763 514 Πόντου
776 455 884 533 εῦρότα·

85 542 258 615 τον-τριῶν
269 565 300 598 τε
312 539 436 618 ἡμερέων
449 542 495 600 καὶ
508 541 557 601 δύο
570 547 673 601 νυκτῶν
685 542 783 605 πλόος·
803 541 884 603 αὗται

86 624 117 683 δὲ
136 629 210 701 τρεῖς
228 627 358 704 μυριάδες
378 630 424 688 καὶ
442 629 590 706 τριήκοντα
607 630 737 711 ὀργυιέων
752 631 884 711 γίνονται,
943 702 948 714 ⁵

72 712 198 774 ,στάδιοι
221 713 251 773 δὲ
273 714 430 792 τριηκόσιοι
453 717 499 776 καὶ
521 717 684 796 τρισχίλιοι.
725 717 742 777 ό
764 719 815 794 μέν
836 745 885 778 νυν

87 799 198 863 Πόντος
219 798 299 865 οὗτος
319 803 365 861 καὶ
384 802 533 881 Βόσπορός
552 831 583 864 τε
603 806 650 863 καὶ
671 804 885 880 Ἑλλήσποντος
941 812 944 818 ’

85 886 158 947 οὕτω
184 889 218 948 τέ
243 914 293 965 μοι
319 893 510 968 μεμετρέαται,
533 892 580 950 καὶ
606 892 676 952 κατά
698 892 733 952 τοὶ
757 893 885 968 εἰρημένα

86 973 256 1055 πεφύκασι.)
295 979 446 1057 παρέχεται
473 979 503 1037 δὲ
533 979 579 1037 καὶ
605 980 707 1056 λίμνην
733 979 750 1040 ό
776 980 885 1045 Πόντος

87 1059 168 1127 οὗτος
187 1064 349 1125 ἐκδιδοῦσαν
369 1071 396 1130 ές
413 1065 520 1134 ἑωυτόν,
536 1066 568 1125 αὖ
587 1072 686 1145 πολλῷ
702 1070 753 1145 τέῳ
770 1067 884 1126 ἐλάσσω

87 1153 196 1223 ἑωυτοῦ,
223 1149 243 1226 ἢ
269 1154 391 1228 Μαιῆτίς
422 1179 454 1213 τε
489 1154 617 1213 καλέεται
644 1156 690 1213 καὶ
715 1155 806 1232 μήτηρ
832 1158 883 1214 τοῦ

87 1231 207 1292 Πόντου.

127 1318 161 1378 ‘0
182 1321 212 1381 δὲ
236 1327 354 1399 Δαρεῖος
374 1321 409 1385 ὥς
430 1321 571 1398 ε’θηήσατο
591 1322 640 1381 τόν
660 1319 779 1393 Πόντον,
802 1323 883 1381 ἔπλεε
892 1323 928 1384 87
979 1371 982 1380 .

87 1403 179 1467 όπίσω
192 1411 238 1470 ε’πὶ
250 1410 303 1486 τήν
314 1413 440 1493 γέφυραν
450 1415 499 1484 τῆς
510 1409 676 1487 α’ρχιτέκτων
687 1408 794 1488 ἐγένετο
805 1415 882 1470 Μαν-

86 1493 221 1572 δροκλέης
235 1498 349 1574 Σάμιος·
371 1497 546 1574 θηησόμενος
560 1497 590 1554 δὲ
603 1497 648 1554 καὶ
660 1495 709 1555 τόν
725 1494 882 1573 Βόσπορον,

86 1583 196 1657 στήλας
213 1587 316 1661 ἔστησε
332 1584 381 1644 δύο
400 1585 441 1644 ἐπ’
456 1584 528 1663 αὐτῷ
544 1584 626 1643 λίθου
639 1587 747 1651 λευκοῦ,
761 1585 883 1660 ε’νταμιῦν

85 1669 238 1748 γράμματα
251 1677 279 1736 ἐς
294 1675 346 1750 μέν
358 1671 411 1748 τήν
422 1670 563 1747 Ἀσσύρια
577 1676 602 1732 ές
616 1670 645 1729 δὲ
657 1668 709 1746 τήν
720 1669 883 1746 Ἑλληνικά,

87 1758 166 1817 ἔθνεα
183 1759 275 1820 πάντα
294 1760 402 1836 ὅσαπερ
423 1758 484 1839 ἦγε·
504 1758 557 1838 ἦγε
575 1757 605 1816 δὲ
625 1757 716 1818 πάντα
733 1761 788 1817 τῶν
804 1758 882 1837 ἦρχε·

85 1845 190 1905 τούτων
202 1846 332 1924 μυριάδες
346 1845 580 1923 ἐξηριθμήθησαν,
589 1848 672 1924 χωρὶς
685 1849 734 1904 τοῦ
747 1851 882 1917 ναυτικοῦ,

86 1933 280 2010 ἑβδομήκοντα
300 1935 354 1995 σῦν
374 1938 498 1994 ἱππεῦσι·
527 1935 585 1996 νέες
605 1933 635 1991 δὲ
654 1931 795 2002 ἑξακόσιαι
819 1960 882 1993 συν-

87 2022 255 2100 ελέχθησαν.
275 2026 343 2101 τῇσι
356 2022 407 2099 μέν
417 2047 465 2082 νυν
475 2021 602 2099 στήλῃσι
611 2020 728 2099 ταύτῃσι
739 2019 884 2091 Βυζάντιοι

86 2111 252 2186 κομίσαντες
270 2114 297 2172 ές
315 2110 368 2185 τὴν
380 2109 465 2170 πόλιν
478 2108 595 2185 ὕστερον
608 2108 711 2168 τούτων
725 2109 883 2188 ἐχρήσαντο

86 2196 157 2272 πρός
173 2197 223 2257 τόν
243 2196 342 2274 βωμόν
365 2202 415 2273 τῆς
435 2197 592 2274 Ὀρθωσίης
610 2195 779 2273 Ἀρτέμιδος,
800 2199 884 2275 χωρίς

86 2284 146 2348 ένός
159 2286 249 2345 λίθου·
268 2283 348 2348 οὗτος
362 2286 391 2344 δὲ
405 2285 575 2360 κατελείφθη
589 2283 665 2360 παραὶ
677 2288 728 2342 τοῦ
742 2283 883 2345 Διονύσου

84 2372 134 2432 τόν
145 2373 212 2447 νηόν
225 2377 254 2433 έν
267 2374 415 2452 Βυζαντίῳ,
427 2370 598 2453 γραμμάτων
614 2370 773 2446 Ἀσσυρίων
786 2372 881 2434 πλέος.

84 2463 135 2520 τοῦ
163 2460 194 2519 δὲ
222 2460 374 2536 Βοσπόρου
401 2460 417 2519 ὁ
448 2464 538 2538 χῶρος
559 2458 610 2518 τόν
632 2458 721 2528 ἔζευξε
743 2458 882 2533 βασιλεῦς

84 2551 211 2625 Δαρεῖος,
226 2547 262 2612 οἷς
274 2549 336 2625 ε’μοὶ
350 2548 454 2606 δοκέειν
468 2546 705 2624 συμβαλλομένῳ,
718 2546 808 2622 μέσον
820 2546 882 2605 ε’στὶ

83 2635 237 2706 Βυζαντίου
248 2660 279 2695 τε
293 2636 401 2694 καὶτοῦ
414 2634 460 2694 ἐπὶ
473 2633 592 2710 στόματι
608 2635 674 2710 ἱροῦ.

125 2726 245 2801 Δαρεῖος
270 2722 300 2782 δὲ
322 2722 394 2800 μετὰ
416 2725 512 2792 ταῦτα,
530 2717 628 2796 ἡσθείς
646 2724 682 2798 τῇ
705 2721 813 2800 σχεδίῃ,
832 2719 929 2782 τόν88

83 2810 265 2890 α’ρχιτέκτονα
287 2810 372 2886 αὐτῆς
388 2809 575 2887 Μανδροκλέα
594 2808 644 2868 τόν
657 2806 764 2885 Σάμιον
783 2808 881 2885 ἐδωρή-

82 2925 158 2960 σατο
177 2903 250 2958 πᾶσι
270 2899 345 2958 δέκα·
367 2896 414 2956 ἀπ’
428 2895 465 2958 ὧν
483 2898 516 2972 δή
531 2897 732 2972 Μανδροκλέης
751 2895 881 2974 ἀπαρχήν

82 2989 141 3059 ζῶα
159 2986 339 3066 γραψάμενος
357 2989 455 3045 πᾶσαν
474 2984 526 3060 τήν
546 2985 635 3055 ζεῦξιν
650 2988 700 3043 τοῦ
720 2984 880 3061 Βοσπόρου,

83 3076 130 3135 καὶ
143 3076 270 3151 βασιλέα
282 3098 313 3133 τε
327 3077 446 3150 Δαρεῖον
465 3077 494 3132 έν
507 3073 639 3150 προεδρίῃ
658 3072 819 3149 κατήμενον,
834 3073 880 3130 καὶ

82 3162 133 3224 τόν
152 3160 275 3240 στρατόν
293 3159 378 3221 αότοῦ
396 3161 588 3238 διαβαίνοντα,
601 3164 696 3220 ταῦτα
709 3158 902 3242 χηαηδχιιυος

77 3249 197 3327 α’νίθηκε
209 3254 238 3314 ἐς
250 3249 284 3311 τό
294 3249 428 3324 Ἧοαιον,
443 3250 611 3336 ἐπιγράψας
622 3249 702 3310 τάδε·
