2040 3464
388 150 393 160 .
424 114 585 166 LECTORI.
893 108 926 156 vii

81 256 182 312 deinde
200 253 279 308 Oasis
297 250 455 312 Ammonis;
473 245 547 298 unde
563 258 649 312 usque
667 240 703 298 ad
718 240 778 295 loca
794 237 928 292 Tritonidi

80 348 139 399 lacu
155 347 243 399 vicina
256 345 313 396 sinc
325 357 423 409 magno
437 340 532 393 labore
549 335 685 407 perveniri
705 333 812 403 potuit3
831 333 928 386 saltem

78 437 206 491 immania
217 436 272 488 ista
285 434 408 486 Arabum
421 432 545 485 examina
558 445 628 498 quae
639 428 704 480 iude
716 427 929 496 aseptimopost

80 531 219 585 Christum
231 527 322 581 seculo
331 526 452 579 Africam
462 523 703 592 septentrionalem
714 525 869 586 tenuerunt,
878 521 930 574 hac

80 627 159 694 parte
170 623 306 690 irrupisse
322 622 436 672 constat.
473 620 514 671 At
530 617 602 670 enirn
618 619 714 685 postea
730 631 812 684 quam
829 631 874 668 res
890 614 930 666 in-

79 715 186 770 serioris
195 711 316 782 Aegypti
325 726 447 764 cresccre
457 712 613 777 coeperunt,
621 708 813 762 obsoleverunt
821 712 931 761 terrena

80 805 243 860 commercia
250 825 257 870 ;
273 806 351 856 tanto
364 807 424 857 crat
436 802 602 855 commodius
614 803 716 871 cymbis
728 820 810 872 quam
822 802 931 856 cannetis

81 900 131 954 uti.
170 897 330 951 Memoriam
342 900 435 950 tamen
447 896 604 949 nonnullam
616 899 704 950 status
716 896 815 965 prioris
827 895 932 962 magnis

81 992 344 1060 rerumpublicarum
374 990 573 1043 mutationibus
609 991 782 1060 superfuisse,
812 993 933 1044 testatur

83 1086 193 1154 mythus
213 1084 267 1136 iste
291 1083 404 1150 insignis
428 1082 464 1135 de
490 1083 714 1150 Argonautarum
738 1099 800 1136 cum
821 1082 933 1135 Tritone

82 1178 134 1230 deo
147 1178 282 1229 conventu
296 1191 376 1242 quem
391 1173 527 1227 Pindarus
540 1178 741 1228 commemorat.

137 1269 212 1332 Quae
229 1282 280 1334 per
299 1265 396 1318 Asiam
412 1265 574 1318 commercia
585 1265 696 1332 fiebant,
708 1266 752 1318 vel
769 1265 806 1319 ad
824 1264 934 1330 Sardes,

83 1361 127 1416 vel
139 1361 176 1414 ad
185 1361 304 1427 Sinopen
317 1358 479 1412 conduxisse
490 1358 627 1412 videntur.
657 1359 703 1412 Ab
715 1359 765 1411 hac
778 1359 813 1413 ad
825 1359 934 1411 Phasim

81 1471 173 1523 ¹usque
191 1470 274 1507 verno
292 1455 417 1521 tempore
435 1451 502 1504 velis
520 1451 714 1518 navigabatur3
736 1451 801 1503 inde
822 1468 875 1503 non
895 1452 935 1505 ita

84 1566 184 1617 magno
207 1549 308 1602 montis
327 1547 397 1615 jugo
421 1547 551 1615 plaustris
575 1550 711 1615 superato,
732 1547 809 1598 noris
832 1546 935 1614 cymbis

84 1642 231 1711 impositae
246 1658 351 1695 merces
366 1641 478 1694 flumine
495 1640 564 1707 Cyro
579 1640 607 1692 in
623 1655 699 1692 mare
716 1638 844 1707 Caspium
861 1638 935 1693 dese-

85 1736 227 1790 rebantur.
258 1735 319 1788 Hac
331 1736 437 1789 ratione
448 1735 492 1788 vel
504 1734 532 1786 in
548 1735 694 1802 Bactriam,
706 1734 749 1788 vel
765 1735 793 1788 in
806 1735 935 1802 Mediam,

85 1833 168 1899 prout
192 1829 262 1882 ratio
286 1828 452 1896 postulabat,
477 1829 616 1882 commodd
640 1833 753 1883 ventum
777 1834 827 1884 est.
863 1831 936 1884 Cave

85 1926 178 1974 autem
196 1923 277 1987 putes
294 1919 412 1972 Graecos
430 1920 553 1974 homines
569 1920 731 1974 alterutram
749 1921 845 1974 harum
865 1923 936 1989 regi-

85 2029 168 2067 onum
186 2013 258 2080 ipsos
274 2011 350 2064 adire
365 2013 493 2079 potuisse.
529 2013 668 2067 Credibile
683 2018 726 2067 est
743 2015 773 2067 id
788 2016 937 2069 solenniter

85 2106 189 2165 factum
208 2121 268 2158 esse
288 2104 361 2172 quod
379 2104 461 2158 hodie
483 2105 556 2174 apud
574 2104 705 2158 barbaras
722 2111 819 2173 gentes
835 2109 936 2176 passim

86 2198 212 2252 obtinere
224 2196 357 2262 videmus,
367 2213 465 2266 nempe
477 2199 587 2265 regulos
598 2215 682 2267 penes
693 2215 761 2266 quos
773 2200 810 2252 sit
822 2200 938 2254 facultas

86 2290 326 2362 peregrinantibus
355 2291 515 2360 obsistendi,
539 2292 612 2360 ipsos
642 2296 824 2346 mercatorum
851 2294 938 2347 vicem

87 2385 163 2438 obire
187 2383 277 2450 malle,
299 2384 403 2437 scilicet
424 2386 455 2437 ut
480 2384 633 2451 monopolio
657 2385 744 2438 consti
758 2389 814 2451 uto,
835 2385 939 2453 certius

87 2482 117 2530 ct
134 2477 216 2530 citius
230 2476 280 2541 (uti
294 2477 475 2542 arbitrantur)
490 2477 634 2530 ditescant.
666 2479 759 2546 Aegm
775 2479 938 2533 crediderim

87 2570 195 2637 longius
208 2586 290 2637 quam
304 2570 421 2637 Phasim,
434 2571 476 2624 vel
492 2570 528 2623 ad
544 2588 679 2624 summum
692 2589 774 2640 quam
789 2573 939 2640 Sarapano-

89 2680 151 2717 rum
160 2662 311 2716 Castellum
321 2663 412 2729 (hodie
422 2663 613 2731 Sclmropaac)
624 2664 675 2718 hac
684 2666 795 2732 regione
805 2666 940 2719 Nostrum

91 2757 263 2827 processisse.

143 2850 170 2900 A
188 2847 320 2902 Sardibus
339 2849 375 2902 ad
395 2849 478 2902 Susas
496 2866 584 2918 usque
602 2850 708 2903 munita
728 2854 789 2904 erat
809 2852 854 2905 via
870 2869 941 2920 quac

89 2941 255 2994 militaribus
279 2941 372 2995 usibus
397 2942 527 2996 inservire
551 2946 651 3010 posset,
670 2944 789 2997 castellis
807 2944 859 2998 huc
876 2945 941 3000 illuc

91 3033 194 3102 positis.
230 3033 272 3086 Ex
296 3034 338 3086 his
362 3035 469 3103 insigne
489 3036 644 3104 exemplum
665 3036 803 3104 praebent
820 3039 958 3097 Cultum,

91 3143 145 3195 quo
163 3128 321 3183 convenisse
344 3129 442 3186 scribit
461 3129 568 3184 Noster
587 3128 698 3184 Xersis
715 3128 828 3196 copias,
841 3141 914 3176 euru
926 3133 987 3167 wls

85 3216 140 3270 iste
155 3217 288 3278 Graeciae
306 3221 417 3282 bellum
431 3223 625 3283 intendebat.
661 3221 737 3278 sua
747 3217 850 3272 tuisse
863 3205 1015 3262 <mentm
