2040 3464
150 116 198 163 ιιι
456 114 639 164 ἀνοιουοτ
888 113 950 178 [ιν.

148 196 255 254 πλοίων
271 197 299 252 αἱ
319 190 478 267 Ἀμαζόνες,
494 193 660 271 ὁδοιπόρεον
676 197 703 256 ἐς
715 192 768 268 την
782 195 953 269 οἰκεομένην·

149 285 315 359 ἐντυχοῦσαι
329 281 358 338 δὲ
371 280 470 359 πρώτῳ
484 282 676 360 ἱπποφορβίῳ,
685 286 770 340 τοῦτο
784 280 952 357 διήρπασαν,

150 371 196 428 καὶ
213 369 258 427 ἐπὶ
278 367 381 427 τούτων
396 368 587 444 ἱππαζόμεναι,
602 370 746 452 ἐληίζοντο
759 368 795 429 τά
815 373 872 427 τῶν
886 370 954 432 Σκυ·

103 459 158 517 lll
172 459 250 516 θέων.
294 459 330 514 Οἱ
351 457 380 514 δέ
402 456 508 519 Σκύθαι
529 456 579 515 ούκ
601 457 676 536 εἶχον
697 458 905 534 συμβαλέσθαι
920 457 952 517 τό

149 549 279 625 πρῆγμα·
294 542 356 604 οὔτε
369 542 425 624 γάρ
440 544 544 619 φωνην,
553 543 617 604 οὕτε
631 546 746 620 ἐσθῆτα,
756 543 820 604 οὔτε
833 544 867 604 τό
878 545 954 608 ἔθνος

149 633 309 713 ἐγίνωσκον,
334 631 399 690 ἀλλ’
421 637 449 691 ἐν
478 631 584 708 θώματι
610 631 685 707 ἦσαν
712 631 810 691 ὁκόθεν
836 633 952 692 ἔλθοιεν·

150 721 260 781 ἐδόκεον
283 719 305 779 δ’
330 719 415 782 αύτιές
438 720 507 780 εἶναι
531 719 631 797 ἄνδρας
654 720 705 794 τήν
729 718 815 795 αύτην
842 719 954 796 ἡλικίην

149 810 272 888 ἔχοντας,
285 808 381 886 μάχην
400 834 431 867 τε
452 806 486 882 δή
507 809 578 884 πρές
597 808 682 871 αὐτοῖς
702 811 855 868 ἐποιεῦντο·
877 809 954 866 ἐκδὲ

151 902 202 972 τῆς
222 897 316 975 μάχης
338 901 392 956 τῶν
416 900 517 974 νεκρῶν
539 897 696 972 ἐκράτησαν
717 899 744 955 οἱ
769 895 885 965 Σκύθαι,
909 898 953 955 καὶ

151 985 222 1045 οὕτω
240 987 364 1065 ἔγνωσαν
380 983 480 1046 ἐούσας
498 989 638 1064 γυναῖκας·
659 985 897 1061 βουλευομένοισι
919 985 954 1044 ὧν

150 1072 260 1131 αὐτοῖσι
282 1072 357 1141 ἔδοξε
378 1073 492 1131 κτείνειν
511 1075 563 1148 μέν
583 1072 673 1143 οὐδενὶ
691 1071 785 1151 τρόπῳ
801 1074 842 1131 ἐτι
860 1072 952 1143 αὐτάς,

152 1164 256 1220 ἑωυτῶν
283 1161 312 1219 δὲ
338 1159 404 1222 τούς
431 1159 581 1223 νεωτάτους
608 1160 777 1238 ἀποπέμψαι
803 1165 832 1222 ἐς
858 1160 953 1231 αύτᾶς,

149 1250 259 1324 πλῆθος
274 1248 438 1310 εἰκάσαντας
451 1247 571 1325 ὅσαιπερ
585 1253 685 1308 ἐκεῖναι
698 1247 781 1323 ἦσαν,
794 1248 912 1311 τούτους
925 1250 954 1308 δὲ

151 1336 423 1412 στρατοπεδεύεσθαι
435 1336 559 1411 πλησίον
573 1337 702 1405 ἐκεινέων,
717 1337 763 1394 καὶ
782 1337 889 1396 ποιέειν
907 1338 953 1396 τά·

150 1450 202 1500 περ
224 1421 258 1483 ἂν
280 1424 326 1482 καὶ
347 1427 447 1482 ἐκεῖναι
460 1424 585 1483 ποιέωσι·
607 1422 641 1499 ἢν
661 1425 690 1482 δὲ
707 1424 806 1487 αύτούς
824 1424 951 1497 διώκωσι,

150 1513 295 1591 μάχεσθαι
301 1515 360 1588 ’μὲν
373 1511 422 1588 μη,
436 1511 606 1592 ὑποφεύγειν
619 1513 657 1571 δέ·
679 1512 763 1572 ἐπεάν
777 1513 807 1570 δὲ
825 1513 954 1574 παύσων·

150 1626 204 1668 ται,
234 1599 368 1662 ἐλθόντας
395 1598 494 1662 αύτούς
520 1601 644 1675 πλησίον
667 1599 953 1675 στρατοπεδεύεσθαι.

151 1693 239 1747 ταῦτα
250 1688 458 1763 ἐβουλεύσαντο
469 1691 495 1746 οἱ
507 1687 619 1757 Σκύθαι,
627 1687 799 1764 βουλόμενοι
810 1690 841 1757 ἐξ
851 1688 955 1751 αύτέων

105 1779 162 1835 112
172 1777 273 1839 παῖδας
285 1776 495 1857 ἐγγενήσεσθαι
537 1775 784 1852 Ἀποπεμφθέντες
801 1777 830 1835 δέ
850 1781 878 1835 οἱ
895 1804 955 1853 νεη-

151 1866 251 1933 νίσκοι,
266 1866 375 1923 ἐποίευν
395 1865 430 1924 τοὶ
449 1865 643 1940 ἐντεταλμένα·
665 1865 725 1922 ἐπεὶ
743 1864 772 1922 δὲ
789 1865 895 1940 ἔμαθον
908 1866 955 1925 αὖ·

150 1951 216 2014 τούς
230 1956 259 2010 αἱ
278 1952 429 2029 Ἀμαζόνες
448 1951 489 2010 ἐπ’
505 1951 619 2031 οὐδεμιῇ
637 1951 755 2027 δηλήσει
774 1951 954 2031 ἀπιγμένους,

153 2042 202 2100 ἐων
218 2041 335 2119 χαίρειν·
357 2044 553 2120 προσεχώρεον
572 2041 601 2099 δὲ
614 2041 805 2116 πλησιαιτέρω
818 2041 852 2100 τό
869 2067 955 2118 στρα·

151 2129 269 2189 τόπεδον
284 2134 322 2207 τῷ
341 2129 519 2208 στρατοπέδῳ
536 2129 578 2188 ἐπ’
591 2128 680 2206 ἡμέρη
695 2127 810 2205 ἑκάστη·
833 2127 913 2207 εἶχον
927 2130 956 2189 δὲ

153 2216 230 2276 οὐδὲν
245 2216 300 2275 οὐδ’
315 2220 341 2276 οἱ
355 2218 502 2293 νεηνίσκοι,
518 2215 613 2293 ὥσπερ
627 2215 690 2275 ούδέ
706 2219 734 2274 αἱ
754 2214 918 2291 Ἀμαζόνες,
933 2223 956 2277 εἰ

152 2306 192 2382 μη
208 2305 243 2365 τοὶ
257 2305 333 2365 ὅπλα
347 2306 393 2364 καὶ
405 2305 470 2368 τούς
485 2306 594 2368 ἵππους·
615 2304 693 2363 ἀλλὰ
713 2303 780 2378 ζόην
801 2305 885 2374 ἔζωον
904 2305 956 2381 την

107 2395 162 2452 113
174 2393 260 2469 αὐτὴν
271 2396 398 2472 ἐκείνῃσι,
408 2392 569 2470 θηρεύοντές
577 2419 608 2453 τε
617 2394 662 2451 καὶ
672 2393 842 2468 ληϊζόμενοι.
861 2392 955 2452 Ἐποί-

153 2508 199 2540 ευν
239 2485 251 2540 ἐ
275 2485 304 2540 αἱ
329 2481 480 2558 Ἀμαζόνες
500 2486 528 2544 ἐς
553 2480 605 2556 τὴν
631 2479 815 2557 μεσαμβρίην
836 2480 954 2541 τοιόνδε·

153 2571 276 2650 ἐγίνοντο
296 2569 435 2646 σποράδες
451 2568 521 2628 κατοὶ
537 2571 605 2645 μίαν
624 2594 655 2627 τε
669 2569 714 2626 καὶ
728 2565 785 2635 δύο,
800 2567 900 2642 πρόσω
922 2567 956 2644 δὴ

153 2656 201 2716 ἅτ’
211 2656 367 2732 α’λληλέων,
379 2661 406 2719 ἐς
417 2655 548 2733 εύμαρίην
558 2655 804 2731 ἀποσκιδνάμεναι·
817 2655 957 2731 μαθόντες

154 2745 183 2803 δὲ
197 2746 243 2803 καὶ
257 2748 283 2805 οἱ
297 2743 410 2813 Σκύθαι,
424 2745 532 2803 ἐποίευν
545 2743 633 2803 τώυτό
649 2747 742 2802 τοῦτο·
765 2744 813 2801 καί
828 2769 872 2806 τις
888 2771 955 2821 μου·

153 2834 305 2893 νωθεισέων
317 2833 371 2891 τινὶ
385 2831 487 2891 αὐτέων
500 2832 704 2908 ἐνεχρίμπτετο,
720 2831 766 2888 καὶ
786 2830 804 2905 ἡ
824 2829 956 2907 Ἀμαζών

154 2920 203 2979 ούκ
212 2919 361 2988 άπωθέετο,
370 2918 447 2977 α’λλιὶ
454 2919 572 2994 περιεῖδε
580 2917 755 2997 χρήσασθαι·
767 2919 812 2975 καὶ
822 2924 955 2995 φωνῆσαι

154 3010 206 3084 μὲν
222 3007 271 3066 ούκ
286 3007 351 3086 εἶχε,
367 3006 399 3065 ού
413 3006 468 3086 γάρ
482 3007 615 3065 συνίεσαν
629 3005 770 3080 ἀλλήλων,
785 3010 820 3083 τῇ
835 3007 866 3066 δέ
882 3010 956 3086 χειρὶ

151 3093 257 3174 ἔφραζε
270 3100 298 3160 ἐς
309 3095 361 3173 τὴν
373 3094 522 3173 ὑστεραίην
535 3094 627 3154 ἐλθεῖν
639 3099 667 3156 ἐς
679 3093 766 3153 τώυτό
782 3095 896 3172 χωρίον,
911 3098 956 3155 καὶ

141 3188 244 3267 ἕτερον
266 3184 358 3271 άγειν·
382 3183 568 3264 σημαίνουσα
585 3179 636 3240 δύο
654 3183 795 3262 γενέσθαι,
816 3183 862 3240 καὶ
884 3184 956 3260 αὕτη

132 3279 243 3358 ἐτέρην
272 3279 365 3353 ἄξειν·
398 3275 417 3340 ό
444 3275 475 3337 δὶ
498 3272 650 3352 νεηνίσκος
672 3267 735 3325 ἐπὲι
758 3265 977 3336 ἰιπῖιλδῑιῖλῑλε

20 3148 28 3175 t
