<?xml version="1.0" encoding="UTF-8"?>
<!DOCTYPE html PUBLIC "-//W3C//DTD XHTML 1.0 Transitional//EN"
    "http://www.w3.org/TR/xhtml1/DTD/xhtml1-transitional.dtd">
<html xmlns="http://www.w3.org/1999/xhtml" xml:lang="en" lang="en">
 <head>
  <title>
</title>
<meta http-equiv="Content-Type" content="text/html;charset=utf-8" />
  <meta name='ocr-system' content='tesseract 3.04.00' />
  <meta name='ocr-capabilities' content='ocr_page ocr_carea ocr_par ocr_line ocrx_word'/>
</head>
<body>
  <div class='ocr_page' id='page_1' title='image "./recensuitjoseph00herogoog_0190.png"; bbox 0 0 2040 3464; ppageno 0'>
   <div class='ocr_carea' id='block_1_1' title="bbox 71 102 965 3336">
    <p class='ocr_par' dir='ltr' id='par_1_1' title="bbox 71 102 930 2104">
     <span class='ocr_line' id='line_1_1' title="bbox 86 102 887 168; baseline 0.002 -15"><span class='ocrx_word' id='word_1_1' title='bbox 86 102 227 168; x_wconf 66' lang='lat'>101-104]</span> <span class='ocrx_word' id='word_1_2' title='bbox 406 107 567 155; x_wconf 77' lang='grc' dir='ltr'>ΕΤΤΕΡΠΠ.</span> <span class='ocrx_word' id='word_1_3' title='bbox 841 107 887 155; x_wconf 82' lang='grc'>156</span> 
     </span>
     <span class='ocr_line' id='line_1_2' title="bbox 83 183 887 266; baseline -0.002 -22"><span class='ocrx_word' id='word_1_4' title='bbox 83 184 217 262; x_wconf 86' lang='grc' dir='ltr'>φόμενος.</span> <span class='ocrx_word' id='word_1_5' title='bbox 259 184 366 246; x_wconf 79' lang='grc' dir='ltr'>ὁτέοισι</span> <span class='ocrx_word' id='word_1_6' title='bbox 377 186 430 263; x_wconf 92' lang='grc' dir='ltr'>μέν</span> <span class='ocrx_word' id='word_1_7' title='bbox 443 213 491 246; x_wconf 90' lang='grc' dir='ltr'>νυν</span> <span class='ocrx_word' id='word_1_8' title='bbox 509 185 599 246; x_wconf 79' lang='grc' dir='ltr'>αὐτῶν</span> <span class='ocrx_word' id='word_1_9' title='bbox 614 184 762 261; x_wconf 72' lang='grc' dir='ltr'>ἀλκίμοισι</span> <span class='ocrx_word' id='word_1_10' title='bbox 780 183 887 266; x_wconf 74' lang='grc' dir='ltr'>ἐνετύγ-</span> 
     </span>
     <span class='ocr_line' id='line_1_3' title="bbox 82 272 886 353; baseline 0 -23"><span class='ocrx_word' id='word_1_11' title='bbox 82 298 153 351; x_wconf 86' lang='grc' dir='ltr'>χανε</span> <span class='ocrx_word' id='word_1_12' title='bbox 171 273 217 331; x_wconf 81' lang='grc' dir='ltr'>καὶ</span> <span class='ocrx_word' id='word_1_13' title='bbox 237 272 330 337; x_wconf 80' lang='grc' dir='ltr'>δεινῶς</span> <span class='ocrx_word' id='word_1_14' title='bbox 349 275 548 353; x_wconf 77' lang='grc' dir='ltr'>γλιχομένοισι</span> <span class='ocrx_word' id='word_1_15' title='bbox 568 273 631 350; x_wconf 81' lang='grc' dir='ltr'>περὶ</span> <span class='ocrx_word' id='word_1_16' title='bbox 650 277 701 348; x_wconf 80' lang='grc' dir='ltr'>τῆς</span> <span class='ocrx_word' id='word_1_17' title='bbox 722 272 886 348; x_wconf 80' lang='grc' dir='ltr'>ἐλευθερίης,</span> 
     </span>
     <span class='ocr_line' id='line_1_4' title="bbox 82 358 886 440; baseline -0.001 -21"><span class='ocrx_word' id='word_1_18' title='bbox 82 358 210 432; x_wconf 82' lang='grc' dir='ltr'>τούτοισι</span> <span class='ocrx_word' id='word_1_19' title='bbox 221 362 275 437; x_wconf 77' lang='grc' dir='ltr'>μὲν</span> <span class='ocrx_word' id='word_1_20' title='bbox 287 360 397 436; x_wconf 71' lang='grc' dir='ltr'>στήλας</span> <span class='ocrx_word' id='word_1_21' title='bbox 411 361 506 436; x_wconf 78' lang='grc' dir='ltr'>ἐνίστη</span> <span class='ocrx_word' id='word_1_22' title='bbox 521 367 548 425; x_wconf 86' lang='grc' dir='ltr'>ἐς</span> <span class='ocrx_word' id='word_1_23' title='bbox 560 363 610 424; x_wconf 81' lang='grc' dir='ltr'>τοὶς</span> <span class='ocrx_word' id='word_1_24' title='bbox 626 361 725 439; x_wconf 86' lang='grc' dir='ltr'>χώρας,</span> <span class='ocrx_word' id='word_1_25' title='bbox 740 359 785 418; x_wconf 76' lang='grc' dir='ltr'>διὰ</span> <span class='ocrx_word' id='word_1_26' title='bbox 797 387 886 440; x_wconf 88' lang='grc' dir='ltr'>γραμ-</span> 
     </span>
     <span class='ocr_line' id='line_1_5' title="bbox 82 447 886 529; baseline 0.002 -23"><span class='ocrx_word' id='word_1_27' title='bbox 82 447 178 524; x_wconf 80' lang='grc' dir='ltr'>μοίτων</span> <span class='ocrx_word' id='word_1_28' title='bbox 191 447 332 529; x_wconf 80' lang='grc' dir='ltr'>λεγούσας</span> <span class='ocrx_word' id='word_1_29' title='bbox 348 448 382 507; x_wconf 88' lang='grc' dir='ltr'>τό</span> <span class='ocrx_word' id='word_1_30' title='bbox 398 474 428 507; x_wconf 90' lang='grc' dir='ltr'>τε</span> <span class='ocrx_word' id='word_1_31' title='bbox 450 453 551 508; x_wconf 82' lang='grc' dir='ltr'>ἑωυτοῦ</span> <span class='ocrx_word' id='word_1_32' title='bbox 573 448 677 525; x_wconf 78' lang='grc' dir='ltr'>οὔνομα</span> <span class='ocrx_word' id='word_1_33' title='bbox 699 449 745 506; x_wconf 89' lang='grc' dir='ltr'>καὶ</span> <span class='ocrx_word' id='word_1_34' title='bbox 764 452 814 523; x_wconf 84' lang='grc' dir='ltr'>τῆς</span> <span class='ocrx_word' id='word_1_35' title='bbox 834 449 886 508; x_wconf 83' lang='grc' dir='ltr'>πώ-</span> 
     </span>
     <span class='ocr_line' id='line_1_6' title="bbox 82 534 885 615; baseline 0.001 -22"><span class='ocrx_word' id='word_1_36' title='bbox 82 561 157 610; x_wconf 90' lang='grc' dir='ltr'>τρης,</span> <span class='ocrx_word' id='word_1_37' title='bbox 172 537 219 595; x_wconf 80' lang='grc' dir='ltr'>καὶ</span> <span class='ocrx_word' id='word_1_38' title='bbox 232 535 268 599; x_wconf 80' lang='grc' dir='ltr'>ὦς</span> <span class='ocrx_word' id='word_1_39' title='bbox 281 534 381 611; x_wconf 79' lang='grc' dir='ltr'>δυνάμι</span> <span class='ocrx_word' id='word_1_40' title='bbox 394 540 429 615; x_wconf 76' lang='grc' dir='ltr'>τῇ</span> <span class='ocrx_word' id='word_1_41' title='bbox 444 540 543 597; x_wconf 79' lang='grc' dir='ltr'>ἑωυτοῦ</span> <span class='ocrx_word' id='word_1_42' title='bbox 560 536 770 614; x_wconf 77' lang='grc' dir='ltr'>κατεστρέψατό</span> <span class='ocrx_word' id='word_1_43' title='bbox 783 543 885 611; x_wconf 88' lang='grc' dir='ltr'>σφεας·</span> 
     </span>
     <span class='ocr_line' id='line_1_7' title="bbox 83 622 884 703; baseline 0.004 -23"><span class='ocrx_word' id='word_1_44' title='bbox 83 622 168 683; x_wconf 83' lang='grc' dir='ltr'>ὁτέων</span> <span class='ocrx_word' id='word_1_45' title='bbox 185 624 214 682; x_wconf 85' lang='grc' dir='ltr'>δέ</span> <span class='ocrx_word' id='word_1_46' title='bbox 228 623 352 703; x_wconf 79' lang='grc' dir='ltr'>ἀμαχητὶ</span> <span class='ocrx_word' id='word_1_47' title='bbox 366 624 411 683; x_wconf 79' lang='grc' dir='ltr'>καὶ</span> <span class='ocrx_word' id='word_1_48' title='bbox 424 624 558 688; x_wconf 73' lang='grc' dir='ltr'>εὐπετέως</span> <span class='ocrx_word' id='word_1_49' title='bbox 571 624 718 701; x_wconf 83' lang='grc' dir='ltr'>παρέλαβε</span> <span class='ocrx_word' id='word_1_50' title='bbox 730 623 780 688; x_wconf 77' lang='grc' dir='ltr'>τοὶς</span> <span class='ocrx_word' id='word_1_51' title='bbox 793 625 884 695; x_wconf 85' lang='grc' dir='ltr'>πόλις,</span> 
     </span>
     <span class='ocr_line' id='line_1_8' title="bbox 71 710 885 792; baseline -0.002 -19"><span class='ocrx_word' id='word_1_52' title='bbox 71 710 210 773; x_wconf 84' lang='grc' dir='ltr'>,τούτοισι</span> <span class='ocrx_word' id='word_1_53' title='bbox 230 712 260 770; x_wconf 81' lang='grc' dir='ltr'>δὲ</span> <span class='ocrx_word' id='word_1_54' title='bbox 281 713 418 792; x_wconf 79' lang='grc' dir='ltr'>ἐνέγραφε</span> <span class='ocrx_word' id='word_1_55' title='bbox 438 718 467 772; x_wconf 90' lang='grc' dir='ltr'>ἐν</span> <span class='ocrx_word' id='word_1_56' title='bbox 479 717 548 792; x_wconf 80' lang='grc' dir='ltr'>τῇσι</span> <span class='ocrx_word' id='word_1_57' title='bbox 568 713 695 791; x_wconf 86' lang='grc' dir='ltr'>στήλησι</span> <span class='ocrx_word' id='word_1_58' title='bbox 716 711 786 771; x_wconf 81' lang='grc' dir='ltr'>κατοὶ</span> <span class='ocrx_word' id='word_1_59' title='bbox 799 713 885 772; x_wconf 81' lang='grc' dir='ltr'>ταῦτοῖ</span> 
     </span>
     <span class='ocr_line' id='line_1_9' title="bbox 82 799 885 881; baseline 0.004 -25"><span class='ocrx_word' id='word_1_60' title='bbox 82 799 129 857; x_wconf 84' lang='grc' dir='ltr'>καὶ</span> <span class='ocrx_word' id='word_1_61' title='bbox 142 803 219 858; x_wconf 82' lang='grc' dir='ltr'>τοῖσι</span> <span class='ocrx_word' id='word_1_62' title='bbox 232 799 391 875; x_wconf 81' lang='grc' dir='ltr'>οἷνδρηΐοισι</span> <span class='ocrx_word' id='word_1_63' title='bbox 402 804 457 859; x_wconf 83' lang='grc' dir='ltr'>τῶν</span> <span class='ocrx_word' id='word_1_64' title='bbox 471 801 568 860; x_wconf 82' lang='grc' dir='ltr'>ἐθνέων</span> <span class='ocrx_word' id='word_1_65' title='bbox 584 800 769 881; x_wconf 90' lang='grc' dir='ltr'>γενομένοισι·</span> <span class='ocrx_word' id='word_1_66' title='bbox 791 801 837 858; x_wconf 85' lang='grc' dir='ltr'>καὶ</span> <span class='ocrx_word' id='word_1_67' title='bbox 851 800 885 877; x_wconf 76' lang='grc' dir='ltr'>δή</span> 
     </span>
     <span class='ocr_line' id='line_1_10' title="bbox 83 885 885 968; baseline 0.004 -25"><span class='ocrx_word' id='word_1_68' title='bbox 83 887 129 943; x_wconf 86' lang='grc' dir='ltr'>καὶ</span> <span class='ocrx_word' id='word_1_69' title='bbox 143 887 234 946; x_wconf 80' lang='grc' dir='ltr'>αἰδοῖα</span> <span class='ocrx_word' id='word_1_70' title='bbox 247 885 377 968; x_wconf 80' lang='grc' dir='ltr'>γυναικός</span> <span class='ocrx_word' id='word_1_71' title='bbox 389 889 611 968; x_wconf 85' lang='grc' dir='ltr'>προσενέγραφε,</span> <span class='ocrx_word' id='word_1_72' title='bbox 624 888 697 963; x_wconf 77' lang='grc' dir='ltr'>δῆλα</span> <span class='ocrx_word' id='word_1_73' title='bbox 710 886 885 964; x_wconf 85' lang='grc' dir='ltr'>βουλόμενος</span> 
     </span>
     <span class='ocr_line' id='line_1_11' title="bbox 82 975 930 1051; baseline 0.007 -21"><span class='ocrx_word' id='word_1_74' title='bbox 82 975 185 1034; x_wconf 83' lang='grc' dir='ltr'>ποιέειν</span> <span class='ocrx_word' id='word_1_75' title='bbox 199 975 234 1038; x_wconf 78' lang='grc' dir='ltr'>ὥς</span> <span class='ocrx_word' id='word_1_76' title='bbox 248 977 346 1051; x_wconf 85' lang='grc' dir='ltr'>εἴησαν</span> <span class='ocrx_word' id='word_1_77' title='bbox 360 975 514 1038; x_wconf 80' lang='grc' dir='ltr'>οἷνοίλκιδες.</span> <span class='ocrx_word' id='word_1_78' title='bbox 548 980 643 1035; x_wconf 83' lang='grc' dir='ltr'>Ταῦτα</span> <span class='ocrx_word' id='word_1_79' title='bbox 657 976 687 1034; x_wconf 82' lang='grc' dir='ltr'>δέ</span> <span class='ocrx_word' id='word_1_80' title='bbox 699 976 799 1035; x_wconf 88' lang='grc' dir='ltr'>ποιέων</span> <span class='ocrx_word' id='word_1_81' title='bbox 812 976 864 1034; x_wconf 89' lang='grc' dir='ltr'>διε·</span> <span class='ocrx_word' id='word_1_82' title='bbox 875 979 930 1036; x_wconf 79' lang='lat'>103</span> 
     </span>
     <span class='ocr_line' id='line_1_12' title="bbox 83 1061 891 1140; baseline 0.004 -20"><span class='ocrx_word' id='word_1_83' title='bbox 83 1061 143 1136; x_wconf 77' lang='grc' dir='ltr'>ξήϊε</span> <span class='ocrx_word' id='word_1_84' title='bbox 155 1062 207 1138; x_wconf 76' lang='grc' dir='ltr'>τήν</span> <span class='ocrx_word' id='word_1_85' title='bbox 220 1062 344 1140; x_wconf 83' lang='grc' dir='ltr'>ἤπειρον,</span> <span class='ocrx_word' id='word_1_86' title='bbox 360 1068 387 1125; x_wconf 92' lang='grc' dir='ltr'>ἐς</span> <span class='ocrx_word' id='word_1_87' title='bbox 400 1062 416 1122; x_wconf 79' lang='grc' dir='ltr'>ὃ</span> <span class='ocrx_word' id='word_1_88' title='bbox 431 1069 460 1122; x_wconf 93' lang='grc' dir='ltr'>ἐκ</span> <span class='ocrx_word' id='word_1_89' title='bbox 472 1067 523 1139; x_wconf 74' lang='grc' dir='ltr'>τῆς</span> <span class='ocrx_word' id='word_1_90' title='bbox 535 1061 636 1138; x_wconf 81' lang='grc' dir='ltr'>Ἀσίης</span> <span class='ocrx_word' id='word_1_91' title='bbox 650 1068 677 1127; x_wconf 88' lang='grc' dir='ltr'>ἐς</span> <span class='ocrx_word' id='word_1_92' title='bbox 689 1063 741 1138; x_wconf 76' lang='grc' dir='ltr'>τὴν</span> <span class='ocrx_word' id='word_1_93' title='bbox 754 1062 891 1140; x_wconf 77' lang='grc' dir='ltr'>Εὐρώπην</span> 
     </span>
     <span class='ocr_line' id='line_1_13' title="bbox 83 1149 883 1228; baseline 0.003 -22"><span class='ocrx_word' id='word_1_94' title='bbox 83 1149 184 1226; x_wconf 70' lang='grc' dir='ltr'>διαβὰς</span> <span class='ocrx_word' id='word_1_95' title='bbox 196 1151 260 1214; x_wconf 89' lang='grc' dir='ltr'>τούς</span> <span class='ocrx_word' id='word_1_96' title='bbox 272 1176 304 1209; x_wconf 87' lang='grc' dir='ltr'>τε</span> <span class='ocrx_word' id='word_1_97' title='bbox 318 1150 426 1215; x_wconf 87' lang='grc' dir='ltr'>Σκύθας</span> <span class='ocrx_word' id='word_1_98' title='bbox 440 1152 649 1228; x_wconf 75' lang='grc' dir='ltr'>κατεστρέψατο</span> <span class='ocrx_word' id='word_1_99' title='bbox 665 1152 711 1208; x_wconf 90' lang='grc' dir='ltr'>καὶ</span> <span class='ocrx_word' id='word_1_100' title='bbox 724 1150 787 1212; x_wconf 71' lang='grc' dir='ltr'>τοίς</span> <span class='ocrx_word' id='word_1_101' title='bbox 801 1151 883 1227; x_wconf 80' lang='grc' dir='ltr'>Θρήϊ-</span> 
     </span>
     <span class='ocr_line' id='line_1_14' title="bbox 83 1237 884 1315; baseline 0.005 -22"><span class='ocrx_word' id='word_1_102' title='bbox 83 1263 141 1300; x_wconf 87' lang='grc' dir='ltr'>κας·</span> <span class='ocrx_word' id='word_1_103' title='bbox 177 1243 204 1301; x_wconf 90' lang='grc' dir='ltr'>ἐς</span> <span class='ocrx_word' id='word_1_104' title='bbox 226 1237 341 1301; x_wconf 79' lang='grc' dir='ltr'>τούτους</span> <span class='ocrx_word' id='word_1_105' title='bbox 363 1239 394 1297; x_wconf 87' lang='grc' dir='ltr'>δέ</span> <span class='ocrx_word' id='word_1_106' title='bbox 413 1265 463 1315; x_wconf 92' lang='grc' dir='ltr'>μοι</span> <span class='ocrx_word' id='word_1_107' title='bbox 484 1238 572 1297; x_wconf 83' lang='grc' dir='ltr'>δοκέει</span> <span class='ocrx_word' id='word_1_108' title='bbox 594 1240 640 1296; x_wconf 84' lang='grc' dir='ltr'>καὶ</span> <span class='ocrx_word' id='word_1_109' title='bbox 661 1237 693 1297; x_wconf 81' lang='grc' dir='ltr'>ού</span> <span class='ocrx_word' id='word_1_110' title='bbox 714 1238 884 1313; x_wconf 79' lang='grc' dir='ltr'>προσώτατα</span> 
     </span>
     <span class='ocr_line' id='line_1_15' title="bbox 82 1323 882 1407; baseline 0.003 -25"><span class='ocrx_word' id='word_1_111' title='bbox 82 1323 234 1385; x_wconf 84' lang='grc' dir='ltr'>οἷπικέσθαι</span> <span class='ocrx_word' id='word_1_112' title='bbox 247 1325 263 1385; x_wconf 84' lang='grc' dir='ltr'>ό</span> <span class='ocrx_word' id='word_1_113' title='bbox 277 1325 431 1407; x_wconf 84' lang='grc' dir='ltr'>Αἰγύπτιος</span> <span class='ocrx_word' id='word_1_114' title='bbox 445 1325 574 1402; x_wconf 83' lang='grc' dir='ltr'>στρατός·</span> <span class='ocrx_word' id='word_1_115' title='bbox 596 1331 625 1384; x_wconf 94' lang='grc' dir='ltr'>ἐν</span> <span class='ocrx_word' id='word_1_116' title='bbox 639 1327 691 1400; x_wconf 86' lang='grc' dir='ltr'>μέν</span> <span class='ocrx_word' id='word_1_117' title='bbox 703 1326 757 1405; x_wconf 75' lang='grc' dir='ltr'>γὰρ</span> <span class='ocrx_word' id='word_1_118' title='bbox 771 1328 807 1403; x_wconf 78' lang='grc' dir='ltr'>τῇ</span> <span class='ocrx_word' id='word_1_119' title='bbox 820 1325 882 1384; x_wconf 87' lang='grc' dir='ltr'>τού-</span> 
     </span>
     <span class='ocr_line' id='line_1_16' title="bbox 82 1412 881 1492; baseline 0.003 -22"><span class='ocrx_word' id='word_1_120' title='bbox 82 1437 136 1470; x_wconf 91' lang='grc' dir='ltr'>των</span> <span class='ocrx_word' id='word_1_121' title='bbox 145 1413 222 1492; x_wconf 85' lang='grc' dir='ltr'>χώρη</span> <span class='ocrx_word' id='word_1_122' title='bbox 232 1414 379 1489; x_wconf 88' lang='grc' dir='ltr'>φαίνονται</span> <span class='ocrx_word' id='word_1_123' title='bbox 388 1414 538 1472; x_wconf 85' lang='grc' dir='ltr'>σταθεῖσαι</span> <span class='ocrx_word' id='word_1_124' title='bbox 546 1416 575 1471; x_wconf 81' lang='grc' dir='ltr'>αἱ</span> <span class='ocrx_word' id='word_1_125' title='bbox 585 1417 698 1487; x_wconf 81' lang='grc' dir='ltr'>στῆλαι,</span> <span class='ocrx_word' id='word_1_126' title='bbox 709 1412 742 1471; x_wconf 83' lang='grc' dir='ltr'>τό</span> <span class='ocrx_word' id='word_1_127' title='bbox 753 1413 782 1471; x_wconf 89' lang='grc' dir='ltr'>δέ</span> <span class='ocrx_word' id='word_1_128' title='bbox 793 1439 881 1488; x_wconf 91' lang='grc' dir='ltr'>προσ-</span> 
     </span>
     <span class='ocr_line' id='line_1_17' title="bbox 81 1499 881 1578; baseline 0.003 -21"><span class='ocrx_word' id='word_1_129' title='bbox 81 1501 171 1576; x_wconf 89' lang='grc' dir='ltr'>ωτέρω</span> <span class='ocrx_word' id='word_1_130' title='bbox 186 1501 291 1560; x_wconf 87' lang='grc' dir='ltr'>τούτων</span> <span class='ocrx_word' id='word_1_131' title='bbox 308 1501 410 1561; x_wconf 76' lang='grc' dir='ltr'>οὐκέτι·</span> <span class='ocrx_word' id='word_1_132' title='bbox 421 1503 559 1561; x_wconf 71' lang='grc' dir='ltr'>ἐνθεῦτεν</span> <span class='ocrx_word' id='word_1_133' title='bbox 580 1500 610 1558; x_wconf 85' lang='grc' dir='ltr'>δὲ</span> <span class='ocrx_word' id='word_1_134' title='bbox 628 1501 800 1578; x_wconf 79' lang='grc' dir='ltr'>ἐπιστρέψας</span> <span class='ocrx_word' id='word_1_135' title='bbox 821 1499 881 1559; x_wconf 85' lang='grc' dir='ltr'>όπί·</span> 
     </span>
     <span class='ocr_line' id='line_1_18' title="bbox 81 1586 881 1670; baseline 0.001 -24"><span class='ocrx_word' id='word_1_136' title='bbox 81 1614 124 1646; x_wconf 88' lang='grc' dir='ltr'>σω</span> <span class='ocrx_word' id='word_1_137' title='bbox 141 1586 194 1663; x_wconf 78' lang='grc' dir='ltr'>ἤϊε·</span> <span class='ocrx_word' id='word_1_138' title='bbox 216 1590 261 1646; x_wconf 89' lang='grc' dir='ltr'>καὶ</span> <span class='ocrx_word' id='word_1_139' title='bbox 280 1589 341 1647; x_wconf 86' lang='grc' dir='ltr'>ἐπεί</span> <span class='ocrx_word' id='word_1_140' title='bbox 356 1614 387 1648; x_wconf 93' lang='grc' dir='ltr'>τε</span> <span class='ocrx_word' id='word_1_141' title='bbox 403 1588 511 1670; x_wconf 90' lang='grc' dir='ltr'>ἐγένετο</span> <span class='ocrx_word' id='word_1_142' title='bbox 531 1589 576 1647; x_wconf 87' lang='grc' dir='ltr'>ἐπὶ</span> <span class='ocrx_word' id='word_1_143' title='bbox 595 1586 671 1647; x_wconf 80' lang='grc' dir='ltr'>Φάσι</span> <span class='ocrx_word' id='word_1_144' title='bbox 690 1591 814 1666; x_wconf 74' lang='grc' dir='ltr'>ποταμῷ,</span> <span class='ocrx_word' id='word_1_145' title='bbox 831 1587 881 1647; x_wconf 74' lang='grc' dir='ltr'>οὐκ</span> 
     </span>
     <span class='ocr_line' id='line_1_19' title="bbox 81 1674 880 1753; baseline 0.003 -21"><span class='ocrx_word' id='word_1_146' title='bbox 81 1677 135 1753; x_wconf 82' lang='grc' dir='ltr'>ἔχω</span> <span class='ocrx_word' id='word_1_147' title='bbox 149 1676 183 1735; x_wconf 77' lang='grc' dir='ltr'>τό</span> <span class='ocrx_word' id='word_1_148' title='bbox 197 1677 322 1736; x_wconf 85' lang='grc' dir='ltr'>ἐνθεῦτεν</span> <span class='ocrx_word' id='word_1_149' title='bbox 336 1675 469 1752; x_wconf 85' lang='grc' dir='ltr'>οἷτρεκέως</span> <span class='ocrx_word' id='word_1_150' title='bbox 488 1679 582 1744; x_wconf 82' lang='grc' dir='ltr'>εἰπεῖν,</span> <span class='ocrx_word' id='word_1_151' title='bbox 597 1677 650 1734; x_wconf 79' lang='grc' dir='ltr'>εἴτε</span> <span class='ocrx_word' id='word_1_152' title='bbox 670 1674 752 1738; x_wconf 82' lang='grc' dir='ltr'>αύτός</span> <span class='ocrx_word' id='word_1_153' title='bbox 766 1675 781 1734; x_wconf 85' lang='grc' dir='ltr'>ὁ</span> <span class='ocrx_word' id='word_1_154' title='bbox 795 1680 880 1750; x_wconf 65' lang='grc' dir='ltr'>βασι·</span> 
     </span>
     <span class='ocr_line' id='line_1_20' title="bbox 80 1763 879 1839; baseline 0.008 -19"><span class='ocrx_word' id='word_1_155' title='bbox 80 1763 146 1826; x_wconf 77' lang='grc' dir='ltr'>λεύς</span> <span class='ocrx_word' id='word_1_156' title='bbox 162 1763 322 1838; x_wconf 81' lang='grc' dir='ltr'>Σέσωστρις</span> <span class='ocrx_word' id='word_1_157' title='bbox 338 1763 553 1839; x_wconf 76' lang='grc' dir='ltr'>ἀποδασάμενος</span> <span class='ocrx_word' id='word_1_158' title='bbox 565 1767 615 1838; x_wconf 76' lang='grc' dir='ltr'>τῆς</span> <span class='ocrx_word' id='word_1_159' title='bbox 629 1766 729 1822; x_wconf 80' lang='grc' dir='ltr'>ἑωυτοῦ</span> <span class='ocrx_word' id='word_1_160' title='bbox 746 1768 879 1839; x_wconf 74' lang='grc' dir='ltr'>στρατιῆς</span> 
     </span>
     <span class='ocr_line' id='line_1_21' title="bbox 80 1849 877 1930; baseline 0 -20"><span class='ocrx_word' id='word_1_161' title='bbox 80 1851 179 1928; x_wconf 89' lang='grc' dir='ltr'>μόριον</span> <span class='ocrx_word' id='word_1_162' title='bbox 193 1851 263 1910; x_wconf 85' lang='grc' dir='ltr'>ὅσον</span> <span class='ocrx_word' id='word_1_163' title='bbox 277 1850 311 1927; x_wconf 69' lang='grc' dir='ltr'>δὴ</span> <span class='ocrx_word' id='word_1_164' title='bbox 322 1851 406 1910; x_wconf 81' lang='grc' dir='ltr'>αὐτοῦ</span> <span class='ocrx_word' id='word_1_165' title='bbox 417 1852 549 1910; x_wconf 85' lang='grc' dir='ltr'>κατέλιπε</span> <span class='ocrx_word' id='word_1_166' title='bbox 562 1855 612 1927; x_wconf 77' lang='grc' dir='ltr'>τῆς</span> <span class='ocrx_word' id='word_1_167' title='bbox 622 1849 714 1930; x_wconf 82' lang='grc' dir='ltr'>χώρης</span> <span class='ocrx_word' id='word_1_168' title='bbox 725 1854 782 1924; x_wconf 71' lang='grc' dir='ltr'>οἶκή</span> <span class='ocrx_word' id='word_1_169' title='bbox 791 1878 877 1928; x_wconf 85' lang='grc' dir='ltr'>τορας,</span> 
     </span>
     <span class='ocr_line' id='line_1_22' title="bbox 82 1938 879 2018; baseline 0.003 -22"><span class='ocrx_word' id='word_1_170' title='bbox 82 1940 136 1997; x_wconf 81' lang='grc' dir='ltr'>εἴτε</span> <span class='ocrx_word' id='word_1_171' title='bbox 155 1944 209 1998; x_wconf 82' lang='grc' dir='ltr'>τῶν</span> <span class='ocrx_word' id='word_1_172' title='bbox 225 1942 296 2002; x_wconf 84' lang='grc' dir='ltr'>τινές</span> <span class='ocrx_word' id='word_1_173' title='bbox 316 1938 506 2015; x_wconf 85' lang='grc' dir='ltr'>στρατιωτέων</span> <span class='ocrx_word' id='word_1_174' title='bbox 526 1942 562 2016; x_wconf 78' lang='grc' dir='ltr'>τῇ</span> <span class='ocrx_word' id='word_1_175' title='bbox 581 1939 675 2017; x_wconf 85' lang='grc' dir='ltr'>πλοὶνη</span> <span class='ocrx_word' id='word_1_176' title='bbox 693 1938 776 1998; x_wconf 76' lang='grc' dir='ltr'>αὐτοῦ</span> <span class='ocrx_word' id='word_1_177' title='bbox 797 1938 879 2018; x_wconf 87' lang='grc' dir='ltr'>οἷχθε-</span> 
     </span>
     <span class='ocr_line' id='line_1_23' title="bbox 81 2025 709 2104; baseline -0.003 -19"><span class='ocrx_word' id='word_1_178' title='bbox 81 2026 201 2095; x_wconf 87' lang='grc' dir='ltr'>σθέντες,</span> <span class='ocrx_word' id='word_1_179' title='bbox 215 2028 279 2104; x_wconf 84' lang='grc' dir='ltr'>περὶ</span> <span class='ocrx_word' id='word_1_180' title='bbox 293 2025 384 2087; x_wconf 63' lang='grc' dir='ltr'>Φύσιν</span> <span class='ocrx_word' id='word_1_181' title='bbox 396 2027 524 2102; x_wconf 83' lang='grc' dir='ltr'>ποταμόν</span> <span class='ocrx_word' id='word_1_182' title='bbox 538 2026 709 2100; x_wconf 78' lang='grc' dir='ltr'>κατέμειναν,</span> 
     </span>
    </p>

    <p class='ocr_par' dir='ltr' id='par_1_2' title="bbox 73 2112 965 3336">
     <span class='ocr_line' id='line_1_24' title="bbox 121 2112 925 2194; baseline 0.002 -22"><span class='ocrx_word' id='word_1_183' title='bbox 121 2116 269 2174; x_wconf 85' lang='grc' dir='ltr'>Φαίνονται</span> <span class='ocrx_word' id='word_1_184' title='bbox 282 2117 334 2190; x_wconf 75' lang='grc' dir='ltr'>μὲν</span> <span class='ocrx_word' id='word_1_185' title='bbox 353 2113 408 2193; x_wconf 73' lang='grc' dir='ltr'>γοὶρ</span> <span class='ocrx_word' id='word_1_186' title='bbox 428 2112 517 2177; x_wconf 88' lang='grc' dir='ltr'>ἐόντες</span> <span class='ocrx_word' id='word_1_187' title='bbox 531 2117 558 2172; x_wconf 83' lang='grc' dir='ltr'>οἱ</span> <span class='ocrx_word' id='word_1_188' title='bbox 576 2114 688 2192; x_wconf 86' lang='grc' dir='ltr'>Κόλχοι</span> <span class='ocrx_word' id='word_1_189' title='bbox 702 2114 771 2194; x_wconf 77' lang='grc' dir='ltr'>Αἶγί</span> <span class='ocrx_word' id='word_1_190' title='bbox 784 2139 858 2174; x_wconf 86' lang='grc' dir='ltr'>ττιοι·</span> <span class='ocrx_word' id='word_1_191' title='bbox 871 2117 925 2174; x_wconf 75' lang='grc'>104</span> 
     </span>
     <span class='ocr_line' id='line_1_25' title="bbox 82 2199 879 2282; baseline -0.001 -22"><span class='ocrx_word' id='word_1_192' title='bbox 82 2201 185 2276; x_wconf 84' lang='grc' dir='ltr'>νοήσας</span> <span class='ocrx_word' id='word_1_193' title='bbox 201 2203 231 2260; x_wconf 88' lang='grc' dir='ltr'>δέ</span> <span class='ocrx_word' id='word_1_194' title='bbox 247 2201 384 2278; x_wconf 86' lang='grc' dir='ltr'>πρότερον</span> <span class='ocrx_word' id='word_1_195' title='bbox 403 2199 485 2264; x_wconf 82' lang='grc' dir='ltr'>αύτός</span> <span class='ocrx_word' id='word_1_196' title='bbox 501 2201 518 2277; x_wconf 87' lang='grc' dir='ltr'>ἢ</span> <span class='ocrx_word' id='word_1_197' title='bbox 537 2200 660 2264; x_wconf 89' lang='grc' dir='ltr'>ακούσας</span> <span class='ocrx_word' id='word_1_198' title='bbox 679 2200 782 2269; x_wconf 77' lang='grc' dir='ltr'>ἄλλων,</span> <span class='ocrx_word' id='word_1_199' title='bbox 795 2201 879 2282; x_wconf 91' lang='grc' dir='ltr'>λέγω·</span> 
     </span>
     <span class='ocr_line' id='line_1_26' title="bbox 81 2287 879 2369; baseline 0.001 -22"><span class='ocrx_word' id='word_1_200' title='bbox 81 2289 116 2351; x_wconf 84' lang='grc' dir='ltr'>ώς</span> <span class='ocrx_word' id='word_1_201' title='bbox 130 2289 160 2349; x_wconf 91' lang='grc' dir='ltr'>δέ</span> <span class='ocrx_word' id='word_1_202' title='bbox 172 2316 222 2366; x_wconf 91' lang='grc' dir='ltr'>μοι</span> <span class='ocrx_word' id='word_1_203' title='bbox 235 2295 264 2349; x_wconf 89' lang='grc' dir='ltr'>ἐν</span> <span class='ocrx_word' id='word_1_204' title='bbox 284 2289 411 2366; x_wconf 82' lang='grc' dir='ltr'>φροντίδι</span> <span class='ocrx_word' id='word_1_205' title='bbox 430 2287 546 2369; x_wconf 88' lang='grc' dir='ltr'>ἐγένετο,</span> <span class='ocrx_word' id='word_1_206' title='bbox 565 2287 677 2366; x_wconf 79' lang='grc' dir='ltr'>εἰρόμην</span> <span class='ocrx_word' id='word_1_207' title='bbox 694 2287 879 2366; x_wconf 73' lang='grc' dir='ltr'>ἀμφοτέρους·</span> 
     </span>
     <span class='ocr_line' id='line_1_27' title="bbox 81 2375 880 2455; baseline 0.001 -21"><span class='ocrx_word' id='word_1_208' title='bbox 81 2378 127 2435; x_wconf 87' lang='grc' dir='ltr'>καὶ</span> <span class='ocrx_word' id='word_1_209' title='bbox 142 2381 255 2452; x_wconf 81' lang='grc' dir='ltr'>μᾶλλον</span> <span class='ocrx_word' id='word_1_210' title='bbox 274 2381 300 2436; x_wconf 82' lang='grc' dir='ltr'>οῖ</span> <span class='ocrx_word' id='word_1_211' title='bbox 322 2375 434 2455; x_wconf 91' lang='grc' dir='ltr'>Κόλχοι</span> <span class='ocrx_word' id='word_1_212' title='bbox 450 2375 601 2451; x_wconf 89' lang='grc' dir='ltr'>ἐμεμνέατο</span> <span class='ocrx_word' id='word_1_213' title='bbox 617 2380 671 2434; x_wconf 83' lang='grc' dir='ltr'>τῶν</span> <span class='ocrx_word' id='word_1_214' title='bbox 691 2375 880 2455; x_wconf 83' lang='grc' dir='ltr'>Αἰγυπτίωνῆ</span> 
     </span>
     <span class='ocr_line' id='line_1_28' title="bbox 82 2462 880 2545; baseline 0 -22"><span class='ocrx_word' id='word_1_215' title='bbox 82 2468 107 2523; x_wconf 83' lang='grc' dir='ltr'>οἶ</span> <span class='ocrx_word' id='word_1_216' title='bbox 129 2465 277 2545; x_wconf 84' lang='grc' dir='ltr'>Αἰγύπτιοι</span> <span class='ocrx_word' id='word_1_217' title='bbox 297 2467 352 2523; x_wconf 78' lang='grc' dir='ltr'>τῶν</span> <span class='ocrx_word' id='word_1_218' title='bbox 373 2463 504 2541; x_wconf 86' lang='grc' dir='ltr'>Κόλχων·</span> <span class='ocrx_word' id='word_1_219' title='bbox 531 2464 651 2538; x_wconf 85' lang='grc' dir='ltr'>νομίζειν</span> <span class='ocrx_word' id='word_1_220' title='bbox 674 2462 697 2520; x_wconf 87' lang='grc' dir='ltr'>δ’</span> <span class='ocrx_word' id='word_1_221' title='bbox 720 2463 831 2537; x_wconf 85' lang='grc' dir='ltr'>ἐφισαν</span> <span class='ocrx_word' id='word_1_222' title='bbox 854 2467 880 2523; x_wconf 82' lang='grc' dir='ltr'>οἶ</span> 
     </span>
     <span class='ocr_line' id='line_1_29' title="bbox 80 2550 880 2633; baseline -0.003 -22"><span class='ocrx_word' id='word_1_223' title='bbox 80 2552 230 2633; x_wconf 85' lang='grc' dir='ltr'>Αἰγύπτιοι</span> <span class='ocrx_word' id='word_1_224' title='bbox 242 2557 293 2628; x_wconf 77' lang='grc' dir='ltr'>τῆς</span> <span class='ocrx_word' id='word_1_225' title='bbox 306 2550 484 2628; x_wconf 81' lang='grc' dir='ltr'>Σεσώστριος</span> <span class='ocrx_word' id='word_1_226' title='bbox 497 2554 631 2627; x_wconf 78' lang='grc' dir='ltr'>στρατιῆς</span> <span class='ocrx_word' id='word_1_227' title='bbox 645 2550 714 2609; x_wconf 85' lang='grc' dir='ltr'>εἶναι</span> <span class='ocrx_word' id='word_1_228' title='bbox 726 2550 791 2613; x_wconf 68' lang='grc' dir='ltr'>τούς</span> <span class='ocrx_word' id='word_1_229' title='bbox 804 2551 880 2610; x_wconf 85' lang='grc' dir='ltr'>Κόλ·</span> 
     </span>
     <span class='ocr_line' id='line_1_30' title="bbox 81 2637 881 2719; baseline -0.003 -20"><span class='ocrx_word' id='word_1_230' title='bbox 81 2666 158 2719; x_wconf 84' lang='grc' dir='ltr'>χους.</span> <span class='ocrx_word' id='word_1_231' title='bbox 199 2639 281 2702; x_wconf 77' lang='grc' dir='ltr'>αὐτός</span> <span class='ocrx_word' id='word_1_232' title='bbox 308 2640 337 2698; x_wconf 88' lang='grc' dir='ltr'>δέ</span> <span class='ocrx_word' id='word_1_233' title='bbox 358 2640 458 2698; x_wconf 82' lang='grc' dir='ltr'>εἴκασα</span> <span class='ocrx_word' id='word_1_234' title='bbox 476 2639 551 2716; x_wconf 77' lang='grc' dir='ltr'>τῇδε,</span> <span class='ocrx_word' id='word_1_235' title='bbox 576 2639 623 2696; x_wconf 85' lang='grc' dir='ltr'>καὶ</span> <span class='ocrx_word' id='word_1_236' title='bbox 642 2637 685 2696; x_wconf 83' lang='grc' dir='ltr'>ότι</span> <span class='ocrx_word' id='word_1_237' title='bbox 705 2637 881 2718; x_wconf 76' lang='grc' dir='ltr'>μελάγχροές</span> 
     </span>
     <span class='ocr_line' id='line_1_31' title="bbox 82 2724 880 2805; baseline 0 -19"><span class='ocrx_word' id='word_1_238' title='bbox 82 2732 136 2787; x_wconf 86' lang='grc' dir='ltr'>εἶσι</span> <span class='ocrx_word' id='word_1_239' title='bbox 152 2728 198 2787; x_wconf 89' lang='grc' dir='ltr'>καὶ</span> <span class='ocrx_word' id='word_1_240' title='bbox 212 2727 383 2805; x_wconf 76' lang='grc' dir='ltr'>οὐλότριχες·</span> <span class='ocrx_word' id='word_1_241' title='bbox 405 2727 451 2784; x_wconf 88' lang='grc' dir='ltr'>καὶ</span> <span class='ocrx_word' id='word_1_242' title='bbox 470 2730 555 2785; x_wconf 83' lang='grc' dir='ltr'>τοῦτο</span> <span class='ocrx_word' id='word_1_243' title='bbox 572 2727 624 2801; x_wconf 87' lang='grc' dir='ltr'>μέν</span> <span class='ocrx_word' id='word_1_244' title='bbox 638 2729 665 2786; x_wconf 85' lang='grc' dir='ltr'>ἐς</span> <span class='ocrx_word' id='word_1_245' title='bbox 682 2724 762 2786; x_wconf 77' lang='grc' dir='ltr'>ούδέυ</span> <span class='ocrx_word' id='word_1_246' title='bbox 776 2725 880 2800; x_wconf 77' lang='grc' dir='ltr'>ἀνήκει·</span> 
     </span>
     <span class='ocr_line' id='line_1_32' title="bbox 81 2812 880 2896; baseline -0.001 -22"><span class='ocrx_word' id='word_1_247' title='bbox 81 2816 137 2875; x_wconf 78' lang='grc' dir='ltr'>εἶσὶ</span> <span class='ocrx_word' id='word_1_248' title='bbox 150 2821 205 2896; x_wconf 76' lang='grc' dir='ltr'>γάρ</span> <span class='ocrx_word' id='word_1_249' title='bbox 220 2816 266 2874; x_wconf 86' lang='grc' dir='ltr'>καὶ</span> <span class='ocrx_word' id='word_1_250' title='bbox 280 2816 368 2890; x_wconf 83' lang='grc' dir='ltr'>ἐτεροι</span> <span class='ocrx_word' id='word_1_251' title='bbox 381 2818 511 2873; x_wconf 83' lang='grc' dir='ltr'>τοιοῦτοι·</span> <span class='ocrx_word' id='word_1_252' title='bbox 532 2812 609 2870; x_wconf 77' lang='grc' dir='ltr'>ἀλλὰ</span> <span class='ocrx_word' id='word_1_253' title='bbox 626 2812 731 2871; x_wconf 90' lang='grc' dir='ltr'>τοισιδε</span> <span class='ocrx_word' id='word_1_254' title='bbox 748 2813 795 2873; x_wconf 80' lang='grc' dir='ltr'>ααὶ</span> <span class='ocrx_word' id='word_1_255' title='bbox 807 2818 880 2890; x_wconf 78' lang='grc' dir='ltr'>μᾶλ-</span> 
     </span>
     <span class='ocr_line' id='line_1_33' title="bbox 81 2899 881 2982; baseline -0.001 -22"><span class='ocrx_word' id='word_1_256' title='bbox 81 2907 142 2975; x_wconf 89' lang='grc' dir='ltr'>λον,</span> <span class='ocrx_word' id='word_1_257' title='bbox 156 2902 200 2963; x_wconf 83' lang='grc' dir='ltr'>ὅτι</span> <span class='ocrx_word' id='word_1_258' title='bbox 212 2907 312 2980; x_wconf 86' lang='grc' dir='ltr'>μοῦνοι</span> <span class='ocrx_word' id='word_1_259' title='bbox 325 2904 435 2960; x_wconf 80' lang='grc' dir='ltr'>πάντων</span> <span class='ocrx_word' id='word_1_260' title='bbox 448 2899 598 2977; x_wconf 75' lang='grc' dir='ltr'>ἀνθρώπων</span> <span class='ocrx_word' id='word_1_261' title='bbox 613 2899 724 2977; x_wconf 88' lang='grc' dir='ltr'>Κόλχοι</span> <span class='ocrx_word' id='word_1_262' title='bbox 738 2901 784 2961; x_wconf 63' lang='grc' dir='ltr'>καὶ</span> <span class='ocrx_word' id='word_1_263' title='bbox 797 2901 881 2982; x_wconf 83' lang='grc' dir='ltr'>Αἰγό-</span> 
     </span>
     <span class='ocr_line' id='line_1_34' title="bbox 82 2985 881 3067; baseline -0.001 -17"><span class='ocrx_word' id='word_1_264' title='bbox 82 3017 159 3050; x_wconf 89' lang='grc' dir='ltr'>πτιοι</span> <span class='ocrx_word' id='word_1_265' title='bbox 187 2992 233 3049; x_wconf 84' lang='grc' dir='ltr'>καὶ</span> <span class='ocrx_word' id='word_1_266' title='bbox 259 2991 391 3051; x_wconf 86' lang='grc' dir='ltr'>Αἰθίοπες</span> <span class='ocrx_word' id='word_1_267' title='bbox 416 2987 631 3064; x_wconf 76' lang='grc' dir='ltr'>περιτάμνονται</span> <span class='ocrx_word' id='word_1_268' title='bbox 658 2985 704 3045; x_wconf 76' lang='grc' dir='ltr'>ἀπ’</span> <span class='ocrx_word' id='word_1_269' title='bbox 732 2987 821 3067; x_wconf 66' lang='grc' dir='ltr'>ι’,ρχῆς</span> <span class='ocrx_word' id='word_1_270' title='bbox 844 2987 881 3049; x_wconf 72' lang='grc' dir='ltr'>τό</span> 
     </span>
     <span class='ocr_line' id='line_1_35' title="bbox 83 3075 887 3154; baseline -0.001 -18"><span class='ocrx_word' id='word_1_271' title='bbox 83 3079 183 3139; x_wconf 79' lang='grc' dir='ltr'>αἰδοῖα·</span> <span class='ocrx_word' id='word_1_272' title='bbox 205 3079 330 3140; x_wconf 88' lang='grc' dir='ltr'>Φοίνικες</span> <span class='ocrx_word' id='word_1_273' title='bbox 347 3077 378 3136; x_wconf 85' lang='grc' dir='ltr'>δέ</span> <span class='ocrx_word' id='word_1_274' title='bbox 396 3076 442 3134; x_wconf 87' lang='grc' dir='ltr'>καὶ</span> <span class='ocrx_word' id='word_1_275' title='bbox 458 3075 543 3151; x_wconf 88' lang='grc' dir='ltr'>Σύροι</span> <span class='ocrx_word' id='word_1_276' title='bbox 556 3077 583 3134; x_wconf 88' lang='grc' dir='ltr'>οἱ</span> <span class='ocrx_word' id='word_1_277' title='bbox 602 3080 630 3134; x_wconf 94' lang='grc' dir='ltr'>ἐν</span> <span class='ocrx_word' id='word_1_278' title='bbox 647 3102 682 3154; x_wconf 84' lang='grc' dir='ltr'>τη</span> <span class='ocrx_word' id='word_1_279' title='bbox 703 3076 887 3154; x_wconf 76' lang='grc' dir='ltr'>Παλαιστίνη</span> 
     </span>
     <span class='ocr_line' id='line_1_36' title="bbox 84 3161 965 3247; baseline 0.002 -23"><span class='ocrx_word' id='word_1_280' title='bbox 84 3166 130 3224; x_wconf 80' lang='grc' dir='ltr'>καὶ</span> <span class='ocrx_word' id='word_1_281' title='bbox 143 3165 220 3224; x_wconf 72' lang='grc' dir='ltr'>αὐτοὶ</span> <span class='ocrx_word' id='word_1_282' title='bbox 235 3163 426 3247; x_wconf 78' lang='grc' dir='ltr'>ὁμολογέουσι</span> <span class='ocrx_word' id='word_1_283' title='bbox 438 3162 503 3244; x_wconf 80' lang='grc' dir='ltr'>παρ’</span> <span class='ocrx_word' id='word_1_284' title='bbox 517 3164 681 3246; x_wconf 73' lang='grc' dir='ltr'>Αἰγυπτίων</span> <span class='ocrx_word' id='word_1_285' title='bbox 699 3161 912 3242; x_wconf 60' lang='grc' dir='ltr'>μεμαδηιέευαι»</span> <span class='ocrx_word' id='word_1_286' title='bbox 951 3210 965 3240; x_wconf 60' lang='grc'>,</span> 
     </span>
     <span class='ocr_line' id='line_1_37' title="bbox 73 3251 932 3336; baseline -0.019 -20"><span class='ocrx_word' id='word_1_287' title='bbox 73 3251 171 3327; x_wconf 72' lang='grc' dir='ltr'>Σώοιοι</span> <span class='ocrx_word' id='word_1_288' title='bbox 190 3253 221 3312; x_wconf 75' lang='grc' dir='ltr'>δὲ</span> <span class='ocrx_word' id='word_1_289' title='bbox 237 3256 266 3313; x_wconf 87' lang='grc' dir='ltr'>οἱ</span> <span class='ocrx_word' id='word_1_290' title='bbox 283 3255 350 3334; x_wconf 79' lang='grc' dir='ltr'>περὶ</span> <span class='ocrx_word' id='word_1_291' title='bbox 369 3255 570 3336; x_wconf 85' lang='grc' dir='ltr'>Θερμώδοντα</span> <span class='ocrx_word' id='word_1_292' title='bbox 584 3255 765 3334; x_wconf 67' lang='grc' dir='ltr'>καλὶἱαρδὲ«</span> <span class='ocrx_word' id='word_1_293' title='bbox 788 3277 821 3310; x_wconf 80' lang='grc' dir='ltr'>ου</span> <span class='ocrx_word' id='word_1_294' title='bbox 837 3269 932 3305; x_wconf 69' lang='grc' dir='ltr'>ποτα·</span> 
     </span>
    </p>
   </div>
   <div class='ocr_carea' id='block_1_2' title="bbox 0 0 1024 3464">
    <p class='ocr_par' dir='ltr' id='par_1_3' title="bbox 0 0 1024 3464">
     <span class='ocr_line' id='line_1_38' title="bbox 0 0 1024 3464; baseline 0 0"><span class='ocrx_word' id='word_1_295' title='bbox 0 0 1024 3464; x_wconf 95' lang='lat' dir='ltr'> </span> 
     </span>
    </p>
   </div>
  </div>
 </body>
</html>
