2040 3464
132 117 164 163 ω
208 118 213 129 ·
438 115 617 164 ἮνοΔουοτ
895 113 924 179 [1

130 194 243 266 πάντας,
258 195 304 254 καὶ
320 193 480 276 στρατηγόν
497 193 586 254 αὐτῶν
606 191 679 253 ὥστε
696 189 863 269 θεοβλαβής
880 192 927 250 ἐώι

129 282 244 352 ἀπέδεξε
254 281 412 363 Ἅρπαγον,
429 281 521 358 λήθην
537 280 699 358 ποιεύμενος
713 280 749 340 τά
764 306 813 358 μιν
826 278 927 359 ἐόργεε·

129 369 164 432 ὦς
177 370 200 430 δ’
214 374 241 429 οἱ
253 371 348 446 Μῆδοι
362 368 602 447 στρατευσάμενοι
615 373 691 428 τοῖσι
704 368 838 447 Πέρσησι
850 367 928 427 συνέ-

127 483 241 538 μισγον,
261 461 287 516 οἶ
307 459 358 533 μέν
374 483 445 519 τινες
465 456 554 516 αὐτῶν
579 456 716 535 ἐμάχοντο
737 455 802 515 ὅσοι
820 453 861 530 μή
877 457 928 514 τοῦ

130 544 218 625 λόγου
231 546 378 623 μετέσχον,
388 548 414 603 οἱ
424 544 454 603 δὲ
468 543 639 620 αὐτομόλεον
647 543 716 620 πρός
725 541 789 605 τούς
802 543 927 619 Πέρσας·

81 634 139 692 128
148 636 175 690 οἱ
188 633 217 691 δὲ
231 637 362 691 πλεῖστοι
376 631 555 692 ἐθελοκάκεόν
563 657 594 690 τε
604 633 650 690 καὶ
664 633 790 712 ἔφευγον.
822 633 928 689 Διαλυ-

128 720 222 784 θέντος
242 720 272 779 δὲ
291 724 342 779 τοῦ
362 719 490 795 Μηδικοῦ
511 719 718 796 στρατεύματος
739 722 869 797 αἰσχρῶς,
892 716 928 781 οἷς

131 806 246 867 ἐπύθετο
267 806 390 886 τάχιστα
411 806 428 866 ὁ
449 807 616 887 Ἀστυάγης,
640 809 704 882 ἔφη,
729 805 864 864 ἀπειλέων
888 809 928 883 τῷ

127 894 220 974 Κύρῳ·
243 893 334 953 “άλλ’
352 893 407 953 οὐδ’
423 893 459 957 ὣς
476 893 491 954 ὁ
508 894 603 970 Κῦρός
618 919 651 975 γε
670 891 826 973 χαιρήσει.”
858 918 927 952 τοσ-

127 986 198 1040 αὓτα
215 983 301 1053 εἴπας,
318 986 428 1060 πρῶτον
444 984 496 1059 μὲν
515 986 569 1041 τῶν
589 982 685 1063 μάγων
702 981 766 1044 τούς
787 979 927 1058 ὀνειροπό-

128 1073 196 1134 λους
212 1071 241 1129 οἵ
254 1096 302 1146 μιν
320 1069 480 1156 ἀνέγνωσαν
497 1073 620 1147 μετεῖναι
631 1069 681 1129 τόν
694 1073 798 1146 Κῦρον,
811 1068 928 1132 τούτους

128 1157 344 1229 ἀνεσκολόπισε,
358 1157 428 1234 μετὰ
444 1158 482 1228 δὲ,
497 1157 607 1217 ὥπλισε
623 1159 688 1220 τούς
704 1157 928 1232 ύπολειφθέντας

125 1249 180 1304 τῶν
199 1245 304 1321 Μήδων
324 1251 353 1306 ἐν
372 1250 411 1324 τῷ
432 1244 520 1315 ἄστεϊ,
544 1246 620 1309 νέους
642 1271 674 1304 τε
695 1245 742 1304 καὶ
762 1243 927 1321 πρεσβύτας

127 1330 235 1409 ἄνδρας·
263 1332 405 1414 ἐξαγαγὼν
425 1333 454 1391 δὲ
473 1333 587 1397 τούτους
609 1334 655 1392 καὶ
675 1331 833 1409 συμβαλαῖν
849 1336 927 1392 τοῖσι

126 1421 259 1498 Πέρσῃσι
272 1420 396 1497 ἑσσώθη·
417 1422 463 1479 καὶ
477 1420 559 1484 αύτός
568 1447 598 1480 τε
605 1420 764 1500 Ἀστυάγης
775 1419 925 1499 ἐζωγρήθη,

80 1509 135 1566 129
146 1509 193 1566 καὶ
208 1508 273 1571 τούς
290 1508 408 1588 ἐξήγαγε
423 1513 478 1568 τῶν
492 1509 596 1583 Μήδων
610 1508 750 1585 ἀπέβαλε.
790 1505 883 1566 Ἐόντι
896 1507 926 1567 δέ

126 1595 294 1674 αἰχμαλώτῳ
309 1600 348 1673 τῷ
359 1594 511 1676 Ἀστυάγεϊ
527 1597 653 1674 προστάς
666 1595 836 1674 όἊρπαγος
848 1595 924 1652 κατέ-

125 1684 206 1759 χαιρέ
221 1708 252 1741 τε
270 1684 317 1741 καὶ
330 1683 535 1760 κατεκερτόμεε,
550 1685 596 1742 καὶ
609 1683 686 1743 ἅλλα
698 1683 789 1763 λέγων
802 1687 829 1745 ἐς
842 1680 926 1742 αύτόν

126 1771 272 1850 θυμαλγέα
285 1771 352 1828 ἔπεα
365 1771 411 1828 καὶ
424 1769 458 1846 δή
472 1772 519 1829 καὶ
533 1771 620 1848 είρετό
633 1797 690 1848 μιν,
699 1770 769 1846 πρός
778 1769 810 1829 τό
825 1774 925 1828 ἑωυτοῦ

125 1856 235 1916 δεῖπνον
254 1857 288 1918 τό
308 1883 356 1934 μιν
376 1862 478 1921 ἐκεῖνος
497 1861 583 1936 σαρξὶ
602 1863 652 1919 τοῦ
672 1858 770 1920 παιδός
788 1858 924 1934 ἐθοίνησε,

126 1943 169 2002 “ό
181 1969 208 2002 τι
222 1944 263 2021 εἴη
277 1943 295 2020 ἡ
311 1946 414 2005 ἐκείνου
430 1946 586 2023 δουλοσύνη
601 1946 662 2006 ἀντὶ
675 1950 725 2022 τῆς
737 1945 892 2021 βασιληίης
900 1944 924 2014 ;”

125 2030 142 2090 ὅ
156 2031 187 2089 δέ
197 2057 246 2108 μιν
259 2032 400 2110 προσιδών
414 2031 562 2111 ἀντείρετο,
576 2044 594 2069 “
604 2038 628 2092 εἰ
641 2037 741 2092 ἑωυτοῦ
755 2033 878 2091 ποιέεται
890 2033 924 2092 τό

127 2118 223 2195 Κύρου
241 2119 349 2200 ἐργον;”
365 2120 512 2201 Ἅρπαγος
525 2122 554 2180 δὲ
568 2123 630 2198 ἔφη,
645 2120 727 2184 αὐτός
740 2120 794 2202 γάρ
806 2119 923 2200 γράψαι,

128 2206 158 2266 τό
177 2211 295 2288 πρῆγμα
313 2207 347 2283 δή
368 2211 468 2267 ἑωυτοῦ
485 2209 593 2273 δικαίως
614 2210 692 2269 εἶναι·
715 2207 874 2288 Ἀστυάγης
893 2207 924 2268 δέ

123 2319 172 2370 μιν
192 2293 329 2370 α’πέφαινε
349 2299 387 2373 τῷ
407 2295 484 2376 λόγῳ
505 2306 522 2331 “
531 2296 699 2357 σκαιότατόν
714 2322 745 2355 τε
765 2297 811 2353 καὶ
827 2295 918 2355 ἀδικεό-

123 2405 209 2442 τατον
229 2383 310 2458 ἐόντα
328 2382 438 2443 πάντων
457 2383 616 2461 ἀνθρώπων·
636 2383 804 2444 σκαιότατόν
816 2384 868 2459 μέν
879 2409 922 2464 γε,
955 2443 961 2460 ἱ

125 2473 149 2528 εἰ
169 2469 273 2546 παρεόν
293 2469 365 2548 αύτῷ
381 2471 510 2546 βασιλέα
525 2473 665 2552 γενέσθαι,
679 2471 715 2551 (εἰ
728 2472 761 2547 δή
775 2470 808 2529 δι’
821 2475 922 2530 ἑωυτοῦ

122 2581 157 2637 γε
177 2557 303 2636 ἐπρήχθη
322 2558 358 2616 τά
378 2557 537 2639 παρεόντα)
556 2557 635 2638 ἄλλῳ
653 2560 799 2634 περιέθηκε
811 2558 844 2618 τό
858 2560 922 2636 κρά-

121 2669 178 2707 τος·
200 2643 367 2704 αἷδικιότατον
384 2645 421 2714 δὲ,
437 2644 480 2704 ὅτι
495 2651 545 2705 τοῦ
563 2646 674 2706 δείπνου
691 2647 791 2706 εἵνεκεν
806 2646 921 2722 Μήδους

122 2731 321 2792 κατεδούλωσε·
342 2737 366 2791 εἰ
375 2732 431 2813 γάρ
445 2733 478 2808 δή
492 2734 554 2793 δέον
562 2733 670 2797 πάντως
682 2733 920 2816 περιθεῖναιᾶλλιρ

121 2821 174 2898 τέῳ
190 2818 243 2895 τήν
255 2821 411 2896 βασιληίην
428 2821 474 2878 καὶ
489 2821 530 2896 μή
550 2819 634 2882 αύτόν
651 2824 731 2900 ἐχειν,
751 2821 920 2899 δικαιότερον

122 2907 192 2966 εἶναι
214 2907 319 2983 Μήδων
340 2909 392 2986 τέῳ
417 2911 584 2984 περιβαλεῖν
604 2913 689 2968 τοῦτο
711 2908 745 2968 τό
768 2909 875 2990 ἀγαθόν
900 2909 919 2989 ἢ

120 2995 262 3071 Περσέων·
283 2999 331 3055 νῦν
347 2995 377 3053 δὲ
397 2994 512 3071 Μήδους
531 2997 583 3072 μὲν
598 2995 735 3059 οἷναιτίους
749 2997 849 3057 τούτου
862 2997 918 3058 ἐόν-

117 3107 170 3142 τας
188 3082 306 3144 δούλους
325 3081 387 3141 ἀντὶ
407 3082 563 3141 δεσποτέων
582 3085 733 3163 γεγονέναι,
753 3085 869 3161 Πέρσας
888 3087 917 3149 δέ

76 3213 79 3219 ,
99 3163 226 3266 ὃοιῖλους
246 3168 346 3233 ἐόντας
365 3168 402 3230 τό
425 3170 494 3248 πρὶν
513 3167 619 3248 Μήδων
639 3174 688 3232 νῦν
709 3173 851 3254 γεγονέναι
874 3173 915 3233 δα

79 3251 235 3311 σποτας.”
