2040 3464
112 111 160 157 134
255 158 257 162 ,
415 109 597 160 ἯΡΟΔΟΤΟΤ
860 109 910 171 [II.

113 188 164 247 ἐπύ
183 215 257 248 οντο.
302 188 418 266 οὐδαμοὶ
443 189 498 270 γάρ
526 188 573 248 ἀπ’
600 186 690 268 ἀρχῆς
720 187 911 252 Ποσειδέωνος

114 275 218 352 οὕνομα
232 277 366 352 ἔκτηνται,
378 282 402 336 εἰ
414 277 454 354 μή
465 278 580 352 Λίβυες·
601 278 646 335 καὶ
659 275 775 354 τιμέωσι
787 275 838 336 τόν
848 275 913 336 θεόν

113 367 212 424 τοῦτον
226 365 288 422 αἰεί.
329 366 475 441 νομίζουσι
491 364 514 424 δ’
530 365 567 424 ὧν
583 363 731 445 Αἰγύπτιοι
749 361 805 422 οὔδ’
821 361 913 440 ἥρωσι

66 455 103 510 ὄῖ
115 451 202 511 οὐδέν.
243 457 338 511 Ταῦτα
353 454 405 527 μέν
421 480 478 522 νυν,
493 453 538 510 καὶ
556 451 634 510 ἅλλα
649 451 719 528 πρός
736 449 862 510 τούτοισι
876 451 912 511 τά

116 540 169 620 ἐγω
195 540 307 617 φράσω,
328 540 468 616 Ἕλληνες
489 539 536 600 ἀπ’
560 541 718 620 Αἰγυπτίων
741 540 912 615 νενομίκασι·

114 631 165 688 τοῦ
186 628 215 687 δὲ
228 628 335 705 Ἑρμέω
354 629 391 688 τά
410 628 562 708 α’γάλματα
582 627 653 706 ὀρθά
673 629 747 706 ἐχειν
765 627 801 686 τοὶ
822 628 914 687 αἰδοῖα

114 720 263 787 ποιεῦντες,
277 716 326 775 ούκ
344 715 391 775 ἀπ’
405 717 563 795 Αἰγυπτίων
579 715 760 793 μεμαθήκασι
777 715 843 774 ἀλλ’
857 715 914 776 ἀπό

116 808 283 885 Πελασγῶν,
294 808 399 882 πρῶτοι
411 806 463 880 μὲν
475 803 619 880 Ἑλλήνων
632 803 761 863 ἁπάντων
770 803 914 879 Ἀθηναῖοι

115 892 338 971 παραλαβόντες,
351 892 429 970 παρά
448 892 478 951 δὲ
493 893 596 952 τούτων
612 891 718 951 ’κόλλαν
738 892 915 968 Ἀθηναίοισι

115 981 170 1060 γοὶρ
183 979 236 1055 ἤδη
249 985 399 1055 τηνικαῦτα
413 986 440 1043 ἐς
452 980 598 1056 Ἕλληνας
611 981 749 1053 τελέουσι,
764 981 915 1061 Πελασγοὶ

118 1069 242 1127 σύνοικοι
256 1070 382 1148 ἐγένοντο
393 1073 421 1128 ἐν
435 1073 470 1146 τῇ
483 1068 570 1148 χάρη·
585 1068 648 1128 ὅθεν
658 1094 710 1144 περ
722 1069 767 1126 καὶ
776 1068 915 1143 ’Έλληνες
936 1060 939 1067 ¹

117 1154 234 1233 ἤρξαντο
254 1158 431 1233 νομισθῆναι·
452 1155 542 1234 (ὅστις
563 1157 592 1215 δὲ
612 1155 648 1216 τοὶ
664 1156 813 1232 Καβείρων
833 1155 915 1237 όργια

114 1244 253 1321 μεμύηται
265 1244 301 1304 τοὶ
312 1245 502 1322 Σαμοθρήικες
513 1246 686 1304 ἐπιτελέουσι
699 1244 916 1321 παραλαβόντες

116 1332 193 1409 παρά
220 1337 388 1413 Πελασγῶν,
410 1331 490 1396 οὗτος
514 1332 586 1409 ὦνηρ
607 1332 664 1391 οἶδε
684 1332 717 1392 τό
738 1333 822 1413 λέγω.
862 1333 915 1407 την

114 1421 169 1501 γάρ
184 1422 380 1498 Σαμοθρηίκην
398 1422 488 1480 οἴκεον
506 1421 642 1498 πρότερον
663 1421 813 1501 Πελασγοὶ
829 1418 914 1492 οὗτοι,

114 1511 161 1568 τοί
178 1537 231 1586 περ
251 1509 426 1586 Ἀθηναίοισι
449 1509 574 1569 σύνοικοι
594 1509 731 1590 ἐγένοντο·
773 1508 819 1566 καὶ
839 1510 916 1586 παραὶ

115 1597 218 1657 τούτων
246 1597 437 1674 Σαμοθρήικες
462 1597 498 1656 τοὶ
526 1596 607 1677 όργια
633 1596 916 1676 παραλαμβάνουσι.)

116 1683 187 1761 όρθοὶ
212 1684 248 1745 ὧν
275 1688 347 1764 ἔχειν
369 1687 405 1744 τοὶ
429 1685 520 1744 αἰδοῖα
543 1684 713 1764 τάγάλματα
736 1689 786 1744 τοῦ
807 1684 915 1761 Ἑρμέω

115 1773 259 1849 Ἀθηναῖοι
271 1779 377 1850 πρῶτοι
388 1773 541 1847 Ἑλλήνων,
558 1773 694 1849 μαθόντες
709 1773 787 1850 παρὰ
800 1778 915 1832 Πελασ-

115 1866 180 1941 γῶν,
199 1861 377 1936 ἐποιήσαντο·
401 1865 428 1920 οἱ
449 1861 478 1920 δὲ
499 1861 649 1941 Πελασγοὶ
670 1860 729 1936 ἱρόν
746 1887 808 1920 τινα
828 1861 916 1941 λόγον

115 1950 179 2026 περὶ
208 1948 292 2008 αὐτοῦ
319 1949 425 2019 ἔλεξαν,
451 1948 487 2007 τὰ
517 1954 546 2008 ἐν
573 1953 650 2008 τοῖσι
677 1954 706 2008 ἐν
733 1949 915 2029 Σαμοθρηίκῃ

68 2040 107 2097 62
116 2038 298 2113 μυστηρίοισι
312 2037 471 2113 δεδήλωται.
508 2036 612 2097 Ἔθυον
625 2037 654 2095 δὲ
672 2037 764 2097 πάντα
779 2038 916 2114 πρότερον

118 2127 145 2184 οἶ
162 2125 312 2204 Πελασγοὶ
326 2126 417 2185 θεοῖσι
432 2125 621 2203 ἐπευχόμενοι,
637 2124 672 2189 ὦς
685 2125 738 2205 ἐγω
752 2131 780 2184 ἐν
795 2126 915 2205 Δωδώνη

118 2213 180 2271 οἶδα
200 2212 331 2283 οἰκούσας,
347 2214 500 2289 ἐπωνυμίην
521 2214 551 2271 δὲ
571 2211 627 2272 οὐδ’
648 2212 753 2290 οὔνομα
773 2218 916 2273 ἐποιεῦντο

119 2300 207 2360 ον’δενὶ
218 2299 316 2360 αύτῶν·
332 2300 363 2360 ού
376 2301 431 2381 γάρ
444 2300 600 2376 ἀκηκόεσάν
614 2328 661 2360 κω.
696 2302 774 2364 θεούς
788 2302 817 2360 δὲ
827 2329 916 2378 προσ·

119 2388 267 2465 ωνόμασάν
299 2397 391 2466 σφεας
421 2389 477 2450 οἷπὸ
508 2394 558 2449 τοῦ
583 2390 718 2460 τοιούτου,
747 2388 790 2449 ὅτι
819 2389 916 2470 κόσμῳ

118 2478 210 2541 θέντες
227 2477 263 2537 τὰ
281 2478 372 2538 πάντα
387 2479 540 2559 πρήγματα
557 2479 602 2536 καὶ
617 2478 711 2540 πάσας
727 2479 813 2553 νομάς
830 2479 915 2557 εἶχον

118 2568 211 2625 ἔπειτα
225 2567 261 2637 δὲ,
274 2568 378 2646 χρόνου
393 2571 504 2626 πολλοῦ
521 2567 716 2636 διεξελθόντος,
732 2566 867 2626 ἐπίθοντο
885 2572 917 2627 ἐκ

116 2658 167 2728 τῆς
179 2655 322 2735 Αἰγύπτου
336 2655 491 2732 α’πικόμενα
504 2655 539 2715 τά
554 2654 694 2731 οὐνόματα
709 2658 763 2714 τῶν
778 2656 847 2735 θεῶν
861 2660 917 2715 τῶν

118 2740 221 2802 ἄλλων·
244 2744 384 2804 Διονύσου
397 2745 427 2803 δὲ
440 2744 558 2821 ὕστερον
570 2748 670 2822 πολλῷ
683 2743 826 2803 ἐπύθοντο.
870 2745 917 2804 καὶ

118 2831 189 2907 μετὰ
198 2832 299 2910 χρόνον
314 2832 565 2912 ἐχρηστηριάζοντο
575 2832 639 2909 περὶ
652 2836 706 2891 τῶν
717 2831 877 2908 οὐνομάτων
887 2838 917 2894 ἐν

119 2919 247 2999 Δωδώνῃ·
267 2921 301 2980 τι)
318 2921 373 3001 γάρ
389 2921 423 2995 δὴ
439 2920 574 2996 μαντήϊον
591 2925 674 2979 τοῦτο
690 2920 852 2996 νενόμισται
868 2921 916 2996 ἅρ·

117 3008 267 3086 χαιότατον
282 3012 338 3068 τῶν
358 3014 387 3068 ἐν
396 3009 524 3083 Ἕλλησι
539 3008 716 3086 χρηστηρίων
730 3008 807 3077 εἶναι,
823 3009 869 3067 καὶ
881 3009 916 3085 ἦν

112 3094 164 3153 τόν
168 3096 280 3173 χρόνον
292 3100 392 3156 τοῦτον
405 3100 518 3174 μοῦνον·
540 3097 599 3154 ἐπεὶ
613 3094 649 3155 ὦν
663 3096 916 3175 ἐχρηστηριάζοντο

94 3184 127 3237 ἕν
138 3186 180 3258 τῇ
190 3185 319 3266 Δωδώνῃ
334 3189 364 3247 οἱ
382 3184 541 3268 Πελασγοὶ
560 3195 577 3222 “
584 3188 610 3245 εἰ
627 3183 781 3246 ἀνέλωνται
793 3184 831 3242 τό
847 3183 921 3242 ούνό·

216 3269 375 3297 Sita

71 3286 162 3334 stara
184 3294 222 3330 τα
245 3301 308 3336 ατο
332 3303 393 3338 των
414 3274 586 3357 βαρβάρων
609 3273 721 3354 ἥκοντα
729 3271 751 3342 ’ζ’
792 3268 889 3329 ἇνεῖλε
905 3269 942 3326 τὶ
