2040 3464
78 105 207 170 99-103]
378 109 604 160 ΜΕΛΠΟΜΕΝΗ.
833 114 879 162 321

79 189 171 266 μυχόν
184 194 234 265 τῆς
246 192 347 266 λίμνης
359 190 469 266 ταύτης.
511 191 563 266 ἤδη
577 190 614 252 ών
627 191 683 253 άπό
697 194 749 270 μὲν
755 192 879 269 Ἴστρου,

79 278 116 337 τά
131 277 283 355 κατύπερθε
295 283 322 341 ές
331 279 383 354 τῆν
392 279 549 360 μεσόγαιαν
560 281 690 358 φέροντα,
700 281 881 356 ἀποκληίεται

80 366 100 441 ῆ
109 367 230 443 Σκυθικῆ
240 367 295 426 ῦπδ
304 367 418 443 πρώτων
426 367 617 448 Ἀγαθύρσων·
631 369 702 445 μετά
711 369 747 438 δὲ,
757 373 878 446 Νευρῶν·

81 456 177 514 ἔπειτα
190 456 227 526 δὲ,
240 455 448 536 Ἀνδροφάγων·
467 459 631 517 τελευταίων
646 459 682 526 δὲ,
698 459 880 538 Μελαγχλαί-

82 569 144 603 νων.
167 543 252 604 Ἒστι
263 544 300 603 ὧν
309 549 359 619 τῆς
373 546 517 620 Σκυθικῆς,
527 545 562 607 ώς
573 545 673 621 εὀύσης
682 546 861 627 τετραγώνου,
872 546 927 605 101

81 637 137 692 τῶν
158 632 206 691 δύο
229 634 333 710 μερέων
357 633 531 708 κατηκόντων
558 639 586 696 ές
610 634 768 703 θάλασσαν,
792 635 882 710 πάντη
926 625 937 684 ἶ

82 720 147 779 ἴσον
160 719 193 780 τό
206 746 237 779 τε
251 726 278 783 ἔς
290 720 342 796 τὴν
357 721 514 800 μεσόγαιαν
528 723 623 798 φέρον,
638 722 683 780 καὶ
696 721 729 781 τό
743 722 819 797 παρά
831 722 883 798 τῆν

83 807 245 867 θάλασσαν·
267 807 323 867 α’πό
345 809 399 887 γάρ
417 808 532 885 Ἴστρου
551 810 597 867 ε’πὶ
618 810 794 886 Βορυσθένεα
816 810 882 868 δέκα

82 895 206 972 ἡμερέων
215 895 286 958 ὁδός·
301 895 357 955 α’πὸ
369 897 558 973 Βορυσθένεός
570 898 593 957 τ’
603 900 648 957 ε’πὶ
658 897 710 972 τῆν
719 899 822 974 λίμνην
830 897 883 973 τῆν

83 989 215 1061 Μαιῆτιν,
227 986 324 1060 ἑτέρων
338 986 412 1043 δέκα·
428 987 473 1044 καὶ
482 985 515 1045 τό
529 985 585 1046 οἷπό
600 987 750 1062 θαλάσσης
760 992 787 1048 ἐς
796 985 881 1061 μεσό·

83 1098 167 1151 γαιαν
186 1077 213 1135 ές
231 1072 295 1135 τοῦς
312 1074 547 1153 Μελαγχλαίνους
564 1073 627 1137 τοῦς
642 1075 795 1149 κατύπερθε
810 1076 878 1137 Σκυ-
925 1091 933 1146 γ

85 1160 153 1219 θέων
171 1161 339 1236 οἰκημένους,
355 1161 445 1220 εἴκοσι
463 1160 586 1238 ἡμερέων
602 1161 671 1223 ὁδός.
714 1161 732 1236 ἡ
746 1161 775 1219 δὲ
788 1160 883 1236 όδόςὴ

83 1247 224 1324 ἡμερησίη
245 1246 299 1307 άνά
322 1247 452 1324 διηκόσια
473 1248 574 1308 στάδια
597 1249 803 1326 συμβέβληταί
823 1275 882 1324 μοι.

85 1335 155 1395 οὕτω
181 1333 215 1395 ἂν
242 1337 283 1412 εἴη
309 1341 360 1412 τῆς
387 1337 524 1410 Σκυθικῆς
549 1336 585 1395 τά
611 1337 759 1412 ἐπικάρσια
788 1362 881 1412 τετρα-

85 1417 232 1496 κισχιλίων
242 1418 372 1477 σταδίων·
387 1418 433 1476 καὶ
443 1417 478 1476 τά
490 1414 569 1492 ὄρθια
576 1418 612 1476 τοὶ
626 1422 653 1479 ές
665 1417 716 1492 τῆν
725 1417 881 1497 μεσόγαιαν

85 1507 216 1581 φέροντα,
234 1506 331 1582 ἑτέρων
347 1504 489 1564 τοσούτων
506 1505 637 1564 σταδίων.
678 1504 696 1579 ἡ
712 1505 764 1581 μέν
780 1530 828 1563 νυν
845 1508 883 1585 γῆ

85 1593 154 1669 αὕτη
169 1594 231 1652 ἐστὶ
243 1593 366 1673 μέγαθος
378 1592 511 1667 τοσαύτη.

127 1685 164 1740 Οἱ
180 1682 210 1740 δὲ
227 1682 331 1745 Σκύθαι
348 1679 440 1742 δόντες
454 1681 541 1754 σφίσι
554 1679 642 1760 λόγον
655 1679 691 1742 ώς
704 1680 753 1739 οῦκ
766 1679 822 1739 οἶοί
832 1681 865 1739 τέ
874 1682 930 1738 102

86 1771 142 1826 εἰσι
152 1768 203 1830 τόν
211 1769 330 1845 Δαρείου
340 1766 463 1843 στρατόν
472 1768 604 1845 ἰθυμαχίῃ
613 1768 769 1827 διώσασθαι
777 1772 884 1844 μοῦνοι,

87 1856 210 1931 ἔπεμπον
222 1861 248 1918 ἐς
260 1849 324 1917 τοῦς
339 1855 553 1933 πλησιοχώρους
565 1855 711 1935 ἀγγέλους
729 1860 783 1914 τῶν
813 1858 825 1913 ὲ
839 1856 885 1914 καὶ

86 1935 120 2011 δὴ
132 1939 159 1994 οἱ
168 1938 309 2012 βασιλῆες
319 1935 502 1998 συνελθόντες
513 1934 704 2012 ἐβουλεύοντο,
716 1936 750 1998 ὥς
760 1941 883 2012 στρατοῦ

86 2023 286 2086 ἐπελαύνοντος
298 2024 433 2105 μεγάλου·
447 2025 521 2099 ῆσαν
532 2023 561 2082 δὲ
572 2027 598 2082 οἱ
609 2023 790 2086 συνελθόντες
798 2025 884 2099 βασι-

85 2116 162 2186 λῆες,
188 2112 309 2189 Ταύρων,
331 2139 366 2170 κα
411 2112 592 2191 Αγαθύρσων,
618 2114 663 2170 καὶ
690 2117 812 2188 Νευρῶν,
838 2113 883 2170 καὶ

85 2198 292 2280 Ἀνδροφάγων,
311 2201 356 2259 καὶ
372 2200 604 2280 Μελαγχλαίνων,
620 2200 665 2257 καὶ
683 2203 822 2270 Γελωνῶν,
839 2200 884 2258 καὶ

86 2288 234 2358 Βουδίνων,
251 2290 296 2346 καὶ
317 2289 526 2364 Σαυροματέων.
561 2287 671 2347 Τούτων
690 2292 793 2364 Ταῦροι
812 2289 932 2362 μὲν103

85 2375 200 2452 νόμοισι
212 2377 344 2435 τοιοισίδε
357 2377 501 2454 χρέωνται·
523 2374 622 2435 θύουσι
634 2378 686 2451 μὲν
698 2379 733 2452 τῆ
747 2375 882 2452 Παρθένῳ

85 2464 150 2527 τούς
170 2490 201 2523 τε
227 2465 360 2545 ναυηγοῦς
385 2465 430 2521 καὶ
454 2462 519 2525 τοῦς
542 2461 575 2522 ἂν
601 2462 716 2538 λάβωσι
741 2461 885 2536 Ἑλλήνων

86 2553 300 2630 ἐπαναχθέντος,
314 2551 408 2629 τρόπῳ
421 2550 525 2627 τοιῷδε·
548 2550 754 2625 καταρξάμενοι,
770 2549 886 2627 ῥοπάλῳ
926 2569 931 2619 ζ

85 2639 203 2698 παίουσι
224 2638 276 2715 τὴν
300 2637 437 2714 κεφαλήν·
468 2641 494 2696 οἷ
517 2640 568 2714 μὲν
592 2637 624 2711 δὴ
649 2638 774 2717 λέγουσι,
798 2636 832 2700 (ῦς
853 2638 886 2696 τό

85 2731 170 2802 σῶμα
181 2727 236 2787 άπό
250 2731 300 2786 τοῦ
314 2729 436 2802 κρημνοῦ
448 2725 567 2784 ώθέουσι
581 2724 660 2794 κάτω,
670 2725 726 2802 (ἐπὶ
736 2724 790 2804 γάρ
802 2749 887 2800 κρημ-

86 2819 135 2874 νοῦ
150 2815 255 2891 ἵδρυται
267 2815 300 2874 τό
316 2814 396 2892 ἱρόν)
412 2813 463 2888 τῆν
477 2814 506 2871 δὲ
522 2812 649 2888 κεφαλὴν
668 2811 886 2888 ἀνασταυροῦσι·

87 2907 115 2962 οἱ
132 2902 162 2962 δὲ
178 2904 249 2963 κατά
266 2906 317 2979 μὲν
330 2903 381 2977 τῆν
395 2901 523 2976 κεφαλὴν
537 2900 732 2980 ὁμολογέουσι,
746 2899 779 2958 τό
792 2900 889 2975 μέντοι

86 2994 171 3066 σῶμα
184 2989 233 3051 οῦκ
248 2991 383 3049 ὠθέεσθαι
397 2989 453 3048 άπό
467 2992 516 3048 τοῦ
530 2991 652 3064 κρημνοῦ
670 2988 795 3068 λέγουσι,
810 2985 888 3045 οἷλλά

85 3083 125 3158 γῆ
140 3079 319 3156 κρύπτεσθαι.
360 3077 411 3152 τῆν
426 3077 455 3134 δὲ
469 3077 586 3151 δαίμονα
599 3075 710 3149 ταύτην,
724 3101 760 3153 τη
779 3074 886 3144 θύουσι,

87 3169 206 3247 λέγουσι
220 3166 298 3225 αὐτοὶ
311 3169 414 3241 Ταῦροι
428 3163 596 3245 Ἰφιγένειαν
611 3163 664 3238 τῆν
680 3162 902 3242 mmmm

83 3255 162 3317 εἶναι.
205 3254 362 3333 πολεμίους
382 3254 414 3316 δὲ
435 3253 551 3334 ἄνδρας,
563 3251 634 3317 τοῦς
646 3249 690 3311 ’ἂν
709 3248 934 3329 χὶνυύὶῦψθῆ
