2040 3464
91 104 231 168 ιτα-ιιι]
405 109 567 160 υιυυνιιιι.
839 112 888 159 ιιι

89 179 235 258 ἠσκημένη
248 183 383 245 στύλοισί
393 211 425 244 τε
443 186 570 262 φοίνικας
585 187 620 246 τοὶ
641 188 751 264 δένδρεα
770 213 890 264 μεμιμη-

89 270 199 342 μένοισι
212 271 258 329 καὶ
270 275 307 348 τῇ
319 270 395 350 ἄλλῃ
410 273 527 350 δαπάνῃ.
563 276 618 333 ἔσω
632 276 661 334 δὲ
675 281 704 335 ἐν
715 281 752 354 τῇ
765 276 889 336 παστάδι

89 356 151 425 διξὰ
161 357 309 435 θυρώματα
323 363 433 436 ἔστηκε·
454 365 483 419 ἐν
496 361 526 420 δέ
539 366 616 422 τοῖσι
627 362 772 439 θυρώμασι
785 363 803 439 ή
818 363 890 440 θήκη

89 449 161 508 ἐστί.
188 451 255 509 Εἰσὶ
267 449 298 507 δὲ
313 450 359 508 καὶ
372 453 401 508 αἱ
414 453 503 525 ταφαὶ
516 456 567 510 τοῦ
581 449 631 510 ούκ
645 449 726 510 ὅσιον
739 454 871 527 ποιεῦμαι
880 454 938 514 170

88 538 135 596 ἐπὶ
150 536 265 616 τοιούτῳ
281 536 426 617 πρήγματι
442 538 614 618 ἐξαγορεύειν
634 537 757 616 τοῦνομα
777 543 807 597 ἐν
828 537 890 610 Σάῖ,

89 629 118 683 ἐν
135 628 173 702 τῷ
192 627 240 702 ἱρῷ
258 630 310 701 τῆς
325 624 481 700 Ἀθηναίης,
499 625 601 686 ὄπισθε
618 631 670 685 τοῦ
690 632 766 702 νηοῦ,
786 626 891 692 παντός

87 716 138 770 τοῦ
150 716 201 786 τῆς
213 710 361 787 Ἀθηναίης
374 711 504 790 ἐχόμεναι
516 714 623 792 τοίχου·
637 713 684 772 καὶ
695 718 723 773 ἐν
732 718 771 792 τῷ
783 713 890 790 τεμένεϊ

88 797 189 874 ὀβελοὶ
223 803 326 858 ἑστᾶσι
351 799 473 879 μεγάλοι
503 800 615 860 λίθινοι·
657 802 743 877 λίμνη
769 802 802 861 τέ
828 806 890 862 ἐστι

89 886 215 963 ἐχομένη,
230 887 324 965 λιθίνη
335 887 448 964 κρηπῖδι
461 889 655 964 κεκοσμημένη
670 888 716 947 καὶ
730 889 889 968 ἐργασμένη

89 972 119 1031 εὖ
132 973 231 1054 κύκλῳ,
246 974 292 1033 καὶ
305 975 436 1054 μέγαθος,
451 974 486 1038 ώς
500 977 562 1052 ἐμοὶ
578 975 677 1045 ἐδόκεε,
692 975 747 1052 ὅση
760 1002 813 1052 περ
826 975 845 1052 ή
859 981 888 1036 ἐν

89 1059 175 1141 Δήλῳ
192 1062 212 1138 ή
229 1061 392 1141 τροχοειδής
411 1063 576 1139 καλεομένη.
617 1062 666 1123 Ἐν
684 1063 715 1122 δέ
734 1065 868 1142 τῇλίμνη
879 1065 933 1124 171

88 1148 174 1228 ταύτῃ
187 1149 223 1208 τά
235 1150 351 1224 δείκηλα
363 1155 418 1210 τών
429 1151 540 1210 παθέων
557 1148 641 1210 αύτοΰ
655 1149 752 1213 νυκτδς
765 1156 886 1222 ποιεῦσι,

88 1235 124 1294 τά
150 1238 284 1296 καλέουσι
309 1236 452 1314 μυστήρια
478 1237 636 1318 Αἰγύπτιοι.
677 1237 742 1315 περὶ
765 1239 817 1314 μέν
840 1264 888 1298 νυν

87 1323 191 1384 τούτων
210 1324 293 1385 εἰδότι
306 1350 356 1400 μοι
374 1326 420 1383 ἐπὶ
435 1326 523 1384 πλέον
543 1325 579 1388 ὦς
593 1326 699 1385 ἕκαστα
715 1324 805 1384 αύτῶν
821 1326 887 1404 ἔχει,

89 1409 213 1488 εὔστομα
234 1413 345 1472 κείσθω·
376 1414 492 1486 καὶτῆς
512 1410 662 1489 Δήμητρος
681 1415 796 1487 τελετῆς
814 1414 887 1490 πέρι,

87 1497 139 1574 τήν
159 1504 186 1558 οἱ
200 1499 340 1575 Ἕλληνες
360 1499 539 1577 θεσμοφόρια
560 1499 702 1568 καλέουσι,
720 1499 766 1557 καὶ
785 1500 888 1575 ταύτης

88 1587 172 1646 εἰδότι
191 1612 241 1664 μοι
258 1588 322 1664 πέρι
338 1585 463 1663 εύστομα
483 1587 594 1646 κείσθω·
616 1586 693 1662 πλήν
713 1585 783 1646 ὅσον
803 1586 887 1662 αὐτῆς

88 1674 154 1751 ὁσίη
169 1676 231 1735 ἐστὶ
246 1676 347 1756 λέγειν,
365 1677 394 1734 az
408 1680 521 1734 Δαναοῦ
538 1676 686 1756 θυγατέρες
702 1675 777 1750 ἦσαν
792 1677 822 1734 αἱ
836 1677 888 1751 τήν

87 1761 204 1838 τελετήν
216 1761 320 1838 ταύτην
336 1762 367 1831 ἐξ
380 1761 523 1843 Αἰγύπτου
539 1763 738 1843 ἐξαγαγοῦσαι,
754 1762 800 1820 καὶ
813 1761 886 1821 διδά-

88 1851 174 1918 ξασαι
186 1851 236 1913 τοὶς
249 1850 482 1930 Πελασγιώτιδας
494 1854 634 1930 γυναῖκας·
655 1851 727 1925 μετοὶ
740 1850 778 1920 δέ,
793 1850 886 1919 ἐξανα-

88 1938 198 2014 στάσης
210 1937 304 2013 πάσης
324 1936 545 2012 Πελοποννήσου
564 1937 619 1996 ύπδ
634 1939 767 2014 Δωριέων,
784 1937 887 2006 ἐξαπώ-

87 2028 154 2084 λετο
166 2026 186 2102 ή
198 2025 307 2100 τελετή·
329 2027 355 2082 οἱ
372 2024 401 2083 δέ
416 2024 632 2099 ὑπολειφθέντες
649 2027 887 2101 Πελοποννησίων

88 2114 134 2171 καὶ
161 2112 210 2172 οὐκ
245 2112 444 2182 ἐξαναστάντες
471 2111 602 2188 Ἀρκάδες
636 2113 766 2184 διέσωζον
800 2112 886 2190 αὐτήν

86 2204 194 2275 μοῦνοι.

127 2286 246 2365 Ἀπρίεω
272 2287 303 2347 δέ
329 2285 380 2346 ὧδε
415 2289 657 2364 καταραιρημένου,
693 2289 933 2364 ἐβασίλευσε172

86 2373 215 2450 Ἀμασις,
225 2378 312 2451 νομοῦ
325 2376 376 2450 μὲν
391 2375 495 2438 Σαΐτεω
510 2376 569 2434 ἐών·
584 2381 613 2434 ἐκ
623 2380 674 2451 τῆς
687 2376 716 2434 δὲ
729 2376 764 2451 ἦν
777 2376 884 2446 πόλιος,

88 2460 193 2538 οὔνομά
207 2465 233 2521 οἶ
246 2463 308 2522 ἐστὶ
322 2462 422 2537 Σιούφ.
462 2462 498 2521 τά
510 2465 561 2539 μὲν
576 2463 609 2537 δή
623 2467 719 2539 πρῶτα
737 2463 885 2522 κατόνοντο

85 2549 270 2626 πύκ”Αμασιν
280 2549 436 2629 Αἰγύπτιοι,
448 2551 494 2607 καὶ
508 2556 536 2609 ἐν
550 2549 662 2627 οὐδεμιῇ
675 2551 760 2628 μοίρῃ
773 2549 885 2629 μεγάλῃ

86 2636 164 2717 ἦγον,
179 2637 227 2696 ἅτε
245 2637 279 2713 δή
299 2637 422 2712 δημότην
437 2636 470 2696 τδ
486 2639 553 2715 πρὶν
567 2637 648 2697 ἐόντα
668 2639 713 2695 καὶ
733 2638 819 2711 οἰκίης
836 2636 885 2694 ούκ

87 2727 245 2800 ἐπιφανέος.
275 2723 347 2800 μετά
367 2724 404 2793 δέ,
427 2726 518 2803 σοφίῃ
539 2723 637 2786 αὐτούς
658 2723 815 2798 ὁἋμασις
834 2722 884 2781 οὐκ

86 2813 270 2894 ἀγνωμοσύνη
292 2812 497 2892 προσηγάγετο.
533 2811 568 2888 ἦν
589 2815 616 2871 οἱ
636 2812 714 2871 ἅλλα
738 2835 770 2869 τε
793 2805 885 2891 άγαθά

85 2902 178 2977 μυρία,
192 2905 218 2960 ἐν
233 2901 264 2960 δὲ
278 2900 323 2958 καὶ
339 2899 512 2976 ποδανιπτὴρ
532 2899 653 2978 χρύσεος
666 2904 694 2958 ἐν
707 2903 745 2978 τῷ
759 2897 841 2960 αύτός
852 2923 884 2957 τε

86 2987 243 3065 ύἋμασις
259 2987 305 3046 καὶ
325 2991 351 3046 οἱ
371 2986 531 3063 δαιτυμόνες
549 2990 576 3046 οἱ
592 2986 693 3049 πάντες
709 2985 776 3049 τούς
796 2984 885 3049 πίδας

35 3136 37 3140 ,
86 3076 219 3136 ἑκάστοτε
232 3076 431 3146 ἐναπενιζέατο·
451 3078 551 3160 τοῦτον
564 3074 622 3134 κατ’
637 3074 673 3134 ὧν
687 3073 787 3151 κύψας,
797 3071 889 3151 ἄχολ-

84 3189 126 3235 μα
152 3162 282 3240 δαίμονος
305 3161 338 3232 ἐξ
359 3161 444 3223 αύτοΰ
471 3162 632 3240 ἐποιήσατο
659 3163 708 3222 καὶ
727 3162 839 3236 ἵδρυσε
858 3158 920 3223 ’(ῗιῒ

78 3249 176 3371 πάλιηῳ
202 3248 272 3310 ὅκου
298 3249 334 3327 ἦν
364 3253 611 3328 ἐπιτηδεώτατον·
649 3254 683 3312 οἱ
707 3252 746 3311 δὶ
777 3241 946 3322 ΜΠΉΜ
