2018 3466
113 115 161 164 ιιι
421 117 605 167 ἀνοιουοτ
863 113 913 183 [ιι

113 193 144 253 δέ
174 198 202 258 ἐς
226 192 292 258 τοός
322 195 432 270 Λίβυας
461 195 610 274 οἰχομένην
634 193 769 256 πελειάδα
797 193 915 278 λέγουσι

108 280 258 358 Ἀμμωνος
270 281 444 360 χρηστήριον
454 286 586 342 κελεῦσαι
594 281 660 346 τους
666 284 777 360 Λίβυας
786 281 914 344 ποιέειν·”

117 371 178 430 ἐστι
200 369 231 429 δὲ
252 371 298 428 καὶ
317 373 399 428 τοῦτο
419 370 495 433 Διός.
537 370 707 431 Δωδωναίων
726 370 757 430 δέ
779 374 810 431 αἱ
830 370 912 448 ἐρήῖαι

117 459 184 538 (τῶν
204 461 240 535 τῇ
261 457 446 536 πρεσβυτάτῃ
468 455 574 532 οὕνομα
594 457 818 535 ἦν’Προμένεια,
832 463 869 536 τῇ
885 458 915 518 δὲ

115 545 186 621 μετά
205 545 308 620 ταύτην
328 546 477 621 Τιμαρέτη,
496 549 533 622 τῇ
553 545 584 604 δὲ
606 545 728 625 νεωτάτῃ
751 545 916 624 Νικάνδρη)

116 635 214 712 ἔλεγον
233 637 329 692 ταῦτα·
353 632 569 712 συνωμολόγεον
589 633 621 692 δέ
639 639 696 708 σφι
716 634 763 692 καὶ
783 637 811 692 οἱ
830 632 916 693 ἄλλοι

69 723 106 782 ⁶6
120 722 277 780 Δωδωναῖοι
291 724 317 779 οἱ
331 720 394 797 περὶ
406 719 439 779 τό
451 720 520 797 ἱρόν.
548 719 623 801 Ἐγιδ
635 719 659 780 δ’
669 723 723 800 ἐχω
735 721 801 797 περὶ
814 720 916 782 αὐτέων

116 808 228 889 γνόμην
241 808 332 883 τήνδε·
354 812 378 866 εἰ
394 805 517 883 ἀληθέως
531 811 558 867 οἱ
574 809 698 871 Φοίνικες
716 809 856 889 ἐξήγαγον
867 808 915 872 τάς

118 894 177 972 ἱρός
189 900 328 973 γυναῖκας,
343 895 388 953 καὶ
400 895 452 970 τήν
468 898 521 972 μέν
538 894 642 956 αὐτέων
655 901 682 959 ἐς
696 896 810 972 Λιβύην
822 895 875 972 τήν
886 896 916 957 δέ

117 989 144 1045 ἐς
163 984 215 1058 τήν
233 983 359 1041 Ἑλλάδα
377 981 520 1053 οἷπέδοντο,
535 983 624 1042 δοκέει
641 983 704 1060 ἐμοὶ
719 984 738 1059 ή
754 983 825 1064 γυνή
846 983 916 1060 αὕτη

116 1075 167 1145 τῆς
176 1075 223 1130 νῦν
232 1071 370 1134 Ἑλλάδος
383 1070 519 1148 πρότερον
532 1070 562 1129 δέ
571 1071 737 1152 Πελασγίης
748 1072 916 1149 καλευμένης

117 1164 167 1236 τῆς
182 1159 266 1234 αὐτῆς
283 1158 383 1234 ταύτης
403 1160 543 1234 πρηθῆναι
562 1164 590 1222 ές
608 1157 802 1236 Θεσπρωτοιλς,
823 1161 918 1219 ἔπειτα

120 1247 291 1307 δουλεύουσα
307 1245 404 1306 αὐτόθι
421 1247 590 1322 ἱδρύσασθαι
608 1246 663 1306 ὖπδ
682 1251 764 1328 φηγῷ
776 1247 917 1325 πεφυκυίῃ

119 1336 187 1398 Διός
206 1335 273 1413 ἱρόν·
296 1334 389 1410 ὥσπερ
408 1333 443 1408 ἦν
461 1335 535 1397 οἰκός
553 1334 806 1411 ἀμφιπολεύουσαν
819 1340 849 1395 ἐν
862 1334 917 1410 Θή-

118 1425 192 1502 βῃσι
206 1423 264 1500 ἱρόν
279 1422 355 1492 Διός,
370 1423 436 1480 ἔνθα
449 1421 564 1480 ἀπίκετο
578 1423 695 1482 ἐνθαῦτα
707 1421 820 1500 μνήμην
832 1421 918 1482 αὐτοῦ

120 1513 200 1590 ἐχειν·
229 1517 258 1570 ἐκ
280 1511 309 1569 δὲ
328 1511 434 1579 τούτου,
455 1509 629 1587 χρηστήριον
649 1509 837 1591 κατηγήσατο,
858 1509 919 1569 ἐπεί

118 1625 150 1658 τε
171 1601 314 1674 συνέλαβε
334 1599 385 1672 τήν
405 1597 533 1655 Ἑλλάδα
553 1602 701 1676 γλῶσσαν·
731 1597 820 1672 φάναι
839 1596 872 1656 δέ
891 1600 918 1657 οἶ

120 1686 260 1763 ἀδελφεήν
280 1693 308 1745 ἐν
320 1685 416 1763 Λιβύῃ
429 1686 592 1760 πεπρῆσθαι
609 1684 664 1744 ὑπό
681 1689 738 1745 τῶν
751 1683 841 1745 αὐτῶν
854 1693 917 1744 Φοι·

74 1776 208 1843 57νίκων,
221 1775 266 1833 ὑπ’
286 1772 323 1833 ὧν
341 1776 386 1831 καὶ
405 1772 473 1847 αὐτή
495 1773 612 1848 ἐπρήθη.
653 1772 804 1836 Πελειάδες
821 1772 853 1832 δέ
868 1798 918 1850 μοι

120 1862 249 1921 δοκέουσι
272 1863 409 1936 κληθῆναι
431 1861 502 1936 πρὸς
528 1860 696 1920 Δωδωναίων
719 1861 765 1919 ἐπὶ
787 1860 868 1920 τοῦδε
889 1863 918 1919 αἱ

119 1953 253 2029 γυναῖκες,
280 1949 350 2008 διότι
376 1948 521 2025 βάρβαροι
546 1947 629 2024 ἦσαν·
668 1947 778 2008 ἐδόκεον
805 1948 837 2007 δέ
862 1955 919 2023 σφι

121 2037 221 2112 ὁμοίως
231 2037 322 2114 όρνισι
331 2038 516 2118 φθέγγεσθαυ
531 2036 602 2113 μετὰ
612 2037 641 2096 δέ
653 2034 755 2116 χρόνον
764 2034 817 2112 τήν
826 2041 917 2096 πελει·

121 2125 175 2183 άδα
190 2123 349 2203 ἀνθρωπηίῃ
369 2129 447 2202 φωνῇ
463 2125 645 2194 αὐδάξασθαι,
659 2123 801 2207 [λέγουσι]
816 2125 879 2184 ἐπεί
888 2149 919 2185 τε

121 2212 223 2272 συνετοί
236 2219 292 2287 σφι
305 2214 374 2287 ηὔδα
387 2213 405 2287 ή
418 2212 498 2291 γυνή·
520 2215 568 2276 ἕως
578 2213 607 2272 δέ
618 2210 798 2290 ἐβαρβάριζε,
810 2211 920 2288 ὄρνιθας

120 2300 225 2378 τρόπον
240 2301 330 2360 ἐδόκεέ
343 2309 399 2375 σφι
413 2301 598 2382 φθέγγεσθαι.
641 2301 700 2359 ἐπεὶ
712 2300 764 2378 τέῳ
778 2299 872 2378 τρόπῳ1
886 2298 920 2360 όν

120 2388 232 2452 πελειάς
243 2415 276 2470 γε
290 2388 448 2466 ἀνθρωπηίῃ
459 2393 538 2467 φωνῇ
552 2388 705 2469 φθέγξαιτο
715 2413 723 2457 ;
744 2388 881 2463 μέλαιναν
891 2388 921 2447 δὲ

121 2478 250 2559 λέγοντες
259 2478 326 2537 εἶναι
336 2475 388 2552 τήν
395 2477 537 2545 πελειάδα,
549 2478 718 2553 σημαίνουσι
729 2475 771 2535 ὅτι
780 2476 920 2556 Αἰγυπτίη

122 2565 140 2640 ἦ
153 2567 223 2647 γυνή
236 2566 280 2643 ήν.
321 2565 340 2641 ή
355 2566 384 2623 δὲ
396 2565 516 2640 μαντηίη
534 2563 552 2638 ή
568 2590 599 2623 τε
618 2569 647 2623 ἐν
660 2564 777 2641 Θήβῃσι
789 2567 860 2640 τῇσι
872 2567 921 2623 Αἰ·

122 2656 255 2733 γυπτίῃσι
282 2655 328 2712 καὶ
354 2658 383 2712 ἐν
402 2652 521 2731 Δωδώνῃ
548 2650 746 2729 παραπλήσιαι
772 2649 921 2730 ἀλλήλῃσι

120 2744 291 2821 τυγχάνουσι
307 2745 411 2799 ἐοῦσαι·
434 2742 494 2798 ἔστι
511 2741 540 2798 δὲ
557 2742 602 2798 καὶ
617 2743 672 2799 τῶν
686 2737 783 2817 ἱρῶνῆ
800 2737 935 2815 μαντική·

122 2827 169 2887 ἀπ’
183 2828 325 2909 Αἶγόπτου
339 2827 486 2908 α’πιγμένη.

75 2917 114 2976 58
163 2915 323 2994 Πανηγόρις
343 2915 372 2974 δὲ
392 2914 447 2991 άρα
468 2915 512 2975 καὶ
532 2914 647 2992 πομπάς
667 2915 713 2974 καὶ
732 2912 921 2996 προσαγωγὰς

120 3006 226 3078 πρῶτοι
252 3001 403 3078 ἀνθρώπων
426 3001 577 3083 Αἰγύπτιοί
596 3008 652 3062 εἶσι
674 3006 701 3062 οἱ
724 3001 920 3079 ποιησάμενοι·

122 3091 167 3148 καὶ
180 3089 256 3168 παρὰ
272 3089 375 3150 τούτων
386 3089 525 3166 Ἕλληνες
540 3089 731 3166 μεμαθήκασι.
771 3089 922 3166 τεκμήριον

118 3176 153 3239 δέ
157 3203 211 3256 μοι
224 3178 325 3240 τούτου
338 3178 412 3241 τόδε·
435 3181 464 3240 αἱ
478 3179 530 3258 μὶν
542 3176 600 3260 γὰρ
611 3177 761 3253 φαίνονται
771 3182 803 3233 ἐκ
813 3181 926 3234 πολλοὶ

102 3293 153 3330 τεν
174 3269 290 3354 χρόνου
317 3271 497 3352 ποιείμεναι,
527 3270 559 3328 αἱ
586 3266 620 3326 δῖ
638 3260 816 3332 Ὲδδηνῑκ(ιλ
841 3259 947 3314 V‘ffiffi
