2040 3464
145 109 192 157 ιιι
452 109 637 159 ἮΡοΔουοι·
880 105 944 171 [ιν

139 187 226 250 εἶναι·
246 187 437 264 αἰτιησάμενοι
453 189 484 248 δὲ
500 193 607 257 τοῦτον,
621 187 712 247 ἄλλον
730 186 941 264 ἀποπέμπουσι·

147 276 322 336 ἐντέλλονται
336 275 366 334 δὲ
378 276 419 336 ἔτι
431 276 521 346 ζῶντι.
549 272 626 334 οὗτοι
639 278 666 333 οἱ
678 272 757 333 αὐτοὶ
765 275 883 351 Θρήϊκες
895 300 942 338 και

145 362 216 439 πρός
227 361 351 439 βροντήν
363 388 394 422 τε
407 363 454 421 καὶ
471 361 619 439 άστρατιήν
632 361 788 430 τοξεύοντες
805 360 860 421 ἅνω
872 363 942 440 πρός

146 450 196 511 τόν
211 448 335 526 ούρανδν,
357 448 504 510 άπειλεῦσι
522 453 561 528 τῷ
582 452 642 528 θεῷ,
657 449 754 508 οὐδένα
771 448 862 509 ἄλλον
878 445 943 510 θεδν

100 537 302 614 95νομίζοντες
321 537 391 596 εἶναι
411 541 436 597 εἰ
453 537 494 615 μή
513 536 564 597 τόν
583 537 731 614 σφέτερον.
771 535 821 601 Ὡς
838 537 869 596 δὲ
888 537 942 617 ἐγὼ

147 623 320 702 πυνθάνομαι
338 630 393 685 τῶν
412 624 463 685 τόν
478 623 695 700 Ἑλλήσποντον
715 623 858 684 οἰκεόντων
876 623 941 684 Ἑλ·

147 712 238 787 λήνων
263 714 310 771 καὶ
339 712 457 783 Πόντον,
484 712 533 773 τόν
567 711 708 788 Ζάλμοξιν
733 711 843 771 τοῦτον
860 710 943 773 ἐόντα

147 799 291 876 ἄνθρωπον
303 799 453 860 δουλεῦσαι
470 804 499 859 έν
518 798 613 879 Σάμῳ·
634 799 786 859 δουλεῦσαι
798 799 829 858 δὲ
846 800 942 860 Πυθα-

146 887 217 970 γάρῃ
231 892 269 967 τῷ
286 887 471 967 Μνησάρχου·
493 889 618 948 ἐνθεῦτεν
637 887 667 946 δὲ
682 884 775 956 αύτδν,
791 887 942 968 γενόμενον

149 977 301 1053 ἐλεύθερον,
318 975 451 1054 χρήματα
471 976 631 1051 κτήσασθαι
650 974 751 1053 συχνά,
766 976 942 1052 κτησάμενον

148 1063 178 1122 δὲ
195 1063 327 1124 άπελθεῖν
348 1069 375 1126 ἐς
395 1063 447 1139 τήν
469 1067 578 1123 ἑωυτοῦ·
612 1062 662 1122 άτε
687 1063 717 1121 δὲ
743 1064 886 1139 κακοβίων
911 1088 942 1124 τε

148 1150 246 1211 ε’άντων
270 1155 334 1211 ,τῶν
366 1151 491 1227 Θρηίκων
516 1152 566 1223 Ικαὶ
598 1149 859 1228 ύταφρονεστέρων,
892 1151 942 1212 τόν

149 1237 290 1316 Ζάλμοξιν
309 1242 408 1299 τοῦτον
422 1240 608 1315 ἐπιστάμενον
628 1237 734 1298 δίαιτάν
753 1263 785 1296 τε
797 1236 876 1297 Ἰάδα
897 1241 943 1298 καὶ

146 1326 217 1400 ἤθεα
243 1325 386 1403 βαθύτερα
406 1323 424 1400 ή
445 1326 516 1385 κατά
541 1325 671 1403 Θρήϊκας,
693 1325 739 1384 οἶα
760 1324 893 1401 Ἕλλησί
912 1353 943 1386 τε

103 1423 105 1427 ’
147 1413 324 1490 ὁμιλήσαντα
358 1415 403 1472 καὶ
435 1411 580 1488 Ἑλλήνων
613 1411 646 1472 ού
676 1417 716 1491 τῷ
747 1410 943 1494 ἀσθενεστάτῳ

149 1507 277 1580 σοφιστῇ
291 1500 452 1582 Πυθαγόρη,
470 1500 735 1560 κατασκευάσασθαι
753 1498 902 1577 ἀνδρεῶνα,
916 1508 943 1565 ἐς

146 1589 195 1649 τδν
221 1589 424 1649 πανδοκεύοντα
448 1592 503 1648 τῶν
532 1587 626 1648 οἷστῶν
650 1587 715 1650 τούς
743 1591 872 1663 πρῶτους
897 1591 942 1649 καὶ

147 1676 306 1754 εὐωχέοντα,
335 1674 526 1736 ἀναδιδάσκειν
560 1673 596 1739 ὦς
627 1675 690 1735 οὔτε
716 1672 800 1737 αύτδς
826 1675 891 1736 οὔτε
916 1680 943 1738 οἶ

147 1764 289 1839 συμπόται
315 1763 400 1823 αύτοῦ
420 1762 483 1822 ούτε
504 1766 531 1822 οἱ
551 1767 582 1822 ε’κ
601 1762 705 1823 τούτων
728 1763 782 1821 αἰεὶ
801 1763 942 1843 γινόμενοι

145 1849 354 1920 άποθανέονται,
368 1849 434 1910 άλλ’
451 1850 551 1926 ἥξουσι
570 1856 597 1934 ἔς
611 1856 703 1928 χῶρον
715 1854 816 1911 τοῦτον
830 1851 877 1910 ἶνα
890 1853 942 1912 αἰεὶ

145 1938 298 2014 περιεόντες
319 1939 413 2008 ἕξουσι
432 1939 468 1998 τά
488 1938 579 1998 πάντα
599 1930 700 2018 άγαθά·
722 1934 786 2015 ε’νῷ
805 1937 834 1997 δὲ
851 1941 942 2000 ε’ποίεε

147 2025 182 2084 τά
203 2028 409 2105 καταλεχθέντα
429 2027 475 2085 καὶ
495 2027 575 2107 ἔλεγε
594 2029 691 2095 ταῦτα,
709 2025 843 2104 ἐντούτῳ
860 2027 941 2087 κατά·

144 2139 224 2193 γαιον
240 2115 342 2190 οἴκημα
360 2115 492 2174 ἐποιέετο·
513 2113 550 2177 ὦς
569 2114 601 2174 δέ
619 2117 647 2173 οἱ
665 2114 823 2177 παντελέως
836 2113 941 2194 εἴχετό

146 2202 255 2277 οἴκημα,
274 2207 303 2260 ἐκ
321 2204 373 2278 μὲν
389 2206 445 2262 τῶν
463 2201 588 2277 Θρηίκων
601 2201 755 2277 ήφανίσθη,
770 2203 900 2278 καταβάς
913 2203 943 2263 δὲ

146 2288 218 2347 κάτω
233 2294 260 2352 ἐς
272 2289 305 2349 τό
319 2289 468 2370 κατάγαιον
482 2290 584 2365 οἴκημα
600 2289 722 2349 διαιτᾶτο
737 2287 778 2347 ἐπ’
793 2289 857 2348 ἔτεα
869 2295 942 2366 τρία·

148 2380 175 2436 οἱ
196 2377 227 2435 δέ
247 2403 296 2452 μιν
318 2377 434 2436 ἐπόθεόν
453 2402 486 2436 τε
511 2380 557 2435 καὶ
581 2378 710 2437 ἐπένθεον
736 2374 773 2439 ιύς
795 2377 942 2438 τεθνεῶτα·

145 2464 264 2543 τετάρτῳ
290 2465 320 2524 δὲ
349 2467 403 2524 ἔτεϊ
431 2463 520 2540 ἐφάνη
550 2468 628 2524 τοῖσι
657 2463 764 2541 Θρήῖξι·
799 2464 847 2522 καὶ
873 2465 944 2526 ούτω

146 2552 250 2611 πιθανά
270 2558 326 2626 σφι
346 2552 454 2632 ἐγένετο
473 2551 510 2611 τά
530 2551 608 2632 ἔλεγε
625 2550 641 2610 ά
663 2549 813 2627 Ζάλμοξις.
856 2553 944 2613 ταῦτά

100 2639 137 2698 96
147 2640 223 2713 φασί
232 2665 281 2715 μιν
293 2643 421 2715 ποιήσαι·
440 2637 514 2718 Ἐγώ
527 2638 557 2697 δὲ
569 2638 633 2715 περὶ
652 2641 704 2714 μὲν
719 2637 820 2697 τούτου
834 2639 944 2701 καὶτοῦ

148 2728 297 2806 καταγαίου
311 2725 458 2803 οἰκήματος
472 2725 535 2785 οὔτε
549 2725 672 2785 άπιστέω
689 2723 752 2785 ούτε
769 2723 806 2785 ὧν
818 2726 945 2786 πιστεύω

146 2838 174 2872 τι
196 2815 270 2889 λίην·
304 2814 388 2873 δοκέω
414 2813 444 2872 δὲ
466 2817 605 2873 πολλοῖσι
631 2813 707 2872 ἔτεσι
729 2810 868 2889 πρότερον
893 2814 944 2875 τόν

148 2900 287 2976 Ζάλμοξιν
318 2905 417 2960 τοῦτον
448 2901 580 2981 γενέσθαι
607 2899 788 2980 Πυθαγόρεω.
831 2902 887 2961 εἴτε
914 2902 944 2964 δδ

148 2987 255 3067 ἐγένετό
267 3013 309 3050 τις
322 2987 462 3063 Ζάλμοξις
480 2986 630 3064 ἅνθρωπος,
645 2986 692 3046 εἴτ’
707 2987 769 3045 ἐστὶ
783 2986 890 3065 δαίμων
902 3015 945 3053 τις

144 3074 250 3154 Γέτῃσι
276 3072 356 3138 οὗτος
383 3073 536 3153 ἐπιχάριος,
563 3075 691 3152 χαιρέτω.
733 3069 811 3134 οὗτοι
835 3077 889 3151 μὲν
910 3075 944 3152 δή

60 3172 89 3260 ι
132 3161 234 3246 τρόπῳ
268 3161 388 3246 τοιούτῳ
422 3161 584 3244 χρεόμενοι,
608 3161 644 3224 εἰς
668 3159 857 3238 ἐχειρώθησαν
888 3161 944 3224 ύτδ

120 3254 281 3332 Περσέων,
297 3255 422 3317 εἴπαντα
435 3257 475 3333 τῷ
488 3251 571 3332 άλλη
584 3251 708 3326 στρατω·
