2040 3464
354 369 708 443 ἩΡΟΔΟΤΟΥ

250 514 511 590 ἸΣΤΟΡΙΩΝ
548 522 806 591 ΔΕΥΤΕΡΗ.

479 693 579 721 -4-

430 819 619 874 ΕΥΤΕΡΠΗ.

123 903 138 964 l
190 905 415 983 Τελευτήσαντος
442 909 472 966 δὲ
496 909 592 986 Κύρου
616 909 765 986 παρέλαβε
789 904 841 982 τὴν
866 906 949 982 βασυ

149 993 233 1069 ληίην
249 994 419 1071 Καμβύσης,
434 995 529 1072 Κύρου
543 997 593 1056 ἐιδν
606 1001 671 1059 παῖς
685 999 730 1055 καὶ
745 993 949 1070 Κασσανδάνης

148 1085 199 1155 τῆς
223 1082 396 1158 Φαρνάσπεω
430 1082 573 1163 θυγατρός·
611 1088 662 1158 τῆς
687 1080 950 1160 προαποθανούσης,

149 1173 243 1244 Κῦρος
265 1168 347 1232 αύτός
367 1195 398 1228 τε
417 1170 492 1251 μέγα
509 1171 610 1233 πένθος
629 1170 782 1246 ἐποιήσατο
807 1168 852 1227 καὶ
874 1173 951 1226 τοῖσι

147 1254 266 1315 ἄλλοισι
285 1259 402 1333 προεῖπε
419 1262 493 1316 πᾶσι
508 1262 564 1317 τῶν
584 1258 654 1336 ἦρχε
675 1259 776 1320 πένθος
794 1257 949 1315 ποιέεσθαι·

147 1342 248 1418 ταύτης
259 1343 288 1402 δὲ
303 1348 355 1419 τῆς
372 1344 501 1424 γυναικός
516 1344 566 1404 ἐών
579 1350 645 1407 παῖς
659 1345 704 1402 καὶ
719 1345 813 1421 Κύρου
828 1342 950 1419 Καμβύ-

148 1456 209 1506 σης,
225 1429 322 1493 Ἴωνας
340 1433 391 1507 μὲν
408 1433 453 1489 καὶ
470 1433 590 1495 Αἰολέας
607 1432 643 1495 ὥς
660 1432 776 1494 δούλους
796 1431 951 1508 πατρωίους

148 1517 242 1580 ἐόντας
255 1518 368 1594 ἐνόμιζε,
385 1520 430 1576 ἐπὶ
448 1519 478 1578 δὲ
494 1520 638 1599 Αἴγυπτον
655 1522 777 1578 ἐποιέετο
791 1524 948 1595 στρατηλα-

147 1605 221 1680 σίην,
244 1604 350 1667 ἄλλους
370 1631 401 1664 τε
419 1607 595 1715 παραλαβων
616 1610 672 1667 τῶν
692 1607 764 1685 ἦρχε
784 1607 831 1664 καὶ
847 1606 881 1682 δή
903 1609 949 1666 καὶ

153 1690 339 1766 Ελλήνων
300 1718 356 1751 των
368 1693 522 1769 ἐπεκράτεε.

118 1781 138 1836 2
188 1783 225 1838 Οἱ
245 1780 274 1838 δὲ
292 1779 447 1860 Αἰγύπτιοι,
466 1783 532 1858 πρὶν
547 1785 599 1857 μὲν
618 1781 637 1857 ἢ
657 1783 836 1859 Ψαμμίτιχον
852 1785 949 1858 σφέων

146 1867 329 1944 βασιλεῦσαι,
340 1866 486 1944 ἐνόμιζον
475 1869 589 1931 εωυτούς
599 1869 723 1944 πρώτους
736 1871 868 1950 γενέσθαι
881 1876 948 1930 πάν-

146 1979 201 2013 των
216 1953 373 2030 α’νθρῶπων·
404 1956 496 2032 ἐπειδὴ
524 1957 554 2015 δὲ
574 1957 750 2036 Ψαμμίτιχος
770 1958 949 2032 βασιλεύσας

146 2039 271 2118 ἠθέλησε
295 2043 392 2102 εἰδέναι
413 2043 511 2107 οἵτινες
530 2045 658 2125 γενοίατο
677 2049 789 2121 πρῶτοι,
811 2045 867 2105 οἷπδ
885 2046 948 2106 τού·
984 2101 987 2106 .

146 2155 196 2189 του
216 2132 361 2207 νομίζουσι
381 2130 491 2212 Φρύγας
512 2132 663 2208 προτέρους
681 2132 814 2212 γενέσθαι
835 2137 948 2203 ἑωυτῶν,

145 2220 200 2276 τῶν
213 2218 242 2276 δὲ
255 2217 351 2278 ἄλλων
364 2218 485 2281 ἑωυτούς·
511 2221 688 2298 Ψαμμίτιχος
705 2221 761 2300 γάρ
774 2219 811 2283 οἷς
827 2220 876 2278 οὐκ
891 2221 947 2280 ε’δύ·

146 2329 213 2371 νατο
235 2305 441 2382 πυνθανόμενος
460 2306 548 2383 πόρον
570 2307 667 2367 οὐδένα
689 2306 789 2367 τούτου
815 2307 945 2384 ἀνευρεῖν,

145 2390 315 2472 οἳγενοίατο
335 2399 440 2469 πρῶτοι
461 2393 620 2472 α’νθριύπων,
639 2399 814 2473 ἐπιτεχνᾶται
830 2396 946 2455 τοιόνδε·

146 2480 243 2539 παιδία
256 2481 305 2540 δύο
321 2480 420 2562 νεογνά
437 2481 587 2559 άνθροίπων
602 2485 657 2541 τῶν
675 2482 859 2560 ἐπιτυχόντων
878 2484 947 2543 διδοῖ

145 2569 257 2644 ποιμένι
269 2571 382 2645 τρέφειν
399 2575 426 2631 ἐς
445 2568 481 2628 τά
499 2571 615 2645 ποίμνια
634 2569 743 2646 τροφήν
755 2596 818 2629 τινα
830 2570 946 2647 τοιήνδε,

146 2655 336 2732 ἐντειλάμενος
354 2657 460 2733 μηδένα
480 2656 574 2716 οἷντίον
590 2656 680 2716 αὐτῶν
694 2658 831 2733 μηδεμίαν
852 2658 947 2734 φωνήν

147 2743 216 2803 ἱέναι
236 2749 265 2802 ἐν
285 2745 373 2824 στέγη
395 2745 425 2802 δὲ
442 2743 532 2822 ἐρήμη
551 2744 593 2803 ἐπ’
611 2748 716 2803 ἑωυτῶν
737 2747 850 2804 κέεσθαι
868 2745 945 2815 αύτά,

139 2830 190 2886 καὶ
209 2829 264 2905 τήν
286 2830 360 2907 ὤρην
381 2833 534 2912 ἐπαγινέειν
555 2838 610 2906 σφι
632 2832 720 2912 αἶγας,
745 2832 896 2908 πλήσαντα
917 2834 946 2892 δὲ

125 2919 182 2972 τού
209 2917 360 3031 γάλακτος
395 2920 495 2981 τᾶλλα
528 2919 766 2998 διαπρήσσεσθαι·
813 2925 902 2978 τούτο
925 2919 945 2978 δ’

110 3003 219 3062 ἕποιεε
228 3032 261 3065 τε
275 3035 326 3069 και
319 3010 551 3074 ἐνετέλλετο
537 3039 554 3073 0
569 3015 766 3090 Ψαμμίτιχος,
780 3005 899 3066 θ’ῑλων
888 3010 966 3060 ΜΨ·
999 3059 1007 3071 .

96 3108 155 3142 σαι
177 3098 241 3153 τῶν
259 3101 405 3177 παιδίων,
422 3103 691 3232 ἀπαλλαχθέντων
707 3121 767 3159 των
789 3090 910 3164 ασήμων
930 3113 989 3143 κνυ-

92 3166 295 3251 ννθιῑίατοψ“Ἰ
270 3213 388 3265 ηιμ-ινα
408 3195 520 3275 φωνὴν
546 3183 832 3276 ῥήξουσιπρὼτην·
863 3175 960 3244 τέιπεγ)
971 3169 1010 3226 μιν
