2040 3464
399 454 633 522 LECTORI.

464 639 563 666 —o—

93 775 204 830 Paonm
230 773 333 827 iterum
364 771 524 824 Herodotus
547 771 623 838 quod
647 770 684 824 ad
707 774 816 824 tex-tum
842 771 942 828 attinet

93 866 223 919 editionis
239 845 387 932 superioris
403 862 500 914 faciem
516 861 596 929 plane
613 863 739 915 referens.
777 862 942 919 Paucissima

93 957 174 1022 enim,
193 973 223 1008 re
239 954 309 1008 bene
327 953 524 1024 perpensabis
543 953 668 1006 secundis
685 955 757 1006 curis
773 955 941 1012 immutanda

95 1050 231 1117 duximus,
252 1048 304 1102 nisi
325 1047 400 1116 quod
423 1047 562 1115 aliquanto
583 1048 671 1100 rarius
694 1049 942 1117 interpungendum

93 1142 255 1196 censuimus.
286 1140 391 1193 Verum
407 1140 554 1207 enimvero,
567 1140 787 1209 quandoquidem
804 1141 871 1194 hacc
886 1144 943 1196 edi-

29 1304 34 1312 ·
92 1237 132 1290 tio
144 1253 198 1290 non
212 1234 294 1288 modo
307 1232 432 1286 manibus
447 1233 586 1288 studiosae
598 1233 754 1301 juventutis
766 1235 881 1288 terenda
893 1243 942 1301 est,

94 1328 146 1383 sed
167 1330 251 1382 etiam
272 1327 367 1381 usibus
386 1327 526 1380 hominum
546 1326 732 1380 litteratorum
752 1343 867 1396 peregre
885 1345 944 1397 pro-

94 1420 274 1474 ficiscentium
286 1420 419 1473 inservire
429 1419 494 1485 vult,
503 1406 590 1488 pauca
599 1419 741 1487 quaedam,
752 1436 821 1487 quae
833 1420 860 1473 in
872 1421 944 1474 notis

93 1514 208 1568 editioni
220 1515 318 1583 majori
330 1513 462 1582 subjectis
471 1513 556 1566 fusius
566 1531 679 1567 excussa
692 1517 762 1580 sunt,
771 1513 815 1567 hic
823 1513 944 1570 breviter

92 1607 229 1661 monenda
241 1606 384 1673 videntum
402 1624 437 1660 ne
449 1607 475 1672 ii,
487 1606 586 1676 quibus
598 1606 713 1661 facultas
724 1607 808 1661 detur
820 1609 943 1676 regiones

91 1719 109 1756 a
124 1701 209 1756 Patre
223 1702 364 1755 Historiae
377 1702 529 1770 descriptas
540 1701 682 1768 lustrandi,
695 1702 774 1754 simul
787 1705 870 1770 atque
882 1718 944 1769 perf

92 1801 218 1866 spectum
246 1796 392 1850 habuerint
418 1796 553 1849 illustrem
577 1796 737 1863 scriptorem
761 1796 797 1849 ad
820 1813 942 1850 normam

91 1888 240 1942 hodiernae
260 1889 374 1942 Critices
396 1888 516 1941 revocari
534 1905 588 1941 non
608 1905 694 1956 posse,
715 1889 853 1956 extemplo
872 1905 942 1954 eum,

92 1987 223 2051 tanquam
233 1999 365 2050 nugacem
377 1981 537 2035 fabellarum
547 1982 758 2049 conquisitorem
767 1984 943 2034 contemnant

92 2075 286 2143 abjiciantque.
317 2073 432 2138 Quodsi
445 2075 506 2143 quis
518 2074 620 2138 iecerit,
633 2074 656 2126 is
668 2075 742 2128 nullo
754 2074 866 2142 quidem
877 2073 942 2141 jure

91 2167 194 2222 fecerit
232 2166 258 2220 N
260 2183 304 2220 am
319 2183 352 2220 en
364 2167 433 2220 vixit
448 2169 574 2234 tempore
588 2165 753 2232 Herodotus,
765 2166 793 2218 in
805 2183 859 2234 quo
873 2182 943 2219 com-

91 2261 193 2315 mercia
220 2260 332 2313 humani
362 2261 471 2328 generis
498 2276 580 2326 aegre
609 2259 767 2327 agebantur.
810 2258 942 2312 Periculis

91 2351 257 2405 omnimodis
274 2356 340 2404 tunc
359 2351 491 2419 temporis
512 2350 655 2405 scatebant
675 2353 749 2416 viae;
773 2368 823 2406 nec
844 2351 942 2420 singuli

92 2443 321 2513 peregrinatores,
338 2444 409 2496 sicut
424 2443 513 2511 hodie,
530 2443 579 2496 sed
595 2445 763 2512 catervatim,
776 2445 859 2498 certis
876 2448 942 2498 tern-

93 2539 207 2608 poribus
228 2539 265 2592 ad
285 2541 362 2592 certa
382 2539 441 2592 loca
458 2539 602 2592 convenire
623 2538 748 2591 solebant
768 2541 942 2603 mercatores,

92 2648 162 2700 quos
189 2649 251 2700 spes
280 2631 349 2684 lucri
376 2631 413 2684 ad
441 2631 603 2699 longinquas
630 2632 754 2697 regiones
780 2628 942 2681 adduxerat.

93 2724 257 2791 Quinetiam,
267 2740 338 2792 quae
350 2740 394 2777 res
406 2724 518 2777 maximi
531 2727 574 2778 est
586 2722 726 2788 momenti,
736 2721 790 2774 vim
802 2720 942 2774 hominum

91 2818 256 2871 incultorum
271 2822 301 2873 et
314 2819 350 2873 ad
365 2820 429 2873 lites
448 2818 634 2888 praedamque
652 2815 857 2886 propensiorum
874 2813 942 2867 nihil

91 2914 153 2965 erat
166 2911 240 2979 quod
252 2912 400 2979 cohiberet,
412 2913 465 2965 nisi
479 2911 576 2979 religio
590 2910 707 2963 numinis
720 2908 801 2976 quod
810 2907 956 2958 loeum'ux

92 3020 175 3072 quem
184 3008 346 3059 conventum
356 3007 418 3062 erat
426 3004 573 3061 custodire
579 3002 753 3074 putabatur.
773 2991 988 3048 missensem

87 3099 130 3149 est
142 3101 174 3152 ut
186 3097 347 3172 ubicunqne
358 3103 497 3173 gentium
510 3117 627 3171 magua
636 3095 851 3151 mercatorum
861 3068 1010 3130 edisseret

76 3187 246 3261 fffl‘lueflil'a,
263 3194 307 3252 ibi
331 3196 696 3306 clarescpr‘ept'degum
704 3176 850 3306 thbb
866 3161 1010 3219 eadm
