<?xml version="1.0" encoding="UTF-8"?>
<!DOCTYPE html PUBLIC "-//W3C//DTD XHTML 1.0 Transitional//EN"
    "http://www.w3.org/TR/xhtml1/DTD/xhtml1-transitional.dtd">
<html xmlns="http://www.w3.org/1999/xhtml" xml:lang="en" lang="en">
 <head>
  <title>
</title>
<meta http-equiv="Content-Type" content="text/html;charset=utf-8" />
  <meta name='ocr-system' content='tesseract 3.04.00' />
  <meta name='ocr-capabilities' content='ocr_page ocr_carea ocr_par ocr_line ocrx_word'/>
</head>
<body>
  <div class='ocr_page' id='page_1' title='image "./recensuitjoseph00herogoog_0375.png"; bbox 0 0 2040 3464; ppageno 0'>
   <div class='ocr_carea' id='block_1_1' title="bbox 54 112 1003 3266">
    <p class='ocr_par' dir='ltr' id='par_1_1' title="bbox 127 112 934 625">
     <span class='ocr_line' id='line_1_1' title="bbox 127 112 931 176; baseline -0.002 -12"><span class='ocrx_word' id='word_1_1' title='bbox 127 121 174 165; x_wconf 77' lang='grc' dir='ltr'>,ιιο</span> <span class='ocrx_word' id='word_1_2' title='bbox 432 119 614 164; x_wconf 74' lang='grc' dir='ltr'>Ἥνοιουου</span> <span class='ocrx_word' id='word_1_3' title='bbox 869 112 931 176; x_wconf 83' lang='lat' dir='ltr'><strong>[IV.</strong></span> 
     </span>
     <span class='ocr_line' id='line_1_2' title="bbox 132 193 932 270; baseline -0.006 -16"><span class='ocrx_word' id='word_1_4' title='bbox 132 198 177 255; x_wconf 89' lang='grc' dir='ltr'>καὶ</span> <span class='ocrx_word' id='word_1_5' title='bbox 192 198 349 265; x_wconf 81' lang='grc' dir='ltr'><em>Καύκωνας,</em></span> <span class='ocrx_word' id='word_1_6' title='bbox 364 196 478 257; x_wconf 75' lang='grc' dir='ltr'>τούτους</span> <span class='ocrx_word' id='word_1_7' title='bbox 493 195 514 252; x_wconf 86' lang='grc' dir='ltr'>δ’</span> <span class='ocrx_word' id='word_1_8' title='bbox 529 195 711 263; x_wconf 79' lang='grc' dir='ltr'>ἐξελάσαντες</span> <span class='ocrx_word' id='word_1_9' title='bbox 725 199 754 250; x_wconf 91' lang='grc' dir='ltr'>ἐκ</span> <span class='ocrx_word' id='word_1_10' title='bbox 768 197 818 267; x_wconf 78' lang='grc' dir='ltr'>τῆς</span> <span class='ocrx_word' id='word_1_11' title='bbox 832 193 932 270; x_wconf 82' lang='grc' dir='ltr'><strong>χώρης,</strong></span> 
     </span>
     <span class='ocr_line' id='line_1_3' title="bbox 133 282 934 360; baseline -0.004 -18"><span class='ocrx_word' id='word_1_12' title='bbox 133 288 225 358; x_wconf 82' lang='grc' dir='ltr'>σφέας</span> <span class='ocrx_word' id='word_1_13' title='bbox 239 285 338 346; x_wconf 81' lang='grc' dir='ltr'>αύτούς</span> <span class='ocrx_word' id='word_1_14' title='bbox 352 285 382 352; x_wconf 78' lang='grc' dir='ltr'>ἐξ</span> <span class='ocrx_word' id='word_1_15' title='bbox 394 286 493 360; x_wconf 81' lang='grc' dir='ltr'>μοίρας</span> <span class='ocrx_word' id='word_1_16' title='bbox 508 285 620 341; x_wconf 81' lang='grc' dir='ltr'>διεῖλον·</span> <span class='ocrx_word' id='word_1_17' title='bbox 643 282 688 338; x_wconf 78' lang='grc' dir='ltr'>καί</span> <span class='ocrx_word' id='word_1_18' title='bbox 710 283 803 339; x_wconf 81' lang='grc' dir='ltr'>ἔπειτα</span> <span class='ocrx_word' id='word_1_19' title='bbox 822 283 934 339; x_wconf 79' lang='grc' dir='ltr'>ἔκτισαν</span> 
     </span>
     <span class='ocr_line' id='line_1_4' title="bbox 129 369 933 447; baseline -0.004 -19"><span class='ocrx_word' id='word_1_20' title='bbox 129 373 230 434; x_wconf 92' lang='grc' dir='ltr'>πόλιας</span> <span class='ocrx_word' id='word_1_21' title='bbox 238 372 324 431; x_wconf 86' lang='grc' dir='ltr'>τάσδε</span> <span class='ocrx_word' id='word_1_22' title='bbox 339 378 368 430; x_wconf 87' lang='grc' dir='ltr'>ἐν</span> <span class='ocrx_word' id='word_1_23' title='bbox 379 372 498 440; x_wconf 78' lang='grc' dir='ltr'>αὐτοῖσι,</span> <span class='ocrx_word' id='word_1_24' title='bbox 508 373 642 447; x_wconf 84' lang='grc' dir='ltr'>Λέπρεον,</span> <span class='ocrx_word' id='word_1_25' title='bbox 654 369 810 437; x_wconf 84' lang='grc' dir='ltr'>Μάκιστον,</span> <span class='ocrx_word' id='word_1_26' title='bbox 824 369 933 444; x_wconf 82' lang='grc' dir='ltr'>Φρίξας,</span> 
     </span>
     <span class='ocr_line' id='line_1_5' title="bbox 133 457 934 538; baseline 0.002 -22"><span class='ocrx_word' id='word_1_27' title='bbox 133 461 255 538; x_wconf 82' lang='grc' dir='ltr'>Πύργον,</span> <span class='ocrx_word' id='word_1_28' title='bbox 270 460 380 529; x_wconf 86' lang='grc' dir='ltr'>Ἔπιον,</span> <span class='ocrx_word' id='word_1_29' title='bbox 397 461 527 518; x_wconf 78' lang='grc' dir='ltr'>Νούδιον·</span> <span class='ocrx_word' id='word_1_30' title='bbox 551 459 679 538; x_wconf 83' lang='grc' dir='ltr'>(τουτέων</span> <span class='ocrx_word' id='word_1_31' title='bbox 701 457 728 513; x_wconf 91' lang='grc' dir='ltr'>δὲ</span> <span class='ocrx_word' id='word_1_32' title='bbox 744 460 793 518; x_wconf 75' lang='grc' dir='ltr'>τοὶς</span> <span class='ocrx_word' id='word_1_33' title='bbox 814 461 934 518; x_wconf 80' lang='grc' dir='ltr'>πλεῦνας</span> 
     </span>
     <span class='ocr_line' id='line_1_6' title="bbox 131 545 934 625; baseline -0.001 -21"><span class='ocrx_word' id='word_1_34' title='bbox 131 546 173 604; x_wconf 84' lang='grc' dir='ltr'>ἐπ’</span> <span class='ocrx_word' id='word_1_35' title='bbox 195 549 258 622; x_wconf 86' lang='grc' dir='ltr'>ἐμέο</span> <span class='ocrx_word' id='word_1_36' title='bbox 280 548 391 605; x_wconf 84' lang='grc' dir='ltr'>Ἠλεῖοι</span> <span class='ocrx_word' id='word_1_37' title='bbox 413 548 597 625; x_wconf 75' lang='grc' dir='ltr'>ἐπόρθησαν)</span> <span class='ocrx_word' id='word_1_38' title='bbox 619 550 654 623; x_wconf 83' lang='grc' dir='ltr'>τῇ</span> <span class='ocrx_word' id='word_1_39' title='bbox 676 546 704 602; x_wconf 85' lang='grc' dir='ltr'>δὲ</span> <span class='ocrx_word' id='word_1_40' title='bbox 726 545 801 622; x_wconf 90' lang='grc' dir='ltr'>νήσῳ</span> <span class='ocrx_word' id='word_1_41' title='bbox 821 547 867 602; x_wconf 85' lang='grc' dir='ltr'>ἐπὶ</span> <span class='ocrx_word' id='word_1_42' title='bbox 885 548 934 603; x_wconf 83' lang='grc' dir='ltr'>τοῦ</span> 
     </span>
    </p>

    <p class='ocr_par' dir='ltr' id='par_1_2' title="bbox 83 632 1003 1592">
     <span class='ocr_line' id='line_1_7' title="bbox 83 632 934 714; baseline -0.004 -21"><span class='ocrx_word' id='word_1_43' title='bbox 83 636 139 693; x_wconf 75' lang='lat'>1¹19</span> <span class='ocrx_word' id='word_1_44' title='bbox 150 638 276 694; x_wconf 80' lang='grc' dir='ltr'>οἰκιστέω</span> <span class='ocrx_word' id='word_1_45' title='bbox 294 636 372 711; x_wconf 92' lang='grc' dir='ltr'>Θήρα</span> <span class='ocrx_word' id='word_1_46' title='bbox 389 636 407 711; x_wconf 85' lang='grc' dir='ltr'>ή</span> <span class='ocrx_word' id='word_1_47' title='bbox 426 637 563 710; x_wconf 79' lang='grc' dir='ltr'>ἐπωνυμίη</span> <span class='ocrx_word' id='word_1_48' title='bbox 578 635 695 714; x_wconf 87' lang='grc' dir='ltr'>ἐγένετο.</span> <span class='ocrx_word' id='word_1_49' title='bbox 732 633 764 689; x_wconf 76' lang='lat' dir='ltr'>‘O</span> <span class='ocrx_word' id='word_1_50' title='bbox 780 633 810 690; x_wconf 83' lang='grc' dir='ltr'>δὲ</span> <span class='ocrx_word' id='word_1_51' title='bbox 823 637 889 695; x_wconf 80' lang='grc' dir='ltr'>παῖς</span> <span class='ocrx_word' id='word_1_52' title='bbox 903 632 934 690; x_wconf 84' lang='grc' dir='ltr'>ού</span> 
     </span>
     <span class='ocr_line' id='line_1_8' title="bbox 129 719 932 803; baseline -0.004 -23"><span class='ocrx_word' id='word_1_53' title='bbox 129 723 184 803; x_wconf 84' lang='grc' dir='ltr'>γάρ</span> <span class='ocrx_word' id='word_1_54' title='bbox 193 725 247 798; x_wconf 78' lang='grc' dir='ltr'>ἔφη</span> <span class='ocrx_word' id='word_1_55' title='bbox 259 728 284 782; x_wconf 78' lang='grc' dir='ltr'>οἱ</span> <span class='ocrx_word' id='word_1_56' title='bbox 293 722 536 799; x_wconf 81' lang='grc' dir='ltr'>συμπλεύσεσθαι,</span> <span class='ocrx_word' id='word_1_57' title='bbox 547 727 684 800; x_wconf 80' lang='grc' dir='ltr'>τοιγαρῶν</span> <span class='ocrx_word' id='word_1_58' title='bbox 695 724 750 796; x_wconf 82' lang='grc' dir='ltr'>ἔφη</span> <span class='ocrx_word' id='word_1_59' title='bbox 759 719 844 779; x_wconf 73' lang='grc' dir='ltr'>αὐτόν</span> <span class='ocrx_word' id='word_1_60' title='bbox 853 747 932 779; x_wconf 93' lang='grc' dir='ltr'>κατα-</span> 
     </span>
     <span class='ocr_line' id='line_1_9' title="bbox 131 808 935 888; baseline -0.002 -21"><span class='ocrx_word' id='word_1_61' title='bbox 131 812 238 888; x_wconf 81' lang='grc' dir='ltr'>λείψειν</span> <span class='ocrx_word' id='word_1_62' title='bbox 253 812 294 869; x_wconf 82' lang='grc' dir='ltr'>όϊν</span> <span class='ocrx_word' id='word_1_63' title='bbox 308 817 336 869; x_wconf 90' lang='grc' dir='ltr'>ἐν</span> <span class='ocrx_word' id='word_1_64' title='bbox 350 811 472 870; x_wconf 86' lang='grc' dir='ltr'>λύκοισι·</span> <span class='ocrx_word' id='word_1_65' title='bbox 496 811 539 867; x_wconf 80' lang='grc' dir='ltr'>ἐπὶ</span> <span class='ocrx_word' id='word_1_66' title='bbox 554 814 604 867; x_wconf 78' lang='grc' dir='ltr'>τοῦ</span> <span class='ocrx_word' id='word_1_67' title='bbox 619 811 697 870; x_wconf 84' lang='grc' dir='ltr'>ἐπεος</span> <span class='ocrx_word' id='word_1_68' title='bbox 715 808 815 866; x_wconf 86' lang='grc' dir='ltr'>τούτου</span> <span class='ocrx_word' id='word_1_69' title='bbox 830 808 935 884; x_wconf 74' lang='grc' dir='ltr'>οὔνομα</span> 
     </span>
     <span class='ocr_line' id='line_1_10' title="bbox 129 896 934 976; baseline -0.002 -20"><span class='ocrx_word' id='word_1_70' title='bbox 129 902 167 974; x_wconf 78' lang='grc' dir='ltr'>τῷ</span> <span class='ocrx_word' id='word_1_71' title='bbox 188 900 320 975; x_wconf 78' lang='grc' dir='ltr'>νεηνίσκῳ</span> <span class='ocrx_word' id='word_1_72' title='bbox 337 898 424 976; x_wconf 88' lang='grc' dir='ltr'>τούτῳ</span> <span class='ocrx_word' id='word_1_73' title='bbox 443 896 590 957; x_wconf 77' lang='grc' dir='ltr'>Ὀἴόλυκος</span> <span class='ocrx_word' id='word_1_74' title='bbox 614 899 731 976; x_wconf 78' lang='grc' dir='ltr'>ἐγένετο·</span> <span class='ocrx_word' id='word_1_75' title='bbox 761 897 808 953; x_wconf 92' lang='grc' dir='ltr'>καί</span> <span class='ocrx_word' id='word_1_76' title='bbox 829 922 882 957; x_wconf 83' lang='grc' dir='ltr'>κως</span> <span class='ocrx_word' id='word_1_77' title='bbox 902 897 934 955; x_wconf 82' lang='grc' dir='ltr'>τό</span> 
     </span>
     <span class='ocr_line' id='line_1_11' title="bbox 130 984 936 1065; baseline -0.002 -22"><span class='ocrx_word' id='word_1_78' title='bbox 130 984 235 1062; x_wconf 77' lang='grc' dir='ltr'>οὔνομα</span> <span class='ocrx_word' id='word_1_79' title='bbox 262 992 345 1045; x_wconf 81' lang='grc' dir='ltr'>τοῦτο</span> <span class='ocrx_word' id='word_1_80' title='bbox 375 986 555 1060; x_wconf 79' lang='grc' dir='ltr'>ἐπεκράτησε.</span> <span class='ocrx_word' id='word_1_81' title='bbox 597 984 746 1043; x_wconf 80' lang='grc' dir='ltr'>Ὀϊολύκου</span> <span class='ocrx_word' id='word_1_82' title='bbox 774 984 802 1042; x_wconf 81' lang='grc' dir='ltr'>δέ</span> <span class='ocrx_word' id='word_1_83' title='bbox 828 986 936 1065; x_wconf 86' lang='grc' dir='ltr'>γίνεται</span> 
     </span>
     <span class='ocr_line' id='line_1_12' title="bbox 131 1072 935 1153; baseline 0 -23"><span class='ocrx_word' id='word_1_84' title='bbox 131 1073 237 1153; x_wconf 78' lang='grc' dir='ltr'>Αἰγεύς,</span> <span class='ocrx_word' id='word_1_85' title='bbox 253 1073 308 1132; x_wconf 82' lang='grc' dir='ltr'>α’πό</span> <span class='ocrx_word' id='word_1_86' title='bbox 323 1079 372 1133; x_wconf 81' lang='grc' dir='ltr'>τοῦ</span> <span class='ocrx_word' id='word_1_87' title='bbox 387 1074 511 1152; x_wconf 81' lang='grc' dir='ltr'>Αἰγεῖδαι</span> <span class='ocrx_word' id='word_1_88' title='bbox 524 1077 672 1132; x_wconf 82' lang='grc' dir='ltr'>καλεῦνται</span> <span class='ocrx_word' id='word_1_89' title='bbox 687 1072 764 1147; x_wconf 81' lang='grc' dir='ltr'>φυλή</span> <span class='ocrx_word' id='word_1_90' title='bbox 778 1072 891 1152; x_wconf 77' lang='grc' dir='ltr'>μεγάλη</span> <span class='ocrx_word' id='word_1_91' title='bbox 907 1079 935 1130; x_wconf 87' lang='grc' dir='ltr'>ἐν</span> 
     </span>
     <span class='ocr_line' id='line_1_13' title="bbox 131 1160 933 1240; baseline -0.006 -17"><span class='ocrx_word' id='word_1_92' title='bbox 131 1161 255 1240; x_wconf 73' lang='grc' dir='ltr'>Σπάρτη.</span> <span class='ocrx_word' id='word_1_93' title='bbox 289 1167 365 1221; x_wconf 84' lang='grc' dir='ltr'>τοῖσι</span> <span class='ocrx_word' id='word_1_94' title='bbox 379 1162 408 1219; x_wconf 82' lang='grc' dir='ltr'>δὲ</span> <span class='ocrx_word' id='word_1_95' title='bbox 422 1165 495 1238; x_wconf 79' lang='grc' dir='ltr'>ἐντῇ</span> <span class='ocrx_word' id='word_1_96' title='bbox 510 1165 589 1238; x_wconf 79' lang='grc' dir='ltr'>φυλῇ</span> <span class='ocrx_word' id='word_1_97' title='bbox 599 1160 685 1238; x_wconf 82' lang='grc' dir='ltr'>ταύτῃ</span> <span class='ocrx_word' id='word_1_98' title='bbox 700 1160 817 1235; x_wconf 88' lang='grc' dir='ltr'>α’νδράσι</span> <span class='ocrx_word' id='word_1_99' title='bbox 832 1160 864 1218; x_wconf 84' lang='grc' dir='ltr'>ού</span> <span class='ocrx_word' id='word_1_100' title='bbox 878 1163 933 1240; x_wconf 81' lang='grc' dir='ltr'>γάρ</span> 
     </span>
     <span class='ocr_line' id='line_1_14' title="bbox 129 1247 932 1325; baseline 0 -19"><span class='ocrx_word' id='word_1_101' title='bbox 129 1248 278 1324; x_wconf 73' lang='grc' dir='ltr'>ὑπέμειναν</span> <span class='ocrx_word' id='word_1_102' title='bbox 296 1250 331 1309; x_wconf 80' lang='grc' dir='ltr'>τά</span> <span class='ocrx_word' id='word_1_103' title='bbox 351 1251 441 1317; x_wconf 90' lang='grc' dir='ltr'>τέκνα,</span> <span class='ocrx_word' id='word_1_104' title='bbox 461 1247 609 1325; x_wconf 78' lang='grc' dir='ltr'>ἱδρύσαντο</span> <span class='ocrx_word' id='word_1_105' title='bbox 628 1254 656 1305; x_wconf 91' lang='grc' dir='ltr'>ἐκ</span> <span class='ocrx_word' id='word_1_106' title='bbox 674 1248 844 1324; x_wconf 85' lang='grc' dir='ltr'>θεοπροπίου</span> <span class='ocrx_word' id='word_1_107' title='bbox 860 1247 932 1325; x_wconf 87' lang='grc' dir='ltr'>Ἐρι-</span> 
     </span>
     <span class='ocr_line' id='line_1_15' title="bbox 132 1335 1003 1412; baseline 0 -17"><span class='ocrx_word' id='word_1_108' title='bbox 132 1336 201 1395; x_wconf 85' lang='grc' dir='ltr'>νύων</span> <span class='ocrx_word' id='word_1_109' title='bbox 220 1341 275 1396; x_wconf 80' lang='grc' dir='ltr'>τῶν</span> <span class='ocrx_word' id='word_1_110' title='bbox 296 1339 384 1395; x_wconf 80' lang='grc' dir='ltr'>Λαΐου</span> <span class='ocrx_word' id='word_1_111' title='bbox 405 1363 435 1394; x_wconf 93' lang='grc' dir='ltr'>τε</span> <span class='ocrx_word' id='word_1_112' title='bbox 457 1337 502 1393; x_wconf 84' lang='grc' dir='ltr'>καὶ</span> <span class='ocrx_word' id='word_1_113' title='bbox 519 1336 673 1393; x_wconf 84' lang='grc' dir='ltr'>Οἰδιπόδεω</span> <span class='ocrx_word' id='word_1_114' title='bbox 696 1335 764 1412; x_wconf 82' lang='grc' dir='ltr'>ἱρόν·</span> <span class='ocrx_word' id='word_1_115' title='bbox 793 1337 839 1393; x_wconf 84' lang='grc' dir='ltr'>καὶ</span> <span class='ocrx_word' id='word_1_116' title='bbox 862 1337 935 1412; x_wconf 71' lang='grc' dir='ltr'>μετά</span> <span class='ocrx_word' id='word_1_117' title='bbox 997 1383 1003 1395; x_wconf 78' lang='grc'><em>.</em></span> 
     </span>
     <span class='ocr_line' id='line_1_16' title="bbox 129 1423 933 1501; baseline 0 -19"><span class='ocrx_word' id='word_1_118' title='bbox 129 1428 212 1483; x_wconf 87' lang='grc' dir='ltr'>τοῦτο</span> <span class='ocrx_word' id='word_1_119' title='bbox 222 1425 360 1501; x_wconf 83' lang='grc' dir='ltr'>ύπέμεινε.</span> <span class='ocrx_word' id='word_1_120' title='bbox 392 1423 480 1484; x_wconf 79' lang='grc' dir='ltr'>τώυτό</span> <span class='ocrx_word' id='word_1_121' title='bbox 494 1429 576 1482; x_wconf 83' lang='grc' dir='ltr'>τοῦτο</span> <span class='ocrx_word' id='word_1_122' title='bbox 592 1425 637 1480; x_wconf 86' lang='grc' dir='ltr'>καὶ</span> <span class='ocrx_word' id='word_1_123' title='bbox 651 1429 679 1482; x_wconf 85' lang='grc' dir='ltr'>ἐν</span> <span class='ocrx_word' id='word_1_124' title='bbox 693 1423 771 1499; x_wconf 80' lang='grc' dir='ltr'>Θήρῃ</span> <span class='ocrx_word' id='word_1_125' title='bbox 784 1427 861 1483; x_wconf 84' lang='grc' dir='ltr'>τοῖσι</span> <span class='ocrx_word' id='word_1_126' title='bbox 876 1423 933 1482; x_wconf 81' lang='grc' dir='ltr'>α’πδ</span> 
     </span>
     <span class='ocr_line' id='line_1_17' title="bbox 129 1510 575 1592; baseline -0.002 -22"><span class='ocrx_word' id='word_1_127' title='bbox 129 1517 185 1570; x_wconf 79' lang='grc' dir='ltr'>τῶν</span> <span class='ocrx_word' id='word_1_128' title='bbox 198 1511 303 1589; x_wconf 81' lang='grc' dir='ltr'>α’νδρῶν</span> <span class='ocrx_word' id='word_1_129' title='bbox 316 1512 420 1572; x_wconf 88' lang='grc' dir='ltr'>τούτων</span> <span class='ocrx_word' id='word_1_130' title='bbox 433 1510 575 1592; x_wconf 85' lang='grc' dir='ltr'>γεγονόσι.</span> 
     </span>
    </p>

    <p class='ocr_par' dir='ltr' id='par_1_3' title="bbox 85 1599 938 2994">
     <span class='ocr_line' id='line_1_18' title="bbox 85 1599 933 1679; baseline 0.006 -24"><span class='ocrx_word' id='word_1_131' title='bbox 85 1601 141 1656; x_wconf 87' lang='grc'>150</span> <span class='ocrx_word' id='word_1_132' title='bbox 193 1601 286 1676; x_wconf 81' lang='grc' dir='ltr'>Μέχρι</span> <span class='ocrx_word' id='word_1_133' title='bbox 305 1601 357 1676; x_wconf 93' lang='grc' dir='ltr'>μέν</span> <span class='ocrx_word' id='word_1_134' title='bbox 371 1626 419 1659; x_wconf 90' lang='grc' dir='ltr'>νυν</span> <span class='ocrx_word' id='word_1_135' title='bbox 432 1599 532 1658; x_wconf 86' lang='grc' dir='ltr'>τούτου</span> <span class='ocrx_word' id='word_1_136' title='bbox 551 1603 601 1657; x_wconf 80' lang='grc' dir='ltr'>τοῦ</span> <span class='ocrx_word' id='word_1_137' title='bbox 616 1599 704 1679; x_wconf 90' lang='grc' dir='ltr'>λόγου</span> <span class='ocrx_word' id='word_1_138' title='bbox 718 1600 933 1676; x_wconf 86' lang='grc' dir='ltr'>λακεδαιμόνιοι</span> 
     </span>
     <span class='ocr_line' id='line_1_19' title="bbox 131 1686 934 1767; baseline 0.007 -25"><span class='ocrx_word' id='word_1_139' title='bbox 131 1688 279 1762; x_wconf 84' lang='grc' dir='ltr'>Θηραίοισι</span> <span class='ocrx_word' id='word_1_140' title='bbox 301 1688 371 1745; x_wconf 82' lang='grc' dir='ltr'>κατοὶ</span> <span class='ocrx_word' id='word_1_141' title='bbox 396 1687 483 1746; x_wconf 70' lang='lat' dir='ltr'>mimi</span> <span class='ocrx_word' id='word_1_142' title='bbox 508 1689 635 1766; x_wconf 87' lang='grc' dir='ltr'>λέγουσι·</span> <span class='ocrx_word' id='word_1_143' title='bbox 657 1686 688 1745; x_wconf 80' lang='grc' dir='ltr'>τό</span> <span class='ocrx_word' id='word_1_144' title='bbox 711 1687 739 1744; x_wconf 84' lang='grc' dir='ltr'>δέ</span> <span class='ocrx_word' id='word_1_145' title='bbox 761 1686 816 1746; x_wconf 85' lang='grc' dir='ltr'>οἷπό</span> <span class='ocrx_word' id='word_1_146' title='bbox 832 1688 934 1767; x_wconf 88' lang='grc' dir='ltr'>τούτου</span> 
     </span>
     <span class='ocr_line' id='line_1_20' title="bbox 129 1773 934 1854; baseline 0.006 -23"><span class='ocrx_word' id='word_1_147' title='bbox 129 1777 227 1848; x_wconf 81' lang='grc' dir='ltr'>μοῦνοι</span> <span class='ocrx_word' id='word_1_148' title='bbox 244 1779 361 1850; x_wconf 82' lang='grc' dir='ltr'>Θηραῖοι</span> <span class='ocrx_word' id='word_1_149' title='bbox 379 1773 430 1832; x_wconf 78' lang='grc' dir='ltr'>ὧδε</span> <span class='ocrx_word' id='word_1_150' title='bbox 446 1776 578 1854; x_wconf 88' lang='grc' dir='ltr'>γενέσθαι</span> <span class='ocrx_word' id='word_1_151' title='bbox 592 1775 720 1854; x_wconf 91' lang='grc' dir='ltr'>λέγουσι·</span> <span class='ocrx_word' id='word_1_152' title='bbox 743 1779 842 1850; x_wconf 84' lang='grc' dir='ltr'>Γρῖνος</span> <span class='ocrx_word' id='word_1_153' title='bbox 856 1776 871 1835; x_wconf 85' lang='grc' dir='ltr'>ὁ</span> <span class='ocrx_word' id='word_1_154' title='bbox 886 1774 934 1836; x_wconf 87' lang='grc' dir='ltr'>Αί-</span> 
     </span>
     <span class='ocr_line' id='line_1_21' title="bbox 131 1861 935 1942; baseline 0.009 -24"><span class='ocrx_word' id='word_1_155' title='bbox 131 1862 237 1928; x_wconf 89' lang='grc' dir='ltr'>σανίου,</span> <span class='ocrx_word' id='word_1_156' title='bbox 260 1862 309 1920; x_wconf 79' lang='grc' dir='ltr'>ἔων</span> <span class='ocrx_word' id='word_1_157' title='bbox 328 1863 406 1937; x_wconf 87' lang='grc' dir='ltr'>Θήρα</span> <span class='ocrx_word' id='word_1_158' title='bbox 428 1863 525 1920; x_wconf 82' lang='grc' dir='ltr'>τούτου</span> <span class='ocrx_word' id='word_1_159' title='bbox 547 1861 685 1942; x_wconf 76' lang='grc' dir='ltr'>ἀπόγονος</span> <span class='ocrx_word' id='word_1_160' title='bbox 706 1863 752 1920; x_wconf 79' lang='grc' dir='ltr'>καὶ</span> <span class='ocrx_word' id='word_1_161' title='bbox 771 1864 935 1938; x_wconf 82' lang='grc' dir='ltr'>βασιλεύων</span> 
     </span>
     <span class='ocr_line' id='line_1_22' title="bbox 131 1948 936 2030; baseline 0.007 -26"><span class='ocrx_word' id='word_1_162' title='bbox 131 1949 223 2022; x_wconf 83' lang='grc' dir='ltr'>Θήρης</span> <span class='ocrx_word' id='word_1_163' title='bbox 236 1953 285 2021; x_wconf 84' lang='grc' dir='ltr'>τῆς</span> <span class='ocrx_word' id='word_1_164' title='bbox 299 1950 394 2023; x_wconf 81' lang='grc' dir='ltr'>νήσου,</span> <span class='ocrx_word' id='word_1_165' title='bbox 410 1950 526 2016; x_wconf 73' lang='grc' dir='ltr'>άπίκετο</span> <span class='ocrx_word' id='word_1_166' title='bbox 541 1955 567 2010; x_wconf 88' lang='grc' dir='ltr'>ἐς</span> <span class='ocrx_word' id='word_1_167' title='bbox 581 1948 800 2030; x_wconf 75' lang='grc' dir='ltr'>Δελφούςάγων</span> <span class='ocrx_word' id='word_1_168' title='bbox 814 1950 871 2010; x_wconf 83' lang='grc' dir='ltr'>α’πό</span> <span class='ocrx_word' id='word_1_169' title='bbox 885 1958 936 2028; x_wconf 81' lang='grc' dir='ltr'>τῆς</span> 
     </span>
     <span class='ocr_line' id='line_1_23' title="bbox 130 2036 936 2111; baseline 0.009 -19"><span class='ocrx_word' id='word_1_170' title='bbox 130 2036 229 2096; x_wconf 89' lang='grc' dir='ltr'>πόλιος</span> <span class='ocrx_word' id='word_1_171' title='bbox 252 2037 421 2111; x_wconf 79' lang='grc' dir='ltr'>ἑκατόμβην·</span> <span class='ocrx_word' id='word_1_172' title='bbox 455 2037 564 2094; x_wconf 82' lang='grc' dir='ltr'>εἵποντο</span> <span class='ocrx_word' id='word_1_173' title='bbox 590 2038 620 2094; x_wconf 92' lang='grc' dir='ltr'>δέ</span> <span class='ocrx_word' id='word_1_174' title='bbox 647 2040 673 2094; x_wconf 81' lang='grc' dir='ltr'>οἱ</span> <span class='ocrx_word' id='word_1_175' title='bbox 702 2038 747 2094; x_wconf 78' lang='grc' dir='ltr'>καὶ</span> <span class='ocrx_word' id='word_1_176' title='bbox 769 2036 857 2096; x_wconf 76' lang='grc' dir='ltr'>ἄλλοι</span> <span class='ocrx_word' id='word_1_177' title='bbox 880 2045 936 2101; x_wconf 82' lang='grc' dir='ltr'>τῶν</span> 
     </span>
     <span class='ocr_line' id='line_1_24' title="bbox 129 2124 937 2201; baseline 0.009 -20"><span class='ocrx_word' id='word_1_178' title='bbox 129 2125 286 2198; x_wconf 87' lang='grc' dir='ltr'>πολιητέων</span> <span class='ocrx_word' id='word_1_179' title='bbox 302 2126 347 2183; x_wconf 82' lang='grc' dir='ltr'>καὶ</span> <span class='ocrx_word' id='word_1_180' title='bbox 366 2124 399 2197; x_wconf 84' lang='grc' dir='ltr'>δή</span> <span class='ocrx_word' id='word_1_181' title='bbox 418 2125 463 2181; x_wconf 80' lang='grc' dir='ltr'>καὶ</span> <span class='ocrx_word' id='word_1_182' title='bbox 483 2124 591 2187; x_wconf 86' lang='grc' dir='ltr'>Βάττος</span> <span class='ocrx_word' id='word_1_183' title='bbox 610 2125 626 2183; x_wconf 85' lang='grc' dir='ltr'>ό</span> <span class='ocrx_word' id='word_1_184' title='bbox 646 2125 867 2201; x_wconf 88' lang='grc' dir='ltr'>Πολυμνήστου,</span> <span class='ocrx_word' id='word_1_185' title='bbox 886 2130 937 2188; x_wconf 68' lang='grc' dir='ltr'>ἐάν</span> 
     </span>
     <span class='ocr_line' id='line_1_25' title="bbox 131 2210 937 2295; baseline 0.007 -26"><span class='ocrx_word' id='word_1_186' title='bbox 131 2212 210 2290; x_wconf 86' lang='grc' dir='ltr'>γένος</span> <span class='ocrx_word' id='word_1_187' title='bbox 230 2210 388 2287; x_wconf 78' lang='grc' dir='ltr'>Εὗθυμίδης</span> <span class='ocrx_word' id='word_1_188' title='bbox 415 2215 469 2268; x_wconf 74' lang='grc' dir='ltr'>τῶν</span> <span class='ocrx_word' id='word_1_189' title='bbox 497 2214 632 2271; x_wconf 80' lang='grc' dir='ltr'>Μινυέων·</span> <span class='ocrx_word' id='word_1_190' title='bbox 667 2213 813 2291; x_wconf 87' lang='grc' dir='ltr'>χρεωμένῳ</span> <span class='ocrx_word' id='word_1_191' title='bbox 841 2214 871 2272; x_wconf 84' lang='grc' dir='ltr'>δὲ</span> <span class='ocrx_word' id='word_1_192' title='bbox 898 2223 937 2295; x_wconf 80' lang='grc' dir='ltr'>τῷ</span> 
     </span>
     <span class='ocr_line' id='line_1_26' title="bbox 131 2300 936 2382; baseline 0.006 -26"><span class='ocrx_word' id='word_1_193' title='bbox 131 2300 218 2378; x_wconf 88' lang='grc' dir='ltr'>Γρίνῳ</span> <span class='ocrx_word' id='word_1_194' title='bbox 235 2302 273 2377; x_wconf 82' lang='grc' dir='ltr'>τῷ</span> <span class='ocrx_word' id='word_1_195' title='bbox 289 2300 409 2375; x_wconf 83' lang='grc' dir='ltr'>βασιλέϊ</span> <span class='ocrx_word' id='word_1_196' title='bbox 426 2303 480 2356; x_wconf 77' lang='grc' dir='ltr'>τῶν</span> <span class='ocrx_word' id='word_1_197' title='bbox 499 2301 625 2374; x_wconf 85' lang='grc' dir='ltr'>Θηραίων</span> <span class='ocrx_word' id='word_1_198' title='bbox 642 2301 705 2376; x_wconf 83' lang='grc' dir='ltr'>περὶ</span> <span class='ocrx_word' id='word_1_199' title='bbox 728 2300 824 2360; x_wconf 81' lang='grc' dir='ltr'>ἄλλων</span> <span class='ocrx_word' id='word_1_200' title='bbox 841 2309 899 2382; x_wconf 74' lang='grc' dir='ltr'>χρᾷ</span> <span class='ocrx_word' id='word_1_201' title='bbox 918 2307 936 2380; x_wconf 87' lang='grc' dir='ltr'>ή</span> 
     </span>
     <span class='ocr_line' id='line_1_27' title="bbox 133 2385 936 2471; baseline 0.007 -27"><span class='ocrx_word' id='word_1_202' title='bbox 133 2389 226 2462; x_wconf 84' lang='grc' dir='ltr'>Πυθίη</span> <span class='ocrx_word' id='word_1_203' title='bbox 240 2389 340 2458; x_wconf 82' lang='grc' dir='ltr'>κτίζειν</span> <span class='ocrx_word' id='word_1_204' title='bbox 354 2392 381 2445; x_wconf 87' lang='grc' dir='ltr'>ἐν</span> <span class='ocrx_word' id='word_1_205' title='bbox 394 2385 489 2464; x_wconf 84' lang='grc' dir='ltr'>Λιβύη</span> <span class='ocrx_word' id='word_1_206' title='bbox 503 2387 596 2446; x_wconf 90' lang='grc' dir='ltr'>πόλιν·</span> <span class='ocrx_word' id='word_1_207' title='bbox 615 2388 630 2447; x_wconf 83' lang='grc' dir='ltr'>ὁ</span> <span class='ocrx_word' id='word_1_208' title='bbox 645 2389 674 2445; x_wconf 82' lang='grc' dir='ltr'>δὲ</span> <span class='ocrx_word' id='word_1_209' title='bbox 688 2388 823 2465; x_wconf 77' lang='grc' dir='ltr'>ἀμείβετο</span> <span class='ocrx_word' id='word_1_210' title='bbox 834 2392 936 2471; x_wconf 91' lang='grc' dir='ltr'>λέγων·</span> 
     </span>
     <span class='ocr_line' id='line_1_28' title="bbox 132 2474 938 2555; baseline 0.002 -22"><span class='ocrx_word' id='word_1_211' title='bbox 132 2486 148 2509; x_wconf 87' lang='grc'>“</span> <span class='ocrx_word' id='word_1_212' title='bbox 158 2475 210 2554; x_wconf 73' lang='grc' dir='ltr'>ἐγω</span> <span class='ocrx_word' id='word_1_213' title='bbox 224 2478 283 2552; x_wconf 79' lang='grc' dir='ltr'>μὲν,</span> <span class='ocrx_word' id='word_1_214' title='bbox 299 2475 378 2543; x_wconf 82' lang='grc' dir='ltr'>ὦναξ,</span> <span class='ocrx_word' id='word_1_215' title='bbox 393 2474 586 2551; x_wconf 81' lang='grc' dir='ltr'>πρεσβύτερός</span> <span class='ocrx_word' id='word_1_216' title='bbox 598 2502 629 2534; x_wconf 90' lang='grc' dir='ltr'>τε</span> <span class='ocrx_word' id='word_1_217' title='bbox 643 2476 696 2550; x_wconf 86' lang='grc' dir='ltr'>ήδη</span> <span class='ocrx_word' id='word_1_218' title='bbox 714 2476 770 2551; x_wconf 80' lang='grc' dir='ltr'>εἰμὶ</span> <span class='ocrx_word' id='word_1_219' title='bbox 785 2477 831 2534; x_wconf 81' lang='grc' dir='ltr'>καὶ</span> <span class='ocrx_word' id='word_1_220' title='bbox 844 2479 938 2555; x_wconf 77' lang='grc' dir='ltr'>βαρύς</span> 
     </span>
     <span class='ocr_line' id='line_1_29' title="bbox 131 2561 937 2639; baseline 0.009 -19"><span class='ocrx_word' id='word_1_221' title='bbox 131 2562 283 2639; x_wconf 89' lang='grc' dir='ltr'>αἐίρεσθαι·</span> <span class='ocrx_word' id='word_1_222' title='bbox 309 2561 345 2620; x_wconf 78' lang='grc' dir='ltr'>σύ</span> <span class='ocrx_word' id='word_1_223' title='bbox 366 2562 398 2620; x_wconf 87' lang='grc' dir='ltr'>δέ</span> <span class='ocrx_word' id='word_1_224' title='bbox 416 2588 478 2620; x_wconf 89' lang='grc' dir='ltr'>τινα</span> <span class='ocrx_word' id='word_1_225' title='bbox 498 2563 582 2621; x_wconf 84' lang='grc' dir='ltr'>τῶνδε</span> <span class='ocrx_word' id='word_1_226' title='bbox 605 2568 659 2622; x_wconf 83' lang='grc' dir='ltr'>τῶν</span> <span class='ocrx_word' id='word_1_227' title='bbox 681 2565 818 2639; x_wconf 87' lang='grc' dir='ltr'>νεωτέρων</span> <span class='ocrx_word' id='word_1_228' title='bbox 840 2570 937 2627; x_wconf 89' lang='grc' dir='ltr'>κέλευε</span> 
     </span>
     <span class='ocr_line' id='line_1_30' title="bbox 131 2649 937 2732; baseline 0.009 -23"><span class='ocrx_word' id='word_1_229' title='bbox 131 2656 218 2710; x_wconf 85' lang='grc' dir='ltr'>ταῦτα</span> <span class='ocrx_word' id='word_1_230' title='bbox 238 2649 367 2710; x_wconf 87' lang='grc' dir='ltr'>ποιέειν.”</span> <span class='ocrx_word' id='word_1_231' title='bbox 402 2649 460 2726; x_wconf 76' lang='grc' dir='ltr'>ἅμα</span> <span class='ocrx_word' id='word_1_232' title='bbox 480 2677 510 2710; x_wconf 89' lang='grc' dir='ltr'>τε</span> <span class='ocrx_word' id='word_1_233' title='bbox 535 2653 614 2732; x_wconf 87' lang='grc' dir='ltr'>ἐλεγε</span> <span class='ocrx_word' id='word_1_234' title='bbox 635 2656 722 2711; x_wconf 83' lang='grc' dir='ltr'>ταῦτα</span> <span class='ocrx_word' id='word_1_235' title='bbox 746 2654 792 2710; x_wconf 83' lang='grc' dir='ltr'>καὶ</span> <span class='ocrx_word' id='word_1_236' title='bbox 817 2654 937 2716; x_wconf 80' lang='grc' dir='ltr'>ἐδείκνυε</span> 
     </span>
     <span class='ocr_line' id='line_1_31' title="bbox 133 2738 936 2816; baseline 0.006 -19"><span class='ocrx_word' id='word_1_237' title='bbox 133 2745 160 2801; x_wconf 85' lang='grc' dir='ltr'>ἐς</span> <span class='ocrx_word' id='word_1_238' title='bbox 176 2738 225 2798; x_wconf 76' lang='grc' dir='ltr'>τόν</span> <span class='ocrx_word' id='word_1_239' title='bbox 242 2739 360 2799; x_wconf 88' lang='grc' dir='ltr'>Βάττον.</span> <span class='ocrx_word' id='word_1_240' title='bbox 394 2738 458 2798; x_wconf 90' lang='grc' dir='ltr'>τότε</span> <span class='ocrx_word' id='word_1_241' title='bbox 471 2741 522 2815; x_wconf 83' lang='grc' dir='ltr'>μὲν</span> <span class='ocrx_word' id='word_1_242' title='bbox 536 2745 672 2798; x_wconf 83' lang='grc' dir='ltr'>τοσαῦτα.</span> <span class='ocrx_word' id='word_1_243' title='bbox 707 2740 779 2816; x_wconf 82' lang='grc' dir='ltr'>μετά</span> <span class='ocrx_word' id='word_1_244' title='bbox 794 2741 833 2810; x_wconf 84' lang='grc' dir='ltr'>δὲ,</span> <span class='ocrx_word' id='word_1_245' title='bbox 849 2741 936 2802; x_wconf 87' lang='grc' dir='ltr'>οἷπελ-</span> 
     </span>
     <span class='ocr_line' id='line_1_32' title="bbox 132 2826 938 2908; baseline 0.005 -22"><span class='ocrx_word' id='word_1_246' title='bbox 132 2826 226 2889; x_wconf 89' lang='grc' dir='ltr'>θόντες</span> <span class='ocrx_word' id='word_1_247' title='bbox 242 2826 360 2907; x_wconf 86' lang='grc' dir='ltr'>α’λογίην</span> <span class='ocrx_word' id='word_1_248' title='bbox 378 2827 454 2905; x_wconf 79' lang='grc' dir='ltr'>εἶχον</span> <span class='ocrx_word' id='word_1_249' title='bbox 468 2831 519 2886; x_wconf 79' lang='grc' dir='ltr'>τοῦ</span> <span class='ocrx_word' id='word_1_250' title='bbox 539 2829 721 2905; x_wconf 83' lang='grc' dir='ltr'>χρηστηρίου,</span> <span class='ocrx_word' id='word_1_251' title='bbox 740 2828 803 2887; x_wconf 78' lang='grc' dir='ltr'>οὔτε</span> <span class='ocrx_word' id='word_1_252' title='bbox 824 2833 938 2908; x_wconf 87' lang='grc' dir='ltr'>Λιβύην</span> 
     </span>
     <span class='ocr_line' id='line_1_33' title="bbox 132 2914 937 2994; baseline 0.007 -22"><span class='ocrx_word' id='word_1_253' title='bbox 132 2914 232 2977; x_wconf 81' lang='grc' dir='ltr'>εἰδότες</span> <span class='ocrx_word' id='word_1_254' title='bbox 245 2914 311 2974; x_wconf 86' lang='grc' dir='ltr'>ὅκου</span> <span class='ocrx_word' id='word_1_255' title='bbox 324 2920 376 2994; x_wconf 84' lang='grc' dir='ltr'>γῆς</span> <span class='ocrx_word' id='word_1_256' title='bbox 390 2917 430 2989; x_wconf 80' lang='grc' dir='ltr'>εἴη</span> <span class='ocrx_word' id='word_1_257' title='bbox 442 2914 504 2973; x_wconf 81' lang='grc' dir='ltr'>οὔτε</span> <span class='ocrx_word' id='word_1_258' title='bbox 517 2921 674 2992; x_wconf 83' lang='grc' dir='ltr'>τολμῶντες</span> <span class='ocrx_word' id='word_1_259' title='bbox 685 2924 711 2978; x_wconf 86' lang='grc' dir='ltr'>ἐς</span> <span class='ocrx_word' id='word_1_260' title='bbox 722 2917 828 2988; x_wconf 76' lang='grc' dir='ltr'>ἀφανὲς</span> <span class='ocrx_word' id='word_1_261' title='bbox 838 2925 937 2994; x_wconf 84' lang='grc' dir='ltr'>χρῆμα</span> 
     </span>
    </p>

    <p class='ocr_par' dir='ltr' id='par_1_4' title="bbox 85 3002 937 3078">
     <span class='ocr_line' id='line_1_34' title="bbox 85 3002 937 3078; baseline 0.001 -16"><span class='ocrx_word' id='word_1_262' title='bbox 85 3004 140 3062; x_wconf 78' lang='grc'>151</span> <span class='ocrx_word' id='word_1_263' title='bbox 151 3002 339 3061; x_wconf 88' lang='grc' dir='ltr'>α’ποστέλλειν</span> <span class='ocrx_word' id='word_1_264' title='bbox 350 3003 487 3078; x_wconf 78' lang='grc' dir='ltr'>α’ποικίην.</span> <span class='ocrx_word' id='word_1_265' title='bbox 522 3003 612 3063; x_wconf 74' lang='grc' dir='ltr'>Ἑπτά</span> <span class='ocrx_word' id='word_1_266' title='bbox 627 3003 656 3062; x_wconf 86' lang='grc' dir='ltr'>δέ</span> <span class='ocrx_word' id='word_1_267' title='bbox 671 3006 750 3062; x_wconf 86' lang='grc' dir='ltr'>ἐτέων</span> <span class='ocrx_word' id='word_1_268' title='bbox 764 3005 835 3078; x_wconf 73' lang='grc' dir='ltr'>μετὰ</span> <span class='ocrx_word' id='word_1_269' title='bbox 847 3011 937 3068; x_wconf 80' lang='grc' dir='ltr'>ταῦτα</span> 
     </span>
    </p>

    <p class='ocr_par' dir='ltr' id='par_1_5' title="bbox 54 3080 937 3266">
     <span class='ocr_line' id='line_1_35' title="bbox 54 3080 937 3171; baseline 0.006 -20"><span class='ocrx_word' id='word_1_270' title='bbox 54 3080 61 3093; x_wconf 51' lang='grc'><strong>’</strong></span> <span class='ocrx_word' id='word_1_271' title='bbox 123 3089 179 3151; x_wconf 67' lang='grc' dir='ltr'>οὔκ</span> <span class='ocrx_word' id='word_1_272' title='bbox 199 3088 231 3151; x_wconf 79' lang='grc' dir='ltr'>ὖε</span> <span class='ocrx_word' id='word_1_273' title='bbox 248 3091 300 3168; x_wconf 80' lang='grc' dir='ltr'>τήν</span> <span class='ocrx_word' id='word_1_274' title='bbox 320 3091 423 3170; x_wconf 86' lang='grc' dir='ltr'>Θήρην·</span> <span class='ocrx_word' id='word_1_275' title='bbox 453 3096 481 3150; x_wconf 88' lang='grc' dir='ltr'>ἐν</span> <span class='ocrx_word' id='word_1_276' title='bbox 501 3095 576 3149; x_wconf 79' lang='grc' dir='ltr'>τοῖσι</span> <span class='ocrx_word' id='word_1_277' title='bbox 592 3091 627 3150; x_wconf 77' lang='grc' dir='ltr'>τά</span> <span class='ocrx_word' id='word_1_278' title='bbox 644 3092 754 3166; x_wconf 90' lang='grc' dir='ltr'>δένδρεα</span> <span class='ocrx_word' id='word_1_279' title='bbox 770 3093 863 3152; x_wconf 87' lang='grc' dir='ltr'>πάντα</span> <span class='ocrx_word' id='word_1_280' title='bbox 880 3103 937 3171; x_wconf 74' lang='grc' dir='ltr'>σφι</span> 
     </span>
     <span class='ocr_line' id='line_1_36' title="bbox 54 3106 937 3266; baseline 0.005 -28"><span class='ocrx_word' id='word_1_281' title='bbox 54 3106 75 3263; x_wconf 63' lang='grc' dir='ltr'>ι</span> <span class='ocrx_word' id='word_1_282' title='bbox 107 3179 151 3239; x_wconf 66' lang='lat' dir='ltr'>ra*</span> <span class='ocrx_word' id='word_1_283' title='bbox 170 3186 201 3241; x_wconf 83' lang='grc' dir='ltr'>ἐν</span> <span class='ocrx_word' id='word_1_284' title='bbox 215 3188 257 3264; x_wconf 79' lang='grc' dir='ltr'>τῇ</span> <span class='ocrx_word' id='word_1_285' title='bbox 271 3183 353 3266; x_wconf 85' lang='grc' dir='ltr'>νήσῳ</span> <span class='ocrx_word' id='word_1_286' title='bbox 370 3183 450 3262; x_wconf 83' lang='grc' dir='ltr'>πλήν</span> <span class='ocrx_word' id='word_1_287' title='bbox 465 3180 527 3245; x_wconf 75' lang='grc' dir='ltr'>ἐνὸς</span> <span class='ocrx_word' id='word_1_288' title='bbox 541 3179 685 3254; x_wconf 75' lang='grc' dir='ltr'>ἐξαυάνθη·</span> <span class='ocrx_word' id='word_1_289' title='bbox 706 3181 887 3257; x_wconf 69' lang='grc' dir='ltr'>χρεωμένοισι</span> <span class='ocrx_word' id='word_1_290' title='bbox 908 3184 937 3242; x_wconf 83' lang='grc' dir='ltr'>δὲ</span> 
     </span>
    </p>
   </div>
   <div class='ocr_carea' id='block_1_2' title="bbox 106 3265 952 3356">
    <p class='ocr_par' dir='ltr' id='par_1_6' title="bbox 106 3265 952 3356">
     <span class='ocr_line' id='line_1_37' title="bbox 106 3265 952 3356; baseline -0.026 -11"><span class='ocrx_word' id='word_1_291' title='bbox 106 3271 185 3345; x_wconf 64' lang='grc' dir='ltr'>[θῖσί</span> <span class='ocrx_word' id='word_1_292' title='bbox 211 3275 381 3355; x_wconf 76' lang='grc' dir='ltr'>Θηραίοισι</span> <span class='ocrx_word' id='word_1_293' title='bbox 404 3275 556 3356; x_wconf 70' lang='grc' dir='ltr'>προέφερε</span> <span class='ocrx_word' id='word_1_294' title='bbox 576 3269 598 3348; x_wconf 84' lang='grc' dir='ltr'><strong>ἠ</strong></span> <span class='ocrx_word' id='word_1_295' title='bbox 611 3268 712 3340; x_wconf 78' lang='grc' dir='ltr'>Πυθίη</span> <span class='ocrx_word' id='word_1_296' title='bbox 726 3265 777 3338; x_wconf 71' lang='grc' dir='ltr'>τὴν</span> <span class='ocrx_word' id='word_1_297' title='bbox 796 3269 825 3324; x_wconf 70' lang='grc' dir='ltr'>ἐς</span> <span class='ocrx_word' id='word_1_298' title='bbox 848 3269 952 3341; x_wconf 53' lang='grc' dir='ltr'>λιῇἱπρ</span> 
     </span>
    </p>
   </div>
   <div class='ocr_carea' id='block_1_3' title="bbox 0 0 1030 3464">
    <p class='ocr_par' dir='ltr' id='par_1_7' title="bbox 0 0 1030 3464">
     <span class='ocr_line' id='line_1_38' title="bbox 0 0 1030 3464; baseline 0 0"><span class='ocrx_word' id='word_1_299' title='bbox 0 0 1030 3464; x_wconf 95' lang='lat' dir='ltr'> </span> 
     </span>
    </p>
   </div>
  </div>
 </body>
</html>
