2040 3464
132 104 179 151 ιοο
429 82 612 154 ἀύοαουου
879 103 929 168 [11.

131 182 281 257 κρατέοντα
295 182 373 243 εἶναι·
389 182 510 243 ὕστατον
521 184 550 243 δὲ
560 183 644 259 αὐτῆς
654 186 831 260 βασιλεῦσαι
840 183 931 261 Ὦρον

130 269 180 328 τόν
192 269 318 346 Ὀσίριος
330 271 425 340 παῖδα,
439 271 489 330 τόν
501 270 670 330 Ἀπόλλωνα
678 271 818 346 Ἓλληνες
831 270 931 347 ὄνομά·

131 358 220 426 ζουσν
247 362 354 426 τοῦτον,
378 358 596 418 καταπαύσαντα
617 363 738 434 Τυφῶνα
755 360 932 435 βασιλεῦσαι

131 443 252 503 ὕστατον
265 445 418 526 Αἰγύπτου.
454 444 568 523 *Οσιρις
587 445 617 504 δέ
633 451 694 505 ἐστι
707 445 847 511 Διόνυσος
861 445 931 508 κατὰ

131 530 258 590 Ἑλλάδα
272 537 420 612 γλῶσσαν.

85 621 140 679 145
169 618 218 679 Ἐν
229 620 357 696 Ἕλλησι
373 623 426 698 μέν
444 648 491 681 νυν
509 620 640 681 νεώτατοι
657 624 712 681 τῶν
727 623 796 682 θεῶν
809 623 930 698 νομίζον

129 733 175 766 ται
194 707 264 767 εἶναι
276 708 421 784 Ἡρακλῆς
438 736 469 768 τε
488 711 533 767 καὶ
547 709 685 772 Διόνυσος
702 710 748 768 καὶ
765 708 838 768 Πάν·
868 735 925 788 παρ

130 796 311 876 Αἰγυπτίοισι
325 797 354 855 δὲ
373 796 438 856 Πάν
453 799 505 874 μὲν
523 796 715 875 ἀρχαιότατος,
730 798 776 856 καὶ
792 801 847 856 τῶν
861 796 932 857 ὄκτιδ

92 883 96 890 ’
129 887 185 942 τῶν
197 884 311 960 προύτων
327 884 485 964 λεγομένων
504 886 582 944 θεῶν·
603 884 747 961 Ἡρακλῆς
761 885 791 943 δὲ
806 889 862 945 τῶν
875 885 932 945 δευ·

129 972 223 1047 τέρων,
237 976 291 1030 τῶν
313 972 433 1031 δυώδεκα
452 973 611 1053 λεγομένων
632 972 710 1031 εἶναι’
736 970 874 1035 Διόνυσος
894 974 931 1044 δὲ,

129 1062 184 1117 τῶν
196 1060 302 1136 τρίτων,
318 1059 345 1118 οἳ
358 1064 388 1118 ἐκ
401 1063 455 1118 τῶν
466 1060 587 1118 δυώδεκα
601 1061 670 1120 θεῶν
684 1060 818 1140 ἐγένοντο.
845 1059 931 1138 Ἦρα-

131 1147 195 1204 κλέϊ
207 1149 259 1224 μὲν
272 1145 306 1221 δή
326 1147 382 1207 ὅσα
397 1147 475 1206 αὐτοὶ
489 1148 639 1227 Αἰγύπτιοί
655 1154 728 1222 φασι
743 1146 812 1206 εἶναι
828 1149 890 1206 ἔτεα
904 1153 931 1211 ές

124 1232 250 1311 Ἀμασιν
268 1236 403 1311 βασιλέα,
418 1234 573 1309 δεδήλωταί
586 1261 636 1312 μοι
654 1235 773 1312 πρόσθε·
809 1235 884 1294 Πανὶ
901 1236 930 1294 δὲ

129 1323 169 1381 ἔτι
188 1320 292 1382 τούτων
312 1324 419 1382 πλέονα
441 1326 553 1402 λέγεται
578 1323 655 1392 εἶναι,
680 1322 809 1400 Διονύσῳ
826 1321 849 1381 δ’
866 1323 928 1382 ε’λά-

127 1436 216 1488 χιστα
234 1409 347 1470 τούτων·
372 1411 418 1468 καὶ
433 1411 520 1489 τούτῳ
540 1413 757 1488 πεντακισχίλια
778 1411 825 1469 καὶ
843 1409 929 1487 μύρια

128 1500 288 1577 λογίζονται
309 1498 379 1558 εἶναι
399 1504 426 1562 ἔς
448 1496 574 1574 Ἀμασιν
593 1499 730 1573 βασιλέα.
772 1498 818 1556 καὶ
841 1504 929 1558 ταῦτα

128 1585 275 1666 Αἰγύπτιοι
292 1586 425 1663 ἀτρεκέως
443 1587 518 1661 φασὶ
537 1586 715 1656 ἐπίστασθαι,
730 1590 784 1644 αἰεί
801 1578 835 1644 τε
850 1590 927 1666 λογι·

127 1673 237 1750 ζύμενοι
254 1675 300 1733 καὶ
319 1676 371 1732 αἰεὶ
388 1673 620 1754 ἀπογραφόμενοι
636 1673 671 1732 τά
688 1674 755 1732 ἔτεα.
800 1674 926 1754 Διονύσῳ

127 1762 179 1835 μέν
192 1787 239 1820 νυν
251 1767 290 1839 τῷ
304 1767 333 1820 ἐκ
352 1763 478 1837 Σεμέλης
493 1766 544 1836 τῆς
563 1761 680 1837 Κάδμου
699 1762 841 1840 λεγομένῳ
853 1764 927 1842 γινέ·

128 1850 205 1918 σθαι,
228 1849 297 1907 κατά
319 1848 451 1917 ἑξακόσια
471 1851 532 1908 έτεα
553 1850 599 1908 καὶ
616 1850 696 1927 χίλια
716 1849 845 1926 μάλιστά
866 1855 928 1910 ε’στι

128 1941 155 2000 ἐς
176 1938 232 2012 ε’μέ·
259 1936 396 2014 Ἡρακλέϊ
413 1937 442 1995 δὲ
457 1941 495 2015 τῷ
510 1936 671 2012 Ἀλκμήνης
692 1935 762 1994 κατά
785 1937 927 1998 εἰνακόσια

127 2025 197 2084 ἔτεα
223 2026 298 2084 Πανὶ
320 2025 350 2083 δὲ
369 2030 408 2102 τῷ
428 2030 458 2083 ε’κ
479 2025 654 2101 Πηνελόπης,
679 2027 720 2103 (ἐκ
746 2025 847 2099 ταύτης
871 2025 926 2106 γάρ

127 2113 173 2170 καὶ
186 2111 293 2188 Ἑρμέω
312 2113 424 2193 λέγεται
440 2113 571 2193 γενέσθαι
584 2113 638 2171 ivd
652 2111 797 2187 Ἑλλήνων
810 2111 826 2171 ἀ
841 2112 926 2194 Πάν’)

126 2199 241 2258 ἐλάσσω
256 2200 316 2259 ἔτεά
330 2205 392 2259 ε’στι
408 2205 463 2260 τῶν
481 2204 617 2276 Τρωϊκόν,
632 2200 702 2258 κατά
719 2200 755 2258 παῖ
773 2198 926 2259 ὀκτακόσια

83 2289 135 2346 146
146 2287 274 2363 μάλιστα
295 2294 321 2351 ε’ς
338 2290 395 2364 ε’μέ.
436 2287 546 2348 Τούτων
568 2287 605 2347 ὧν
625 2289 791 2364 ἀμφοτέρων
804 2287 926 2364 πάρεστι

124 2377 249 2455 χρᾶσθαι
272 2378 351 2436 τοῖσί
375 2402 417 2440 τις
443 2377 571 2435 πείσεται
596 2377 776 2456 λεγομένοισι
801 2379 924 2451 μᾶλλον·

125 2465 187 2540 ἐμοὶ
209 2464 231 2523 δ’
254 2464 290 2523 ὦν
311 2464 330 2539 η’
351 2466 416 2541 περὶ
440 2463 531 2523 αὐτῶν
551 2463 647 2544 γνώμη
671 2463 859 2522 ἀποδέδεκται.
902 2468 926 2524 εἰ

126 2556 178 2628 μὲν
193 2552 247 2633 γάρ
269 2554 387 2629 φανεροί
404 2578 435 2611 τε
456 2552 582 2631 ε’γένονπο
604 2553 649 2608 καὶ
670 2551 865 2631 κατεγήρασαν
879 2551 925 2609 καὶ

125 2638 200 2699 οὗτοι
214 2646 242 2699 ἐν
255 2645 291 2718 τῇ
304 2639 430 2709 Ἑλλάδι,
444 2639 566 2717 κατάπερ
580 2639 738 2715 Ἡρακλέης
752 2639 768 2697 ό
782 2639 813 2708 ἐξ
821 2637 924 2716 Ἀμφι·

123 2727 241 2803 τρύωνος
259 2727 413 2807 γενόμενος,
431 2727 477 2786 καὶ
494 2727 527 2803 δή
547 2728 593 2785 καὶ
607 2726 744 2789 Διόνυσος
765 2725 780 2785 ὁ
795 2732 825 2785 ἐκ
840 2729 924 2804 Σεμέ·

123 2818 184 2890 λης,
199 2815 244 2873 καὶ
259 2815 322 2874 Πάν
337 2815 351 2875 ὁ
366 2821 396 2873 ἐκ
413 2815 581 2890 Πηνελόπης
598 2813 753 2895 γενόμενος,
768 2814 822 2890 ἔφη
836 2812 870 2874 ἀν
882 2840 924 2878 τις

124 2905 169 2961 καὶ
189 2902 304 2964 τούτους
331 2901 444 2971 ἅλλους,
469 2901 569 2978 ἄνδρας
592 2903 764 2983 γενομένους,
789 2904 862 2980 ἔχειν
886 2903 923 2962 τά

122 2992 229 3050 ἐκείνων
250 2989 390 3067 οὐνόματα
409 2995 464 3049 τῶν
483 2988 694 3071 προγεγονότων
715 2990 793 3050 θεῶν·
824 2994 873 3050 νῦν
893 2990 923 3050 δὲ

119 3078 261 3138 Διόνυσόν
278 3104 309 3136 τε
325 3079 443 3157 λέγουσι
464 3081 491 3136 οἱ
505 3078 652 3153 Ἕλληνες,
671 3076 707 3140 οἷς
727 3076 825 3137 αὐτίκα
844 3077 921 3159 γενά-

99 3190 196 3238 μενον
213 3172 245 3232 ἐς
260 3165 312 3229 τόν
330 3166 425 3248 μηρόν
444 3165 616 3247 ἐνερράψατο
634 3165 703 3228 Ὶιεὺς
723 3165 769 3223 καὶ
786 3165 876 3239 ἤνεικε
894 3169 921 3228 ε’ς

53 3240 60 3259 k
93 3253 205 3316 Νύσαν
227 3254 281 3330 τήν
300 3257 375 3334 ὑπὲρ
396 3257 549 3336 Αἰγύπτου
572 3258 677 3316 ἒοῦσαν
697 3257 724 3311 ἓν
744 3256 781 3325 τῇ
796 3252 933 3321 mmin-
