2040 3464
138 116 169 160 ιιι
443 113 625 160 ·ιιΡοιουου
898 108 932 173 [Ι.

135 190 311 266 ἀναισιμώθη
335 191 380 248 καὶ
400 191 433 250 τό
453 195 546 268 τεῖχος
565 189 658 250 όντινα
679 190 784 265 τρόπον
805 189 935 268 έργαστο.

136 278 305 355 ὀρύσσοντες
321 277 378 353 ἅμα
393 278 445 352 τήν
457 278 566 354 τάφρον
580 277 742 336 ἐπλίνθευον
754 275 806 350 τὴν
818 280 872 354 γῆν
884 275 937 350 τὴν

136 370 166 425 ἐκ
178 370 229 424 τοῦ
242 364 399 445 ὀρύγματος
415 367 611 442 ἐκφερομένην,
629 363 796 426 ἑλκύσαντες
811 363 840 422 δὲ
855 365 934 423 πλίν·

137 456 202 515 θους
224 454 317 514 ἱκανός
337 452 470 528 ὤπτησαν
491 453 575 515 αότοίς
594 458 622 511 ἐν
642 453 793 527 καμίνοισι·
813 451 884 527 μετά
898 452 935 521 δὲ,

136 542 254 618 τέλματι
274 539 426 618 χρεόμενοι
446 540 586 618 ἀσφάλτῳ
611 541 707 616 θερμῇ,
731 538 776 596 καὶ
796 538 841 596 διαὶ
860 542 935 614 τριή-

137 655 221 688 κοντα
238 628 329 703 δόμων
346 629 465 688 πλίνθου
483 629 603 703 ταρσοός
622 628 754 701 καλάμων
772 626 935 701 διαστοιβά·

136 719 235 788 ζοντες,
256 717 365 792 ἔδειμαν
385 721 482 793 πρῶτα
502 720 554 792 μὲν
573 721 623 791 τῆς
642 715 753 791 τάφρου
774 713 809 773 τό
828 714 935 792 χείλεα,

136 804 250 882 δεύτερα
268 805 298 863 δὲ
314 803 382 864 αὐτό
401 803 434 864 τό
447 809 540 882 τεῖχος
552 803 601 864 τόν
614 802 697 862 αὐτόν
709 802 823 879 τρόπον·
845 801 935 862 ἐπάνω

136 893 166 951 δὲ
178 898 228 953 τοῦ
240 895 346 970 τείχεος
358 891 435 966 παραὶ
447 891 483 951 τοί
496 893 610 970 ἔσχατα,
622 890 759 966 οἰκήματα
771 889 935 966 μουνόκωλα

137 982 246 1057 ἔδειμαν
267 982 443 1057 τετραμμένα
464 986 491 1042 ἐς
513 979 639 1054 άλληλα·
662 978 695 1038 τό
716 979 805 1055 μέσον
829 978 858 1036 δέ
880 983 936 1036 τῶν

137 1067 291 1144 οἰκημάτων
310 1071 405 1127 ἔλιπον
424 1068 566 1147 τεθρίππῳ
584 1068 757 1144 περιέλασιν.
797 1065 885 1124 πάλαι
906 1066 936 1124 δὲ

137 1161 267 1216 ἐνεστᾶσι
286 1157 368 1232 πέριξ
385 1161 436 1215 τοῦ
453 1157 558 1233 τείχεος
575 1154 679 1225 ἑκατόν,
697 1154 816 1233 χάλκεαι
834 1159 934 1223 ποῖσαι,

447 1243 534 1267 §tl

137 1247 183 1303 καὶ
209 1246 333 1320 σταθμοί
356 1271 387 1303 τε
412 1271 458 1303 και
480 1245 621 1320 υπερθυρα
648 1242 786 1304 οἰσαότως.
822 1244 882 1301 ἔστι
905 1243 935 1301 δέ

137 1332 213 1409 άλλη
233 1333 316 1395 πόλις
336 1332 483 1410 άπέχουσα
500 1331 571 1391 όκτοί
586 1331 709 1408 ἡμερέων
724 1330 790 1389 όδόν
806 1329 862 1389 άπό
880 1337 935 1388 Βα-

135 1422 273 1496 βυλῶνος·
295 1419 338 1483 Ἲς
359 1421 464 1496 οὕνομα
485 1419 564 1497 αὐτῇΙ
586 1421 651 1478 ἔνθα
673 1420 735 1476 ἐστὶ
757 1417 883 1493 ποταμός
902 1419 935 1478 οὖ

135 1510 232 1590 μέγας·
252 1508 295 1571 Ἲς
313 1510 411 1586 καὶτῷ
427 1512 543 1585 ποταμῷ
560 1506 593 1567 τό
610 1506 724 1582 οὕνομα·
746 1505 887 1582 ἐσβάλλει
906 1507 935 1565 δὲ

137 1594 217 1659 οὗτος
234 1603 261 1659 ἐς
278 1596 326 1656 τόν
340 1595 493 1673 Εὐφρήτην
509 1593 637 1671 ποταμόν
652 1595 685 1653 τό
699 1595 821 1671 ῥέεθρον.
856 1593 936 1658 οὗτος

138 1683 175 1744 ὧν
189 1685 204 1744 ό
217 1684 258 1747 Ἲς
271 1683 396 1760 ποταμός
409 1684 468 1761 ἅμα
480 1689 518 1762 τῷ
533 1683 612 1742 ὕδατι
626 1682 770 1759 θρόμβους
783 1681 935 1758 οἷσφάλτου

138 1771 262 1831 ἀναδιδοῖ
274 1771 408 1834 πολλούς’
430 1773 505 1831 ἔνθεν
519 1770 537 1846 ἦ
551 1770 700 1846 ἄσφαλτος
714 1775 740 1832 ἐς
752 1769 785 1828 τό
800 1775 828 1828 ἐν
841 1773 935 1845 Βαβυ-

95 1861 147 1922 180
157 1863 226 1918 λῶνι
244 1865 336 1937 τεῖχος
357 1860 502 1935 ἐκομίσθη.
537 1859 699 1935 Τετείχιστο
714 1858 766 1933 μέν
781 1858 862 1934 νυνή
880 1865 934 1918 Βα·

136 1948 234 2022 βυλοίν
258 1949 351 2027 τρόπῳ
376 1948 481 2024 τοιῷδε.
531 1947 591 2006 ἔστι
617 1947 646 2004 δέ
672 1945 720 2005 δύο
747 1945 861 2021 φάρσεα
885 1951 936 2021 τῆς

137 2036 245 2099 πόλιος·
273 2037 305 2096 τό
326 2037 381 2117 γάρ
403 2037 493 2112 μέσον
516 2035 600 2110 αὐτῆς
620 2034 746 2111 ποταμός
766 2035 875 2112 διέργει,
897 2040 936 2113 τῷ

138 2123 243 2201 οὔνομά
263 2129 324 2184 ἐστι
344 2124 504 2200 Εὐφρήτης.
544 2125 600 2200 ῥέει
621 2123 650 2182 δὲ
671 2124 701 2192 ἐξ
719 2122 869 2199 Ἀρμενίων
886 2122 936 2182 ἐόν

137 2214 225 2292 μέγας
246 2214 292 2271 καὶ
313 2213 404 2288 βαθίς
424 2213 470 2270 καὶ
489 2211 584 2291 ταχύς·
606 2213 670 2280 ἐξίει
691 2213 720 2270 δὲ
741 2209 820 2272 οὗτος
840 2216 867 2273 ἐς
884 2211 936 2285 τὴν

137 2299 274 2377 Ἐρυθρὴν
288 2300 448 2360 θάλασσαν.
485 2299 517 2360 τό
532 2300 568 2359 ὧν
582 2300 615 2375 δὴ
628 2304 720 2378 τεῖχος
734 2298 861 2375 ἑκάτερον
872 2301 937 2363 τοός

138 2387 262 2468 ἀγκῶνας
276 2394 302 2451 ἐς
314 2388 363 2448 τόν
375 2388 502 2465 ποταμόν
517 2388 660 2464 ἐλήλαται·
681 2389 713 2447 τό
728 2388 757 2446 δὲ
770 2387 825 2447 οἷπό
837 2387 937 2447 τούτου

138 2475 179 2558 [αἰ
193 2477 357 2558 ἐπικαμπαὶ]
379 2478 455 2554 παραὶ
474 2481 571 2556 χεῖλος
591 2476 718 2552 ἑκάτερον
737 2480 788 2536 τοῦ
807 2481 936 2550 ποταμοῦ

139 2565 257 2641 αἱμασιὴ
277 2567 400 2625 πλίνθων
420 2565 526 2625 όπτέων
548 2567 715 2642 παρατείνει.
756 2564 789 2623 τό
812 2564 841 2622 δὲ
864 2563 937 2623 άστυ

138 2653 215 2724 αότό,
230 2655 275 2712 ἐόν
291 2658 398 2730 πλῆρες
410 2654 515 2713 οἰκιέων
527 2654 688 2730 τριωρόφων
701 2679 732 2712 τε
746 2653 792 2710 καὶ
804 2652 936 2728 τετρωρό-

141 2749 209 2816 φων,
231 2743 433 2817 κατατέτμηται
452 2742 501 2804 τοίς
521 2742 600 2803 όδοός
617 2742 708 2811 ἰθείας,
728 2741 777 2802 τάς
796 2766 827 2798 τε
845 2739 937 2803 όλλας

140 2831 185 2888 καὶ
204 2829 253 2892 τός
273 2818 435 2906 ἐπικαρσίας
455 2829 504 2892 τός
525 2832 570 2888 ἐπὶ
589 2829 638 2888 τόν
659 2830 786 2904 ποταμόν
807 2829 936 2906 ἐχούσας.

141 2917 210 2976 κατοί
231 2917 265 2992 δὴ
281 2917 317 2976 ὦν
339 2918 457 2992 ἑκάστην
478 2917 542 2976 ὁδόν
563 2924 591 2976 ἐν
611 2921 646 2993 τῇ
668 2921 786 2995 αἱμασιῇ
807 2921 841 2993 τῇ
860 2916 936 2991 παρά

138 3006 188 3064 τόν
209 3005 336 3080 ποταμόν
355 3006 468 3067 πυλίδες
488 3009 604 3080 ἐπῆσαν,
627 3004 693 3064 όσαι
714 3033 765 3080 περ
784 3009 812 3062 αἰ
835 3009 937 3080 λαῦραι

139 3098 275 3152 τοσαῦται
295 3092 422 3170 οἷριθμόν·
444 3093 518 3168 ἦσαν
536 3094 626 3151 δὲκαὶ
645 3091 725 3151 αὗται
741 3093 868 3171 χάλκεαι,
888 3094 936 3168 φέ-

4 3236 6 3259 3
75 3180 133 3234 181
138 3205 249 3252 ρουσαι
263 3182 312 3240 καί
326 3181 410 3243 αόταὶ
424 3187 452 3247 ἐς
467 3181 549 3242 αὐτόν
562 3182 609 3242 τόν
621 3182 755 3256 ποταμόν.
785 3186 874 3239 Τοῦτο
887 3184 939 3255 μὲν

109 3263 149 3331 ὅθ
169 3267 209 3328 τό
226 3275 329 3352 τεῖχος
352 3273 453 3353 θώρηξ
475 3273 551 3335 ἐστί·
573 3273 668 3351 ’ἕτερον
689 3271 722 3329 δε
739 3270 842 3330 ’ἰσωθὶν
859 3272 952 3342 *Q*
