2040 3464
103 109 213 172 ιιι-59]
451 111 564 160 mm.
709 157 711 162 ,
873 115 905 161 25

104 190 259 266 Καδμείων,
282 191 355 249 οἴκεε
378 195 407 250 ἐν
432 190 527 269 Πίνδῳ
553 189 701 250 Μακεδνδν
727 189 905 264 καλεόμενον·

103 279 228 338 ἐνθεῦτεν
249 278 278 336 δὲ
300 278 377 341 αὖτις
399 283 426 340 ἐς
443 277 495 353 τὴν
513 279 658 354 Δρυοπίδα
675 279 791 354 μετέβη,
810 277 855 334 καὶ
875 282 905 337 ἐκ

102 369 153 440 τῆς
171 365 326 441 Δρυοπιδος
344 364 429 429 οὕτως
447 370 474 428 ἐς
493 364 714 441 Πελοπόννησον
732 364 825 431 ἐλθόν,
844 372 902 424 Δω-

101 451 180 530 ρικόν
195 452 308 528 ἐκλήθη.

138 539 195 599 Ἦν
207 564 269 599 τινα
282 540 312 597 δὲ
324 543 463 619 γλῶσσαν
478 539 557 600 ἵεσαν
571 543 598 599 οἱ
612 543 769 620 Πελασγοὶ,
784 537 833 599 οὔκ
851 542 903 619 ἐχω
912 543 947 603 57

101 625 235 703 ἀτρεκέως
261 628 347 686 εἶπαι.
390 631 413 686 εί
439 627 469 685 δὲ
493 626 578 705 χρεόν
604 633 665 686 ἐστι
688 626 903 703 τεκμαιρόμενον

99 715 194 795 λέγειν
206 719 283 774 τοῖσι
296 719 344 773 νῶν
358 715 396 774 ἐτι
410 719 489 774 ἐοῦσι
501 718 670 794 Πελασγῶν,
683 719 739 773 τῶν
751 713 820 791 ίπέρ
835 721 903 792 Τυρ·

99 805 194 876 σηνῶν
212 806 371 878 Κρηστῶνα
388 801 474 861 πόλιν
492 801 642 871 οἰκεόντων,
662 800 689 860 οἳ
707 800 824 877 ὅμουροί
839 827 902 862 κοτε

98 888 175 964 ἦσαν
194 894 272 949 τοῖσι
293 893 343 950 νῦν
367 893 507 966 Δωριεῦσι
530 890 734 965 καλεομένοισι,
759 890 848 949 οἴκεον
871 892 901 951 δὲ

97 981 247 1052 τηνικαῦτα
258 982 313 1058 γῆν
325 977 377 1053 την
390 983 438 1037 νῦν
451 982 646 1036 Θεσσαλιῶτιν
660 979 838 1054 καλεομένην·
855 980 900 1038 καὶ

97 1069 152 1123 τῶν
165 1066 295 1140 Πλακίην
307 1090 338 1123 τε
352 1066 397 1123 καὶ
411 1065 557 1140 Σκυλάκην
568 1069 727 1139 Πελασγῶν
738 1064 900 1126 οἰκισάντων

97 1155 128 1210 ἐν
134 1151 346 1230 Ἑλλησπόντῳ,
357 1153 384 1212 οἳ
392 1151 516 1211 σύνοικοι
525 1153 650 1233 ἐγένοντο
659 1151 841 1228 Ἀθηναίοισι,
854 1155 899 1212 καὶ

97 1238 154 1298 ὅσα
172 1238 249 1298 ἅλλα
267 1239 437 1320 Πελασγικῶ
456 1239 536 1299 ἐόντα
554 1240 721 1315 πολίσματα
738 1238 770 1298 τό
794 1240 899 1318 οὔνομα

95 1328 248 1403 μετέβαλε·
278 1332 303 1386 εί
329 1328 456 1387 τούτοισι
485 1328 702 1405 τεκμαιρόμενον
728 1329 770 1386 δεῖ
795 1329 895 1409 λέγειν,

95 1415 172 1491 ἦσαν
192 1419 219 1475 οἱ
240 1417 391 1496 Πελασγοὶ
410 1415 561 1492 βάρβαρον
580 1420 718 1495 γλῶσσαν
740 1416 831 1478 ἱέντες.
873 1421 898 1476 εἰ

94 1503 187 1577 τοίνυν
205 1502 241 1578 ἦν
260 1504 378 1562 καὶτῶν
395 1507 504 1562 τοιοῦτο
522 1503 556 1563 τό
576 1501 766 1583 Πελασγικόν,
783 1503 815 1562 τό
833 1503 895 1563 Ἀτ-

93 1589 173 1649 τικόν
191 1591 276 1660 έθνος,
295 1590 341 1650 ἐόν
359 1589 551 1670 Πελασγικόν,
569 1589 628 1666 ἅμα
644 1594 679 1668 τῇ
696 1591 845 1668 μεταβολῇ
860 1596 896 1669 τῇ

94 1683 123 1741 ἐς
130 1678 273 1754 Ἕλληνας
287 1681 333 1736 καὶ
344 1677 397 1755 τήν
409 1683 547 1758 γλῶσσαν
559 1679 707 1755 μετέμαθε.
734 1678 779 1737 καὶ
791 1677 846 1759 γάρ
859 1679 894 1755 δη

93 1763 158 1825 οὕτε
183 1769 210 1826 οἱ
236 1770 449 1844 Κρηστωνιῆται
476 1764 623 1843 οὐδαμοῖσι
649 1770 704 1825 τῶν
730 1770 778 1825 νῦν
801 1774 893 1842 σφεας

92 1852 300 1930 περιοικεόντων
318 1854 373 1913 εἰσὶ
391 1852 583 1934 ὁμόγλωσσοι,
599 1852 663 1912 οὔτε
680 1857 707 1911 οἱ
725 1856 892 1930 Πλακιηνοί·

92 1938 181 2016 σφίσι
191 1942 221 2000 δὲ
234 1940 427 2021 ὁμόγλωσσοι·
447 1942 569 2016 δηλοῦσί
579 1967 618 2009 τε,
629 1940 679 2011 ὅτι,
690 1940 739 2001 τόν
749 1941 892 2016 ἠνείκαντο

91 2028 229 2109 γλώσσης
256 2033 419 2109 χαρακτῆρα
447 2029 663 2105 μεταβαίνοντες
690 2035 717 2092 ἐς
742 2034 830 2089 ταῦτα
855 2032 891 2091 τοὶ

90 2117 187 2195 χωρία,
200 2121 299 2177 τοίτον
312 2117 410 2195 έχουσι
423 2121 451 2176 ἐν
464 2121 588 2194 φυλακῇ.
629 2115 668 2175 Τό
682 2116 712 2175 δὲ
724 2116 890 2192 Ἑλληνικόν
898 2124 938 2180 58

90 2205 213 2285 γλώσσῃ
228 2207 288 2282 μὲν,
306 2205 367 2263 ἐπεί
379 2229 410 2262 τε
427 2205 534 2284 ἐγένετο
550 2204 606 2262 αἰεί
619 2230 682 2263 κοτε
696 2209 732 2282 τῇ
748 2205 817 2284 αὐτῇ
834 2206 889 2265 δια-

90 2291 209 2369 χρέεται,
234 2290 270 2354 ῶς
294 2291 356 2366 ἐμοὶ
380 2291 578 2365 καταφαίνεται
605 2291 684 2350 εἶναι·
711 2291 888 2370 ἀποσχισθὲν

89 2380 186 2455 μέντοι
203 2378 259 2438 ἀπό
277 2381 327 2437 τοῦ
346 2381 529 2458 Πελασγικοῦ
548 2378 594 2437 ε’όν
612 2378 734 2448 οἷσθενές,
748 2378 804 2438 άπό
823 2407 887 2457 σμι·

90 2471 158 2543 κροῦ
170 2493 218 2527 τεο
233 2465 285 2542 την
300 2465 390 2544 ἀρχὴν
408 2464 590 2543 όρμειόμενον,
605 2466 720 2542 αὔξηται
737 2472 764 2530 ἐς
779 2469 889 2543 πλῆθος

91 2553 158 2635 [τῶν
184 2553 293 2635 ἐθνέων]
319 2552 439 2623 πολλόν,
465 2554 593 2630 μάλιστα
618 2554 890 2633 προσκεχωρηκότων

89 2641 224 2719 αὐτῷκαὶ
241 2640 337 2701 ἄλλων
355 2642 453 2700 ἐθνέων
470 2641 626 2718 βαρβάρων
642 2648 761 2721 συχνῶν.
803 2641 839 2704 ῶς
855 2642 888 2717 δή

89 2727 128 2788 ῶν
148 2729 213 2804 ἐμοί
230 2754 264 2810 γε
285 2729 372 2787 δοκέει
394 2727 456 2786 οὐδὲ
476 2727 509 2786 τό
532 2729 715 2808 Πελασγικόν
737 2728 821 2795 ἔθνος,
844 2727 889 2787 ἐόν

89 2817 248 2894 βάρβαρον,
263 2814 370 2893 οὐδαμοὶ
383 2816 511 2896 μεγάλως
524 2815 684 2890 αὐξηθῆναι.

129 2903 238 2965 Τούτων
254 2903 288 2979 δη
306 2903 342 2964 ῶν
357 2908 413 2963 τῶν
429 2904 526 2962 ἐθνέων
542 2902 575 2961 τό
595 2906 647 2978 μὲν
665 2901 792 2961 Ἀττικόν
813 2927 887 2961 κατε·
897 2905 936 2962 59
960 2947 964 2953 -

88 2991 209 3070 χόμενόν
225 3017 257 3051 τε
272 2991 318 3049 καὶ
337 2991 542 3067 διεσπασμένον
559 2989 722 3050 ἐπυνθάνετο
736 2989 752 3048 ό
766 2994 891 3066 Κροῖσος

88 3080 143 3140 ὑπό
172 3078 381 3156 Πεισιστράτου
408 3083 458 3137 τοῦ
485 3072 683 3156 Ἱπποκράτεος
709 3081 808 3137 τοῦτον
841 3078 892 3137 τῶν

84 3166 191 3244 χρόνον
206 3166 417 3244 τυραννεύοντος
434 3165 604 3246 Ἀθηναίων.
643 3163 922 3242 Ἱπποκρότέιηδρ,

77 3253 149 3310 ε’όντι
159 3252 254 3334 ἰδιώτῃ
262 3255 312 3315 καὶ
324 3257 479 3336 θεωρέοντι
487 3258 527 3322 τό.
537 3257 618 3320 Ὀλό
623 3283 713 3336 μπια,
721 3250 947 3332 τέραςέηένετῦ
971 3296 977 3305 .
