2040 3464
131 111 176 156 ιτα
433 108 617 156 Ἤνοιοτοι·
877 105 928 170 [ιι

128 189 189 262 μόν,
207 189 252 245 καὶ
270 188 423 265 Μάκρωνες
438 191 464 246 οἰ
482 187 609 246 τούτοισι
623 187 817 266 άσηγείτανες
830 185 930 256 ἐόντες,

128 273 185 332 άπδ
200 274 321 352 Κόλχων
343 277 417 349 φασὶ
437 275 537 334 νεωστὶ
556 274 756 350 μεμαθηκέναι·
785 272 862 333 οὗτοι
874 274 931 353 γάρ

129 366 185 419 εἰσι
203 365 229 420 αἶ
245 362 476 438 περιταμνόμενοι
492 360 642 438 άνθριόπων
658 365 767 438 μοῦνοι.
795 359 932 421 καὶοῦτοι

129 450 309 530 Αἰγυπτίοισι
339 451 485 524 φαίνονται
516 454 656 534 ποιεῦντες
687 449 758 507 κατά
789 448 825 508 τά
850 448 931 518 αὐτὰ,

130 537 220 596 αι’·τιῑν
240 538 270 596 δὲ
291 538 450 617 Αἰγυπτίων
471 539 517 595 καὶ
538 537 679 596 Αἰθιόπων
701 535 751 595 οὐκ
772 537 825 614 ἔχω
846 540 932 596 εἰπεῖν

130 624 254 702 ὁκότεροι
275 625 351 701 παραὶ
371 628 425 683 τῶν
447 624 545 699 ἐτέρων
567 624 710 700 ἐξέμαθον·
739 622 857 702 α’ρχαῖον
876 623 931 703 γάρ

130 712 164 787 δή
183 740 212 772 τι
233 714 361 789 φαίνεται
382 712 436 771 ἐάν·
467 712 502 776 ὥς
522 712 544 771 δ’
566 711 779 791 ἐπιμισγόμενοι
799 709 931 792 Αἰγύπτῳ

131 800 272 877 ἐξέμαθον,
300 799 375 879 μέγα
400 825 450 875 μοι
478 801 523 858 καὶ
550 799 613 860 τόδε
639 797 789 874 τεκμήριον
814 799 931 878 γίνεται·

129 889 262 947 Φοινίκων
289 887 387 946 ὁκόσαι
408 891 444 966 τῇ
468 886 587 946 Ἑλλάδι
611 887 816 965 ἐπιμίσγονται,
840 884 930 945 ούκέτι

129 975 296 1055 Αἰγυπτίους
323 972 470 1051 μιμέονται
497 974 568 1033 κατά
591 974 627 1034 ταὶ
650 973 749 1042 αἰδοῖα,
775 971 852 1030 άλλαὶ
875 978 930 1033 τῶν

85 1063 139 1126 105
149 1063 346 1144 ἐπιγινομένων
367 1061 400 1122 αὖ
426 1062 627 1138 περιτάμνουσι
653 1061 691 1121 τά
718 1061 817 1119 αἰδοῖα.
858 1061 929 1138 Φέρε

128 1177 175 1210 νυν
189 1152 234 1209 καὶ
248 1151 322 1209 ἄλλο
337 1151 404 1209 εἴπω
418 1153 482 1226 περὶ
494 1155 549 1209 τῶν
560 1150 691 1228 Κόλχων,
704 1148 739 1211 ὥς
747 1148 929 1228 Αἰγυπτίοισι

127 1238 302 1315 προσφερέες
320 1238 385 1298 εἶσί.
426 1239 505 1297 λίνον
521 1242 620 1314 μοῦνοι
637 1235 717 1296 αὗταί
732 1262 763 1295 τε
780 1236 826 1294 καὶ
844 1235 928 1318 Αἰγύ-

127 1352 203 1385 πτιαι
218 1327 379 1402 ἐργάζονται
393 1325 464 1383 κατά
475 1324 512 1384 ταί
525 1325 604 1383 αύτά.
632 1325 678 1381 καὶ
692 1324 710 1398 ηε
725 1323 775 1399 ζόη
789 1327 869 1382 πάσα
882 1325 928 1382 καὶ

127 1413 145 1487 ἡ
159 1414 282 1494 γλάμωνι
294 1413 416 1489 ἐμφερής
431 1418 492 1472 ἐστι
505 1411 670 1488 ἀλλήλαισι.
698 1413 777 1470 λίνον
791 1411 820 1469 δέ
833 1411 865 1470 τό
876 1415 927 1487 μὲν

128 1498 656 1578 Καλχικδν,ύπὸἘλλήνωνΣαρδονικόν
666 1499 808 1574 κέκληται·
822 1499 854 1557 τό
862 1500 927 1575 μέν·

126 1613 170 1648 τοι
183 1589 230 1647 άπ’
245 1589 388 1667 Αἰγύπτου
403 1587 599 1663 ἀπικνεύμενον
613 1586 742 1646 καλέεται
756 1584 918 1666 Αἰγύπτιον.

82 1678 139 1736 106
168 1676 225 1739 Τάς
238 1677 267 1734 δὲ
281 1676 390 1750 στήλας
403 1676 453 1737 ταὶς
473 1676 539 1733 ἵστα
560 1675 630 1734 καταῖ
643 1675 692 1736 τάς
708 1674 801 1752 χώρας
814 1673 829 1732 ό
843 1676 926 1755 Αἰγύ-

126 1789 198 1823 πτου
220 1762 360 1839 βασιλεύς
384 1762 552 1838 Σέσωστρις,
577 1765 607 1820 αἱ
627 1765 678 1838 μέν
698 1766 815 1823 πλεῦνες
836 1761 925 1821 ούκέτι

126 1853 273 1926 φαίνονται
293 1853 465 1928 περιεοῦσαι·
487 1854 516 1908 ἐν
534 1850 563 1908 δέ
583 1855 619 1928 τῇ
636 1851 817 1927 Παλαιστίνῃ
839 1852 925 1930 Συρίῃ

125 1937 207 2000 αύτός
228 1937 306 2014 ὄρεαν
323 1936 431 2006 ἰούσας,
447 1938 492 1995 καὶ
512 1937 547 1996 τά
566 1936 719 2017 γράμματα
738 1938 774 1997 ταὶ
794 1938 925 2014 εἰρημένα

125 2025 243 2095 ἐνεόντα,
270 2025 316 2083 καὶ
347 2025 474 2106 γυναικός
504 2025 604 2084 αἰδοῖα.
646 2027 702 2084 εἰσὶ
732 2027 762 2083 δέ
790 2027 835 2083 καὶ
860 2030 924 2102 περὶ

124 2111 229 2186 Ἰωνίην
242 2115 290 2174 δύο
304 2111 388 2172 τύποι
402 2117 431 2170 ἐν
440 2111 562 2190 πέτρῃσι
575 2112 811 2192 ἐγκεκολαμμένοι
823 2113 924 2173 τούτου

123 2205 173 2259 τοῦ
186 2199 292 2276 άνδρὸς,
303 2203 338 2277 τῇ
355 2225 383 2258 τε
397 2204 427 2256 ἐκ
440 2203 490 2273 τῆς
499 2199 635 2275 Ἐφεσίης
649 2206 676 2263 ἐς
689 2201 816 2259 Φώκαιαν
830 2202 923 2279 ἔρχον-

123 2314 178 2357 ται,
199 2288 245 2346 καὶ
264 2291 300 2365 τῇ
322 2293 351 2346 ἐκ
372 2287 497 2363 Σαρδίων
518 2293 544 2349 ἐς
565 2288 704 2365 Σμύρνην·
727 2287 873 2364 ἑκατέρωθι
893 2290 924 2349 δὲ

124 2374 194 2451 αἶνῆρ
214 2374 410 2456 ἐγγέγλυπται,
422 2374 549 2455 μέγαθος
565 2375 692 2451 πέμπτης
712 2376 866 2452 σπιθαμῆς,
887 2383 923 2457 τῇ

124 2465 174 2528 μὲν
194 2463 269 2540 δεξιῇ
290 2478 352 2540 χερι·
373 2463 444 2540 ἔχων
465 2461 569 2540 αἰχμὴν
589 2467 625 2540 τῇ
645 2462 674 2521 δέ
695 2460 828 2541 άριστερῇ
845 2464 922 2533 τόξα,

124 2551 170 2609 καὶ
182 2550 234 2626 τήν
247 2549 339 2625 άλλην
353 2549 456 2625 σκευὴν
473 2549 611 2611 ὡσαύτως·
634 2551 680 2608 καὶ
694 2548 750 2629 γάρ
767 2552 923 2630 Αἰγυπτίην

124 2640 169 2697 καὶ
186 2638 333 2697 Αἰθιοπίδα
357 2639 421 2715 ἔχει·
444 2642 474 2696 ἐκ
495 2637 525 2696 δὲ
543 2642 595 2696 τοῦ
615 2636 690 2713 ὤμου
712 2642 739 2699 ἐς
759 2638 808 2696 τόν
829 2639 922 2714 ἕτερον

126 2724 198 2802 ιἰμον
225 2726 270 2784 διά
294 2730 349 2784 τῶν
376 2725 501 2799 στηθέων
529 2723 682 2804 γράμματα
709 2724 755 2799 ἱρά
781 2726 921 2806 Αἰγύπτια

122 2813 209 2888 διήκει
223 2812 456 2893 ἐγκεκολαμμένα,
470 2812 590 2892 λέγοντα
602 2812 675 2871 τάδε·
697 2817 772 2872 ΕΓΩ
786 2818 921 2873 ΤΗΝΔΕ

125 2906 204 2960 ΤΗΝ
233 2905 369 2959 ΧΩΡΗΝ
396 2903 536 2962 ΩΜΟΙΣΙ
562 2903 667 2960 ΤΟΙΣΙ
691 2902 832 2964 ΕΜΟΙΣΙ
855 2906 920 2960 ΕΚ·

122 2991 328 3052 ΤΗΣΑΜΗΝ.
370 2986 448 3049 ὅστις
469 2987 498 3045 δέ
520 2986 565 3043 καὶ
589 2985 687 3045 ὁκόθεν
708 2987 777 3056 ἐστὶ,
800 2989 919 3047 ἐνθαῦτα

110 3077 172 3149 μέν
189 3075 225 3134 ου’
240 3075 330 3151 δηλοῖ,
345 3073 457 3152 ἑτέρωθι
470 3074 499 3133 δέ
513 3073 659 3147 δεδήλωκε·
679 3073 715 3132 τά
731 3073 766 3148 δὴ
784 3074 830 3133 καὶ
842 3101 918 3152 μετε·

99 3158 214 3236 {lupae
232 3167 293 3224 νίν
304 3162 493 3243 θεησαμένων
506 3161 656 3240 Μέμνονος
670 3160 762 3221 εἰκόνα
781 3162 840 3220 εἰκά
855 3187 917 3222 ουπι

77 3265 142 3315 μιν
154 3247 242 3321 εἶναι,
257 3253 342 3316 ‘ulfi
355 3257 413 3332 τῆς
426 3251 573 3332 ἀληθηΐης
587 3246 840 3325 ἀπολελειμμένοι.
