2040 3464
128 95 174 144 ιιι
434 96 616 143 ἮΡοΔοιου
870 94 929 158 [ιν.

127 172 301 251 ὁμοιόταται.
332 179 458 235 τοσαῦτα
470 175 523 251 μέν
537 201 584 235 νυν
599 176 681 253 θηρία
694 175 713 250 ἡ
726 178 780 234 τῶν
794 174 934 251 Νομάδων

126 261 242 338 Λιβύων
257 267 296 342 γῆ
317 263 382 342 ἔχει,
396 262 466 323 ὅσον
482 262 563 339 ἡμεῖς
582 264 754 340 ἱστορέοντες
771 262 816 321 ἐπὶ
828 263 931 340 μακρά-

126 375 211 409 τατον
225 349 323 410 οἷοίτε
336 351 486 431 ἐγενίμεθα
501 351 650 420 ἐξικέσθαι.

81 442 138 499 193
182 438 304 509 Μαξύων
326 439 355 498 δέ
377 438 492 515 Λιβύων
513 439 635 514 Ζαύηκες
657 441 776 517 ἔχονται,
799 441 877 498 τοῖσι
903 444 932 499 αἱ

82 529 138 587 194
148 531 276 609 γυναῖκες
288 527 434 605 ἡνιοχεῦσι
446 528 482 587 τά
492 527 603 605 ἅρματα
614 533 641 590 ἐς
648 527 697 587 τᾶν
706 526 843 602 πόλεμον.
864 528 932 586 Τού-

126 643 181 675 των
200 616 229 674 δὲ
248 615 383 686 Γύζαντες
399 618 517 694 ἔχονται,
534 621 563 674 ἐν
578 619 654 674 τοῖσι
671 615 738 691 μέλι
756 616 808 690 μὲν
820 616 932 676 πολλῦν

126 706 267 781 μέλισσαι
281 703 504 784 κατεργάζονται,
518 708 618 782 πολλῷ
632 703 654 762 δ’
669 705 708 763 ἔτι
721 704 810 763 πλέον
819 705 932 784 λέγεται

128 792 311 873 δημιουργούς
324 791 424 869 ἄνδρας
437 793 549 852 ποιέειν·
566 797 731 869 μιλτοῦνται
760 790 768 809 ’
781 790 818 850 ὧν
831 791 932 855 πάντες

129 879 213 950 οὗτοι,
231 881 277 938 καὶ
294 881 548 962 πιθηκοφαγέουσι·
569 884 596 939 οἱ
612 880 643 939 δέ
660 887 717 955 σφι
730 878 851 954 ἄφθονοι
866 879 932 952 ὅσοι

84 971 140 1027 195
150 975 178 1028 ἐν
185 972 261 1028 τοῖσι
275 967 371 1046 οὔρεσι
383 970 517 1049 γίνονται.
548 968 631 1027 Κατὰ
642 967 756 1030 τούτους
769 967 798 1026 δέ
811 969 933 1048 λέγουσι

128 1057 317 1135 Καρχηδόνιοι
327 1057 440 1117 κέεσθαι
448 1061 536 1132 νῆσον
545 1061 580 1134 τῇ
591 1055 696 1133 οὕνομα
704 1056 773 1115 εἶναι
782 1055 930 1133 Κύραυνιν,

127 1149 217 1221 μῆκος
236 1148 288 1220 μὲν
310 1145 457 1221 διηκοσίων
479 1145 600 1204 σταδίων
627 1144 735 1208 πλάτος
757 1144 786 1202 δὲ
808 1144 930 1220 στεινήν,

129 1234 265 1309 διαβατὸν
289 1239 319 1293 ἐκ
342 1236 393 1310 τῆς
420 1233 544 1310 ἠπείρου,
566 1234 686 1309 ἐλαιέων,
701 1259 731 1292 τε
753 1232 861 1309 μεστήν
885 1236 931 1293 καὶ

128 1321 271 1396 α’μπέλων·
285 1323 388 1398 λίμνην
399 1322 428 1380 δὲ
442 1327 470 1380 ἐν
481 1320 551 1399 αὐτῇ
563 1321 639 1390 εἶναι,
654 1326 684 1379 ἐκ
697 1325 747 1396 τῆς
758 1324 787 1379 αἱ
797 1322 931 1397 παρθένοι

126 1414 181 1468 τῶν
195 1411 346 1487 ἐπιχωρίων
360 1414 489 1485 πτεροῖσι
502 1408 617 1486 ὀρνίθων
635 1411 824 1487 κεχριμένοισι
836 1410 930 1488 πίσσῃ

128 1503 157 1555 ἐκ
179 1501 230 1573 τῆς
257 1497 333 1560 ἰλύος
357 1502 457 1578 ψῆγμα
482 1497 656 1574 ἀναφέρουσι
678 1501 798 1575 χρυσοῦ.
840 1503 930 1557 ταῦτα

128 1590 151 1644 εἰ
166 1586 218 1662 μέν
233 1591 295 1645 ἐστι
309 1585 434 1662 ἀληθέως
448 1585 497 1644 οῦκ
511 1586 581 1652 οἶδα,
596 1586 631 1644 τοὶ
645 1587 674 1644 δὲ
688 1587 801 1666 λέγεται
814 1585 927 1666 γράφω·

128 1676 169 1750 εἴη
190 1673 212 1732 δ’
233 1671 267 1733 άν
287 1680 353 1734 πᾶν·
375 1674 441 1733 ὅκου
458 1676 504 1733 καὶ
523 1681 552 1733 ἐν
569 1673 699 1753 Ζακύνθῳ
715 1680 745 1732 ἐκ
762 1675 863 1750 λίμνης
882 1676 929 1734 καὶ

127 1763 224 1825 ὕδατος
237 1765 347 1824 πίσσαν
363 1763 574 1839 ἀναφερομένην
588 1762 671 1826 αὐτὸς
690 1762 743 1842 ἐγώ
758 1761 851 1839 ὥρεον.
873 1766 929 1823 εἰσὶ

126 1854 177 1926 μὲν
197 1853 242 1909 καὶ
261 1857 379 1914 πλεῦνες
397 1855 426 1910 αἱ
445 1852 543 1928 λίμναι
562 1849 666 1920 αῦτάθι,
681 1851 699 1926 ἡ
714 1851 743 1910 δὲ
757 1849 794 1909 ὧν
806 1853 929 1932 μεγίστη

129 1939 230 1997 αῦτέων
240 1940 434 2016 ἑβδομήκοντα
444 1940 537 1999 ποδῶν
547 1939 638 2014 πάντη
648 1939 740 2014 βάθος
751 1939 779 1996 δέ
790 1938 930 2019 διάργυιός

127 2033 197 2085 ἐστι·
219 2032 246 2088 ἐς
262 2027 364 2102 ταύτην
382 2027 480 2086 κοντὸν
499 2032 618 2086 κατιεῖσι
637 2026 679 2087 ἐπ’
698 2026 772 2106 άκριρ
790 2028 929 2104 μυρσίνην

125 2111 344 2187 προσδήσαντες,
367 2114 412 2172 καὶ
436 2116 528 2173 ἔπειτα
553 2114 726 2191 ἀναφέρουσι
746 2120 782 2194 τῇ
804 2117 929 2195 μυρσίνη

125 2203 243 2272 πίσσαν,
264 2201 352 2279 ὀδμήν
372 2206 424 2279 μὲν
445 2205 566 2281 ἔχουσαν
584 2203 737 2280 άσφάλτου
754 2204 790 2262 τά
810 2203 833 2262 δ’
850 2203 930 2264 ἅλλα

125 2294 174 2364 τῆς
189 2296 322 2368 Πιερικῆς
332 2293 439 2368 πίσσης
448 2291 560 2369 οἷμείνω.
590 2293 723 2370 ἐσχέουσι
737 2293 766 2351 δὲ
781 2298 808 2355 ές
821 2291 929 2353 λάκκον

125 2379 316 2460 ὀρωρυγμένον
328 2381 418 2462 άγχοῦ
432 2386 483 2455 τῆς
496 2383 605 2458 λίμνης·
627 2381 711 2440 ἐπεὰν
725 2381 754 2440 δὲ
768 2381 928 2457 ἀθροίσωσι

126 2468 241 2546 συχνην,
271 2468 342 2528 οὕτω
368 2475 395 2531 ἐς
421 2469 485 2532 τοῦς
515 2469 660 2547 ἀμφορέας
687 2474 717 2527 ἐκ
744 2473 795 2528 τοῦ
821 2469 928 2529 λα’κκου

126 2557 305 2633 καταχέουσι·
329 2557 344 2616 ὅ
362 2584 389 2616 τι
408 2557 430 2616 δ’
449 2555 482 2617 ἂν
500 2559 610 2636 ἐσπέσῃ
630 2564 657 2620 ἐς
677 2557 729 2631 την
745 2558 856 2634 λίμνην,
872 2558 928 2618 ῦπὸ

125 2648 179 2724 γῆν
194 2644 235 2703 ἰόν
251 2642 432 2720 ιῖναφαίνεται
447 2651 475 2705 ἐν
487 2649 523 2725 τῇ
537 2646 682 2724 θαλάσσῃ·
703 2644 721 2719 ἦ
736 2645 765 2703 δὲ
779 2645 879 2725 άπέχει
893 2646 929 2710 ὦς

125 2733 248 2809 τέσσερα
269 2733 371 2792 στάδια
389 2733 445 2793 άπό
464 2738 514 2810 τῆς
534 2735 643 2810 λίμνης.
686 2733 756 2793 οῦτω
776 2732 813 2792 ὧν
832 2736 879 2793 καὶ
891 2737 928 2795 τά

126 2820 181 2879 άπό
194 2825 244 2896 τῆς
262 2821 351 2896 νήσου
370 2827 420 2896 τῆς
437 2823 482 2880 ἐπὶ
499 2821 595 2900 Λιβύῃ
613 2823 738 2899 κειμένης
755 2821 851 2881 οἰκότα
866 2826 928 2884 ἐστὶ

126 2909 255 2987 άληθηίῃ.

72 3001 135 3056 Ῑθθ
184 2999 312 3080 Λέγουσι
338 2999 367 3057 δέ
392 3000 437 3057 καὶ
458 3000 524 3058 τάδε
547 2999 750 3077 Καρχηδόνιοι·
781 2999 850 3059 εἶναι
876 3006 928 3077 τῆς

110 3089 230 3168 Λιβύης
252 3087 351 3172 χῶρόν
372 3116 402 3151 τε
433 3088 477 3149 καὶ
498 3087 655 3166 ἀνθρώπους
676 3087 726 3155 ἔξω
746 3086 928 3164 Ἡρακληΐων

100 3183 247 3256 στηλέων
264 3184 502 3264 κατοικημένους,
517 3186 545 3244 ἐς
553 3177 619 3240 τοῦς
631 3175 710 3236 ἐπεδν
724 3174 871 3234 απλκωυται
882 3181 927 3237 καὶ

89 3267 270 3337 ἷξῦιωνται
290 3275 333 3339 τὰ
359 3275 483 3357 φορτία,
501 3271 599 3335 θέντες
614 3264 687 3326 (15)τᾶ
699 3262 800 3334 ὶπῑὲῗλὲ
812 3262 948 3332 Μυῖῑῒλλ
