2040 3464
150 112 196 160 ιιι
258 107 262 115 ·
452 110 635 158 Ἦνοιοιοι·
888 107 950 173 [ιν.

148 189 178 248 δὲ
199 192 378 265 Κιμμερίους,
401 188 532 248 ἐπιόντων
549 188 683 257 Σκυθέων,
703 185 898 263 βουλεύεσθαι
919 187 953 250 ώς

147 282 270 353 στρατοῦ
297 277 422 339 ἐπιόντος
450 276 586 358 μεγάλου·
628 276 673 334 καὶ
704 275 737 351 δή
765 275 817 338 τάς
841 275 954 355 γνώμας

148 365 245 440 σφέων
281 366 494 442 κεχωρισμένας,
529 363 654 426 ἐντόνους
690 364 743 474 μὲν
781 363 954 472 ἀμφοτέρας,

148 453 249 528 ἀμείνω
268 448 350 511 δέ
315 479 367 527 την
385 457 440 512 τῶν
457 453 613 529 βασιλέων·
634 450 686 527 τήν
705 453 757 528 μὲν
776 478 832 532 γαρ
851 450 954 526 δήπου

148 541 236 651 δήμου
258 541 353 617 φέρειν
372 540 486 622 γνώμην
510 540 545 602 ώς
565 539 811 599 α’παλλάσσεσθαι
834 543 953 621 πρῆγμα

148 630 198 705 εἴη,
220 629 291 705 μηδὲ
311 628 382 705 πρός
401 626 529 690 πολλούς
549 627 679 704 δεόμενον
700 624 874 686 κινδυνεύειν·
903 627 955 703 τήν

148 717 229 776 δὲ
191 744 245 777 των
258 718 412 794 βασιλέων,
427 716 616 794 διαμάχεσθαι
629 717 692 791 περὶ
705 719 756 789 τῆς
769 713 864 792 χώρης
877 719 954 774 τοῖσι

148 809 268 865 ἐπιοῦσι·
304 803 391 864 ούκων
417 803 451 880 δή
481 805 587 863 ἐθέλειν
613 803 763 863 πείθεσθαι
788 802 854 861 οὔτε
877 807 954 862 τοῖσι

147 895 305 969 βασιλεῦσι
318 893 367 953 τόν
381 893 477 968 δῆμον,
492 891 556 952 ούτε
573 897 612 972 τῷ
628 891 706 970 δήμῳ
722 891 788 954 τούς
800 893 953 967 βασιλέας·

147 980 212 1043 τούς
229 983 281 1057 μὲν
297 982 331 1055 δή
351 980 594 1040 ἀπαλλάσσεσθαι
613 979 805 1057 βουλεύεσθαι
819 977 953 1058 ἀμαχητὶ,

147 1067 199 1142 τήν
225 1066 318 1147 χώρην
345 1068 520 1145 παραδόντας
550 1072 627 1128 τοῖσι
657 1073 778 1127 ἐπιοῦσι·
820 1071 899 1126 τοῖσι
925 1068 953 1126 δέ

148 1159 306 1232 βασιλεῦσι
320 1157 397 1226 δόξαι
412 1157 440 1216 ἐν
453 1161 489 1235 τῇ
503 1161 608 1217 ἑωυτῶν
623 1156 736 1216 κέεσθαι
750 1154 952 1226 ἀποθανόντας,

146 1249 215 1330 μηδὲ
246 1244 418 1325 συμφεύγειν
440 1249 478 1323 τῷ
501 1244 587 1324 δήμῳ,
615 1243 821 1325 λογισαμένους
842 1243 901 1303 ὅσα
921 1271 952 1303 τε

148 1331 241 1413 άγαθά
265 1333 424 1392 πεπόνθασι
451 1333 497 1390 καὶ
518 1332 574 1391 ὅσα
596 1331 751 1412 φεύγοντας
773 1337 803 1390 ἐκ
828 1335 880 1407 τῆς
901 1357 953 1390 πα·

147 1420 239 1497 τρίδος
261 1421 331 1480 κακά
354 1420 466 1489 ἐπίδοξα
485 1420 723 1496 καταλαμβάνειν·
759 1419 795 1482 ὥς
819 1420 850 1478 δὲ
874 1419 952 1490 δόξαι

148 1514 205 1581 σφι
230 1513 326 1578 ταῦτα,
344 1507 526 1588 διαστάντας,
552 1510 597 1566 καὶ
624 1506 742 1584 άριθμόν
770 1508 852 1570 ἴσους
874 1534 952 1588 γενο-

147 1598 253 1674 ιιιένους,
281 1597 424 1676 μάχεσθαι
450 1596 520 1672 πρδς
547 1595 700 1672 ἀλλήλους·
736 1596 783 1654 καὶ
808 1595 876 1658 τούς
902 1598 952 1673 μὲν

153 1683 337 1748 ἱποθανόντας
359 1685 464 1746 πάντας
484 1681 531 1742 ὑπ’
548 1687 661 1752 ἑωυτῶν,
681 1681 770 1761 θάψαι
788 1682 841 1743 τόν
863 1684 952 1760 δῆμον

151 1777 201 1831 τῶν
224 1775 386 1850 Κιμμερίων
405 1771 481 1849 παρά
502 1771 629 1848 ποταμόν
650 1771 834 1848 Τύρην-καί
844 1779 952 1848 σφεων

149 1861 188 1918 ἔτι
215 1861 300 1936 δῆλός
325 1866 386 1921 ἐστι
408 1861 423 1919 ὁ
445 1861 720 1938 τάφος-θάψαντας
743 1859 781 1928 δὲ,
806 1857 881 1919 οὕτω
901 1860 951 1935 τήν

148 1949 242 2016 ἔξοδον
256 1954 286 2007 ἐκ
300 1953 350 2024 τῆς
362 1949 454 2027 χώρης
467 1950 623 2008 ποιέεσθαι·
645 1946 754 2013 Σκύθας
770 1948 801 2006 δὲ
819 1948 950 2008 ἐπελθόν·

106 2045 197 2102 12τας
214 2038 317 2110 λαβεῖν
334 2038 439 2114 ἐρήμην
456 2036 508 2111 τήν
526 2035 629 2114 χώρην.
671 2036 729 2094 Καὶ
747 2038 797 2095 νῦν
819 2037 882 2095 ἔστι
901 2038 951 2114 μὲν

148 2128 177 2183 ἐν
192 2127 228 2200 τῇ
248 2126 370 2202 Σκυθικῇ
388 2125 531 2201 Κιμμέρια
546 2124 650 2202 τείχεα·
671 2124 732 2182 ἐστι
750 2123 779 2182 δὲ
797 2124 951 2201 Πορθμήῖα

149 2212 300 2288 Κιμμέρια·
322 2213 425 2272 ἔστιδὲ
439 2213 485 2270 καὶ
501 2211 578 2290 χώρη
592 2209 697 2288 οὕνομα
714 2212 869 2288 Κιμμερίη·
893 2214 948 2274 ἔστι

148 2299 178 2357 δὲ
195 2299 344 2377 Βόσπορος
363 2301 518 2376 Κιμμέριος
538 2299 714 2376 καλεόμενος.
756 2300 907 2374 φαίνονται
922 2297 948 2358 δέ

149 2391 176 2446 οἱ
194 2390 345 2465 Κιμμέριοι
364 2389 514 2470 φεύγοντες
530 2393 558 2451 ἐς
576 2387 628 2463 τήν
641 2386 742 2463 Ἀσίην
755 2385 821 2451 τούς
840 2387 950 2452 Σκύθας

98 2544 102 2553 1
150 2476 196 2534 καὶ
217 2475 268 2551 τήν
290 2477 467 2555 χερσόνησον
487 2478 639 2545 κτίσαντες,
661 2481 690 2535 ἐν
710 2479 747 2554 τῇ
767 2479 818 2536 νῦν
836 2475 951 2554 Σινώπη

147 2565 230 2628 πόλις
242 2566 348 2630 Ἑλλοὶς
362 2567 493 2625 οἴκισται·
515 2566 632 2641 φανεροὶ
653 2564 684 2623 δέ
704 2569 760 2623 εἰσι
779 2565 825 2624 καὶ
840 2568 868 2624 οἶ
883 2565 951 2631 Σκύ·

150 2654 197 2712 θαι
221 2654 364 2724 διώξαντες
387 2654 486 2717 αύτούς
509 2653 554 2712 καὶ
579 2652 751 2730 ἐσβαλόντες
773 2658 802 2716 ἐς
823 2658 880 2734 γῆν
901 2654 951 2730 τήν

255 2740 263 2761 λ
319 2743 326 2762 C
411 2743 418 2763 Ι

147 2855 203 2906 ριοι
216 2831 269 2888 αἰεὶ
282 2831 334 2906 τήν
347 2832 424 2908 παραὶ
443 2831 594 2890 θάλασσαν
609 2830 736 2909 ἔφευγον·
758 2833 785 2889 οἱ
801 2830 831 2889 δὲ
846 2832 952 2894 Σκύθαι

147 2921 176 2976 ἐν
197 2917 271 2995 δεξιῇ
290 2919 340 2978 τόν
361 2919 513 2978 Καύκασον
535 2920 643 2996 ἔχοντες
664 2918 785 2977 ἐδίωκον·
811 2923 840 2982 ἐς
857 2918 875 2979 δ
891 2921 951 2980 ε’σέ·

142 3006 240 3080 βαλον
261 3012 288 3069 ἐς
305 3007 358 3083 τήν
375 3007 505 3083 Μηδικήν
524 3011 586 3087 γῆν,
601 3011 628 3068 ἐς
643 3006 802 3085 μεσόγαιαν
817 3011 872 3084 τῆς
886 3006 950 3069 όδού

135 3096 325 3172 τραφθέντες.
367 3125 448 3162 ουτος
461 3096 492 3156 δε
505 3095 593 3157 ἄλλος
607 3093 701 3162 ξυνδς
703 3094 843 3170 Ελλήνων
858 3122 890 3157 τε
904 3096 950 3156 καὶ

56 3140 88 3239 ι
124 3184 301 3268 βαρβάρων
315 3188 389 3253 λε
351 3214 479 3275 γομενος
491 3183 615 3268 λόγος
595 3206 714 3259 ειρηται

159 3273 250 3349 Ἔφη
274 3280 338 3344 δὲ’
340 3282 499 3357 Αριστέης
517 3304 536 3338 ο
523 3262 820 3345 Καυστροβὶυυς
809 3262 883 3335 ω’ῗιὶ*
897 3270 978 3337 W*
