2040 3464
134 95 149 140 8
431 101 613 149 Ἧοοκοτου
893 99 928 162 [1.

131 198 182 234 σεν
197 178 258 235 ἐτεα
272 176 400 236 δυώδεκα·
417 177 597 255 Σαρδυάττεω
610 178 640 238 δὲ
651 177 816 251 Ἀλυάττης.
850 174 929 239 οὗτος

131 263 161 322 δὲ
178 263 313 342 Κυαξάρῃ
326 291 357 323 τε
370 268 409 342 τῷ
427 264 551 341 Δηιόκεω
567 264 695 346 ἀπογόνῳ
712 268 872 342 ἐπολέμησε
884 264 929 322 καὶ

131 350 267 426 Μήδοισι·
295 353 468 429 Κιμμερίους
492 379 523 412 τε
550 357 581 412 ἐκ
603 357 653 429 τῆς
675 352 774 428 Ἀσίης
797 351 919 427 ἐξήλασε

132 437 261 516 Σμύρνην
273 465 305 499 τε
317 439 369 515 τήν
382 439 438 499 οἷπὸ
454 443 627 516 Κολοφῶνος
640 441 804 500 κτισθεῖσαν
818 440 884 498 εἷλε·
901 444 928 502 ἐς

130 525 314 603 Κλαζομενάς
327 552 359 585 τε
372 527 505 602 ἐσέβαλε·
523 526 580 587 άπό
594 529 646 605 μέν
658 554 706 588 νυν
714 526 818 587 τούτων
831 525 880 586 οὐκ
893 525 928 589 οἷς

128 610 214 688 ἤθελε
226 611 381 688 ἀπήλλαξε,
395 612 473 673 άλλά
486 615 685 691 προσπταίσας
697 613 834 696 μεγάλως·
851 606 928 672 άλλα

128 698 159 758 δέ
175 700 242 782 ἔργα
260 699 412 770 ἀπεδέξατο
432 701 482 761 ἐεδν
495 707 524 761 ἐν
538 706 576 780 τῇ
593 701 667 782 α’ρχῇ
683 701 928 784 ἀξιαπηγητότατα

82 785 202 849 Ῑέτάδε·
228 787 410 866 Έπολέμησε
434 790 615 864 Μιλησίοισι,
636 790 859 866 παραδεξάμενος
877 787 928 850 τόν

127 875 254 952 πόλεμον
269 875 346 952 παρά
362 881 413 936 τοῦ
431 876 545 953 πατρός.
587 876 744 937 ἐπελαύνων
760 876 816 958 γάρ
833 880 926 936 ἐπολι-

125 961 204 1040 όρκεε
217 963 269 1038 τὴν
283 964 415 1039 Μίλητον
428 962 521 1042 τρόπῳ
534 964 638 1042 τοιᾷδε·
654 965 723 1027 ὅκως
735 966 787 1041 μὲν
799 965 841 1040 εἴη
852 968 880 1023 ἐν
889 967 925 1041 τῇ

125 1053 163 1130 γῇ
175 1050 280 1127 καρπός
293 1050 384 1126 οἷδρδς,
398 1055 548 1125 τηνικαῦτα
561 1053 705 1126 ἐσέβαλλε
717 1051 769 1128 τήν
781 1051 924 1128 στρατιήν·

127 1136 307 1214 ἐστρατεύετο
326 1138 357 1196 δὲ
373 1137 429 1197 find
446 1139 587 1218 συρίγγων
604 1163 635 1196 τε
654 1138 699 1196 καὶ
716 1138 862 1213 πηκτίδων,
879 1140 925 1198 καὶ

126 1224 214 1284 αὐλοῦ
226 1225 386 1306 γυναικηίου
398 1250 430 1284 τε
446 1226 492 1283 καὶ
508 1225 646 1302 ἀνδρηίου·
668 1224 704 1288 οἷς
716 1225 746 1285 δέ
763 1230 790 1288 ἐς
804 1225 856 1302 τήν
869 1231 923 1285 Μι-

125 1315 229 1388 λησίην
249 1313 386 1384 α’πίκοιτα,
408 1312 546 1389 οἰκήματα
564 1315 616 1390 μὲν
635 1311 672 1372 τά
692 1314 739 1372 ἐπὶ
757 1317 813 1374 τῶν
832 1312 924 1394 άγρῶν

125 1399 189 1460 οὔτε
202 1402 363 1477 κατέβαλλε
379 1398 442 1460 οὕτε
456 1401 610 1478 ἐνεπίμπρη
625 1400 689 1460 οὕτε
702 1401 787 1480 θύρας
799 1400 922 1471 α’πέσπα,

125 1489 157 1547 έα
170 1488 199 1547 δέ
214 1489 283 1549 κατά
297 1488 391 1567 χώρην
405 1487 563 1565 ἑπόμεναι·
584 1488 602 1549 ό
615 1488 645 1548 δὲ
657 1488 693 1548 τά
706 1516 737 1549 τε
753 1489 865 1566 δένδρεα
878 1493 926 1549 καὶ

123 1576 174 1636 τόν
187 1576 294 1652 καρπόν
303 1575 352 1635 τόν
367 1581 395 1635 ἐν
408 1579 445 1653 τῇ
457 1602 495 1655 γη]
505 1575 574 1640 ὅκως
587 1576 763 1654 διαφθείρειε,
774 1576 922 1638 άπαλλάω

123 1690 191 1723 σετο
205 1663 305 1722 ὀπίσω·
322 1668 372 1737 τῆς
384 1662 439 1744 γάρ
454 1662 605 1739 θαλάσσης
619 1668 647 1724 οἶ
660 1664 801 1741 Μιλήσιοι
811 1664 923 1743 ἐπεκρά-

123 1777 194 1820 τεον,
210 1749 282 1809 ὥστε
301 1750 415 1826 ἐπέδρης
432 1749 473 1825 μη
490 1750 559 1809 εἶναι
576 1753 657 1831 ἔργον
671 1779 706 1830 τῃ
724 1757 852 1830 στρατιῇ·
872 1751 923 1816 τοὶς

123 1837 153 1897 δέ
172 1836 259 1900 οἰκίας
278 1836 309 1895 οὗ
327 1839 488 1912 κατέβαλλε
505 1836 625 1900 όΛυδδς
639 1840 724 1898 τῶνδε
742 1839 839 1908 εἵνεκα,
854 1838 923 1902 ὅκως

124 1926 213 2003 ἔχοιεν
229 1925 352 1984 ἐνθεῦτεν
369 1923 539 2001 ὄρμειόμενοι
556 1924 608 2000 τήν
620 1929 675 2005 γῆν
691 1926 816 2003 σπείρειν
827 1953 859 1985 τε
876 1927 921 1985 καὶ

123 2012 289 2094 ἐργάζεσθαι
298 2015 325 2071 οἶ
333 2011 482 2087 Μιλήσιοι,
490 2010 573 2075 αὖτὸς
582 2013 611 2070 δὲ
619 2012 726 2072 ἐκείνων
734 2013 921 2090 ἐργαζομένων

77 2103 113 2160 18
123 2101 183 2178 ἔχοι
194 2125 223 2159 τι
236 2100 282 2159 καὶ
295 2099 426 2159 σίνεσθαι
439 2099 602 2174 ἐσβάλλων.
635 2104 730 2158 Ταῦτα
742 2100 843 2160 ποιέων
856 2106 920 2161 ἐπο·

122 2189 206 2264 λέμεε
216 2189 278 2246 ἔτεα
289 2187 393 2247 ἕνδεκα·
410 2191 439 2246 ἐν
449 2190 525 2246 τοῖσι
537 2186 669 2264 τρώματα
678 2185 790 2269 μεγάλα
801 2186 920 2265 διφάσια

122 2274 273 2352 Μιλησίων
287 2274 403 2356 ἐγένετο,
415 2274 444 2334 έν
456 2298 487 2334 τε
499 2275 638 2354 Λιμενηίῳ
651 2273 743 2354 χώρης
755 2279 805 2351 τῆς
819 2279 920 2352 σφετέ-

121 2389 171 2441 ρης
183 2363 394 2443 μαχεσαμένων,
409 2362 455 2421 καὶ
468 2366 497 2422 ἐν
510 2362 673 2441 Μαιάνδρου
685 2365 778 2444 πεδίῳ.
809 2365 856 2446 (τά
867 2367 920 2442 μέν

121 2477 169 2511 νυν
190 2452 221 2520 ἐξ
240 2452 302 2509 έτεα
320 2453 376 2510 τῶν
396 2450 491 2509 ἕνδεκα
512 2450 687 2527 Σαρδυάττης
707 2451 723 2512 ό
741 2451 861 2529 Ἀρδυος
881 2456 920 2514 ἐτι

120 2538 218 2598 Λυδῶν
231 2537 308 2616 ἦρχε,
322 2535 340 2597 ό
353 2537 398 2596 καὶ
413 2536 546 2612 ἐσβαλολν
558 2542 707 2614 τηνικαῦτα
721 2544 748 2602 ἐς
760 2539 812 2616 τήν
826 2545 919 2616 Μιλη·

120 2627 186 2701 σίην
198 2623 250 2701 τὴν
263 2622 407 2703 στρατιήν·
427 2623 604 2702 Σαρδυάττης
617 2626 672 2707 γάρ
687 2624 767 2689 οὗτος
782 2627 827 2685 καὶ
841 2627 857 2688 ὁ
869 2628 916 2689 τόν

120 2714 246 2790 πόλεμον
259 2712 294 2789 ἦν
308 2712 443 2791 συνάψας·
460 2712 495 2771 τά
509 2714 539 2772 δὲ
551 2714 633 2773 πέντε
646 2717 701 2773 τῶν
715 2715 796 2774 ἐτέων
807 2714 843 2774 τά
857 2716 917 2776 ἐπό-

120 2827 190 2878 μενα
202 2805 279 2861 τοῖσι
297 2801 328 2870 ἐξ
338 2799 493 2876 Ἀλυάττης
506 2800 523 2860 ὁ
537 2799 715 2876 Σαρδυάττεω
732 2803 873 2881 ἐπολέμεε,
888 2804 919 2868 ὃς

121 2887 351 2965 παραδεξάμενος,
363 2886 399 2950 οἷς
412 2888 458 2945 καὶ
467 2887 602 2964 πρότερόν
611 2915 660 2965 μοι
674 2888 832 2964 δεδήλωται,
843 2892 919 2969 παρά

120 2981 170 3036 τοῦ
193 2975 299 3053 πατρός
325 2973 375 3034 τόν
401 2974 528 3050 πόλεμον
553 2980 690 3054 προσεῖχε
716 2979 918 3059 ἐντεταμένως.)

119 3069 197 3122 τοῖσι
220 3064 249 3122 δὲ
272 3061 444 3138 Μιλησίοισι
465 3061 581 3140 οὐδαμοὶ
603 3061 701 3123 Ἰάνων
724 3065 774 3126 τόν
792 3065 919 3141 πόλεμον

100 3150 209 3204 τοῦτον
218 3148 485 3226 συνεπελάφρυνον,
501 3149 545 3210 ὅτι
560 3149 601 3230 μὴ
615 3154 682 3211 Χῖοι
695 3156 801 3228 μοῦναι.
842 3151 919 3213 οὗτοι

78 3222 115 3276 δέ
131 3227 173 3284 ro'
187 3229 297 3303 αἰιοΐον
313 3235 559 3307 α’νταποδιδόντες
574 3238 735 3320 ἐτιμώρεον·
759 3239 806 3300 καὶ
817 3239 877 3322 γὰρ
890 3241 927 3316 δὴ
