2040 3464
92 108 203 174 ιτ-οο]
442 112 554 160 mm.
864 111 895 155 ιι

92 191 216 266 φέρουσί
228 215 260 249 τε
276 191 322 249 καὶ
339 188 442 270 ιῖγουσι
460 190 497 249 τό
515 189 581 250 σά.”
622 190 706 269 Κύρῳ
719 189 749 248 δὲ
769 190 896 264 ἐπιμελὲς
905 190 941 247 89

92 277 202 357 ἐγένετο
220 275 256 337 τό
276 282 402 354 Κροῖσος
423 278 492 336 εἶπε·
513 277 764 355 μεταστησάμενος
784 277 813 335 δὲ
833 275 897 338 τοδε

91 364 207 436 ἄλλους,
221 366 309 442 εἴρετο
327 370 453 442 Κροῖσον
467 366 483 426 ὅ
496 392 524 425 τι
541 369 567 424 οἱ
583 365 685 444 ἐνορῴη
700 370 728 424 ἐν
741 368 818 424 τοῖσι
835 390 896 423 ποι-

91 454 250 530 ευμένοισι;
270 453 286 513 ό
301 454 330 512 δὲ
345 454 413 513 εἶπε·
431 455 515 512 “ε’πει’
525 479 556 513 τε
569 480 605 531 με
620 455 679 513 θεοὶ
693 454 782 512 δῶκαν
795 451 896 511 δοῦλόν

90 564 148 610 σοι,
158 541 254 601 δικαιῶ
265 542 326 600 εἴτι
338 542 435 618 ἐνορέω
444 543 533 601 πλέον
544 543 690 617 σημαίνειν
704 567 761 600 σοι.
784 542 895 617 Πέρσαι

90 626 182 703 φύσιν
202 629 292 692 ε’όντες
312 629 456 706 ὗβρισταῖ,
479 631 534 688 εἰσὶ
555 629 722 707 ἀχρήματοι·
745 627 780 704 ἢν
801 627 838 686 εἶν
857 627 895 687 οὐ

88 715 205 780 τούτους
235 718 359 795 περιίδῃς
388 717 596 794 διαρπάσαντας
625 719 671 774 καὶ
701 716 895 794 κατασχόντας

87 804 223 883 χρήματα
237 805 359 885 μεγάλα,
379 806 445 864 τάδε
462 831 507 864 τοι
527 806 558 874 ἐξ
575 804 664 864 αὐτῶν
686 805 801 872 ἐπίδοξα
820 805 894 884 γενέ-

90 893 171 951 σθαι·
188 891 219 956 δς
231 890 265 952 ἂν
279 891 368 952 αὐτῶν
380 896 503 953 πλεῖστα
517 892 654 971 κατάσχῃ,
665 897 763 951 τοῦτον
776 892 894 968 προσδέ-

88 981 194 1040 κεσθαί
207 1007 252 1040 τοι
269 981 544 1057 ἐπαναστησόμενον.
579 985 627 1040 νῦν
644 980 680 1040 ὧν
696 981 817 1055 ποίησον
834 976 894 1049 ὦδε,

88 1068 172 1127 εἴποι
185 1068 299 1146 α’ρέσκει
311 1067 348 1128 τό
364 1070 417 1148 ἐγώ
431 1070 514 1149 λέγω·
537 1068 652 1128 κάτισον
664 1072 719 1127 τῶν
732 1067 894 1145 δορυφόρων

88 1156 135 1214 ε’πὶ
148 1155 261 1235 πάσῃσι
273 1160 342 1235 τῇσι
352 1157 461 1235 πύλῃσι
473 1156 624 1232 φυλάκους,
637 1156 664 1216 οἳ
676 1156 813 1237 λεγόντων
823 1156 893 1232 πρός

87 1242 154 1306 τοός
167 1245 336 1322 ἐκφέροντας
350 1243 387 1303 τά
398 1245 531 1322 χρήματα
547 1244 751 1321 ἀπαιρεόμενοι,
766 1242 800 1306 ὦς
816 1250 894 1317 σφεα

87 1329 244 1412 ἀναγκαίως
261 1333 317 1410 ἔχει
331 1332 527 1407 δεκατευθῆναι
542 1337 581 1411 τῷ
594 1333 650 1391 Διί.
679 1332 725 1390 καὶ
741 1331 778 1389 σύ
791 1357 821 1388 τε
837 1338 893 1405 σφι

88 1417 140 1477 οὐκ
159 1419 334 1498 ἀπεχθήσεαι
350 1421 403 1498 βίῃ
421 1419 620 1497 ἀπαιρεόμενος
639 1419 674 1477 τοὶ
692 1418 831 1497 χρήματα,
847 1418 893 1476 καὶ

87 1510 187 1566 ἐκεῖνοι
209 1508 378 1588 συγγνόντες
397 1509 500 1567 ποιέειν
519 1534 554 1567 σε
572 1509 671 1576 δίκαια,
690 1506 795 1568 ἑκόντες
813 1506 892 1580 ποιή-

86 1594 199 1654 σουσι.”
239 1600 333 1655 Ταῦτα
353 1594 459 1654 α’κοόων
479 1595 494 1654 ό
514 1601 607 1672 Κῦρος
626 1595 787 1671 ὑπερήδετο,
809 1593 844 1656 ὥς
865 1597 938 1653 οἱ90

86 1681 179 1742 ε’δόκεε
195 1682 225 1741 εὖ
241 1683 433 1742 ὑποτίθεσθαι·
455 1686 567 1746 αἰνέσας
582 1684 610 1742 δὲ
626 1682 731 1752 πολλοὶ,
747 1682 793 1740 καὶ
810 1688 891 1741 ε’ντει-

85 1769 208 1846 λάμενος
230 1774 306 1829 τοῖσι
328 1771 512 1848 δορυφόροισι
531 1770 567 1830 τοὶ
588 1775 713 1848 Κροῖσος
733 1769 891 1845 άπεθήκατο

86 1858 246 1931 ἐπιτελέειν,
262 1858 321 1917 εἶπε
333 1858 403 1935 πρός
420 1863 547 1936 Κροῖσον
559 1861 633 1918 τάδε·
656 1863 794 1936 ((Κροῐσε,
810 1857 878 1935 άναρ

85 1946 207 2022 τημένου
221 1949 272 2005 σεῦ
290 1945 387 2022 ἀνδρὸς
399 1947 539 2020 βασιλέος
551 1947 663 2025 χρηστοὶ
677 1949 744 2027 ἔργα
762 1948 807 2004 καὶ
825 1948 891 2004 ἔπεα

85 2034 198 2103 ποιέειν,
210 2033 284 2091 αἰτέο
298 2032 349 2108 τήν
360 2033 439 2093 δόσιν
449 2033 555 2109 ἥντινα
567 2035 689 2110 βούλεαί
700 2061 745 2093 τοι
757 2035 889 2115 γενέσθαι

85 2120 267 2196 παραυτίκα·”
285 2120 301 2179 ό
315 2122 345 2179 δὲ
359 2121 428 2179 εἶπε·
446 2120 489 2180 “ὦ
502 2122 634 2191 δέσποτα,
650 2122 736 2185 ε’άσας
749 2149 785 2198 με
798 2127 891 2201 χαριεῖ

85 2209 215 2284 μάλιστα
233 2206 284 2268 τόν
305 2208 368 2268 θεόν
387 2213 442 2268 τῶν
461 2209 605 2285 Ἑλλήνων
624 2210 673 2269 τόν
694 2212 815 2286 ἐτίμησα
836 2210 890 2290 ε’γῶ

86 2297 156 2355 θεῶν
166 2297 294 2373 μάλιστα
305 2296 463 2374 ε’πείρεσθαι
477 2298 627 2375 πέμψαντα
637 2297 723 2357 τάσδε
736 2298 786 2361 τὰς
796 2299 888 2367 πέδας,

86 2389 110 2442 εἰ
125 2385 264 2453 ἐξαπατᾶν
274 2384 339 2446 τούς
353 2382 382 2442 εὖ
393 2389 539 2446 ποιεῦντας
553 2384 636 2461 νόμος
651 2387 711 2444 ἔστι
722 2387 748 2444 οἱ
758 2385 781 2455 ;”
797 2391 890 2463 Κῦρος

85 2472 115 2531 δὲ
140 2474 228 2550 εἴρετο
249 2470 265 2531 ὅ
285 2497 313 2531 τι
337 2475 364 2530 οἱ
387 2477 471 2531 τοῦτο
496 2472 669 2552 ἐπηγορεόων
692 2475 888 2551 παραιτέοιτο;

85 2565 212 2637 Κροῖσος
230 2560 260 2618 δέ
279 2562 305 2618 οἱ
324 2561 520 2641 ἐπανηλόγησε
537 2565 633 2619 πᾶσαν
648 2561 700 2636 την
716 2565 816 2621 ἑωυτοῦ
833 2561 890 2620 διά-

85 2674 172 2718 νοιαν,
191 2649 237 2706 καὶ
252 2651 307 2706 τῶν
322 2649 499 2726 χρηστηρίων
515 2647 565 2710 τοὶς
585 2648 758 2725 ὑποκρίσιας,
776 2649 821 2706 καὶ
836 2649 888 2723 μά·

84 2739 173 2795 λιστα
190 2735 226 2794 τά
246 2735 418 2810 ἀναθήματα,
441 2738 486 2794 καὶ
506 2736 541 2798 οἷς
562 2736 690 2813 ἐπαρθεὶς
707 2740 745 2814 τῷ
765 2737 888 2811 μαντηίαι

85 2824 293 2900 ἐστρατεύσατο
318 2824 364 2881 ἐπὶ
388 2824 512 2900 Πέρσας·
537 2825 627 2904 λέγων
651 2824 788 2882 δὲταῦτα
812 2824 885 2882 κατέ-

83 2913 167 2987 βαινε
186 2911 262 2973 αὖτις
281 2911 497 2988 παραιτεόμενος
513 2912 620 2970 ἐπεῖναί
635 2913 662 2970 οἱ
677 2915 715 2990 τῷ
732 2911 785 2989 θεῷ
800 2911 888 2991 τούτῳ

28 3074 32 3079 ᾖ
83 2998 228 3060 ὀνειδίσαι·
243 2998 506 3080 Κίροςδὲγελάσας
515 2999 583 3057 εἶπε·
598 2999 666 3056 “καὶ
674 2999 773 3057 τούτου
781 2998 888 3067 τεύξεαι

613 3084 803 3110 καλε)

83 3087 149 3164 παρ’
159 3092 233 3163 ε’μεῦ,
245 3091 361 3164 Κροῖσε,
371 3089 418 3146 καὶ
431 3086 522 3147 ἄλλου
532 3113 637 3150 παντος
650 3113 700 3146 του
713 3113 747 3145 αν
755 3113 888 3147 εκαστοτε

108 3176 116 3197 Ι
142 3175 157 3194 θ’
212 3174 220 3194 (

85 3176 142 3253 δεῃ.
198 3202 234 3237 ως
249 3175 280 3234 δὲ
294 3179 381 3235 ταῦτα
394 3173 501 3254 ἤκουσε
518 3174 533 3238 ό
552 3181 695 3257 Κροῖσος,
707 3175 827 3255 πέμπον
844 3181 901 3236 τῐιν

72 3261 172 3316 Λυδῶν
190 3265 219 3321 6'9
238 3263 385 3336 Δελφοιίς,
405 3268 581 3331 ἐνετέλλετο
600 3270 739 3334 τιθέντας
757 3265 816 3331 τδς
834 3265 929 3329 πέδας
