2040 3464
104 104 243 166 ιιι-142]
451 95 563 154 mmo.
875 106 905 157 τι

100 207 152 245 τας
173 187 270 242 ταῦτα·
298 184 440 260 ἐμφανέως
462 185 516 265 γάρ
538 185 572 261 δι)
592 188 727 266 ποιεῦσι)
747 183 906 263 κατακηριό·

102 295 204 333 σαντες
220 271 254 346 δη
269 270 305 330 ὧν
317 272 366 332 τόν
379 273 458 332 νέκυν
472 274 584 350 Πέρσαι
593 278 632 353 γῇ
646 273 809 349 κρύπτουσι,
844 272 907 352 (μά-

101 383 150 438 γοι
168 359 198 416 δὲ
214 359 394 437 κεχωρίδαται
409 359 519 419 πολλδν
532 365 586 420 τῶν
600 387 631 420 τε
646 361 741 421 ἄλλων
758 361 908 438 ἀνθρώπων

103 447 150 504 καί
170 451 225 506 τῶν
246 452 275 506 ἐν
296 447 426 528 Αἰγύπτῳ
448 449 535 524 ἱρέων·
563 451 591 508 οἱ
610 451 661 524 μὲν
681 449 737 528 γάρ
760 448 909 531 ἁγνεύουσι

104 535 231 612 ἔμψυχον
246 535 333 611 μηδὲν
354 536 468 594 κτείνειν
487 539 511 595 εἰ
528 536 568 612 μὴ
587 536 644 596 ὅσα
657 537 766 597 θύουσι·
788 541 814 597 οἰ
827 538 856 596 δὲ
872 538 907 614 δὴ

104 622 192 703 μάγοι
211 621 369 702 αὐτοχειρίῃ
390 622 482 683 πάντα
501 624 578 699 πλην
599 623 678 688 κυνδς
698 625 744 684 καὶ
762 624 909 703 άνθράπου
981 671 985 681 .

104 711 252 780 κτείνουσι,
267 712 313 778 καὶ
330 709 477 791 ἀγώνισμα
490 712 564 792 μέγα
577 716 661 771 τοῦτο
674 716 824 782 ποιεῦνται,
839 714 908 773 κτεί-

103 823 197 860 νοντες
212 797 313 873 ὁμοίως
330 797 476 874 μύρμηκάς
494 825 525 857 τε
544 800 590 857 καὶ
609 797 688 875 ὄφεις
701 800 747 858 καὶ
759 798 854 859 τᾶλλα
867 804 908 877 ἐρ

104 884 176 944 πετιί
197 887 243 944 καὶ
264 885 398 966 πετεινά.)
434 887 480 943 καί
501 885 576 962 ἀμφὶ
598 889 649 963 μὲν
669 892 707 965 τῷ
727 887 801 965 νόμῳ
821 887 909 966 τούτῳ

105 974 190 1050 ἐχέτω
204 972 240 1037 αῖς
253 975 300 1031 καί
314 973 404 1051 ἅρχῆν
415 975 559 1050 ἐνομίσθη·
581 973 672 1051 ἄνειμι
686 975 715 1034 δὲ
729 977 775 1034 ἐπὶ
784 975 833 1036 τδν
842 974 909 1052 πρό·

104 1087 184 1138 τερον
197 1060 295 1142 λόγον.

139 1148 233 1212 Ἴωνες
247 1150 277 1207 δὲ
290 1148 336 1207 καί
349 1148 472 1217 Αἰολέες,
488 1147 524 1211 οῖς
537 1151 563 1207 οἰ
575 1149 663 1209 Λυδοὶ
676 1149 798 1228 τάχιστα
812 1152 953 1210 nare-141

105 1235 254 1314 στράφατο
271 1235 326 1296 ύπδ
345 1237 487 1312 Περσέων,
508 1237 631 1313 ἔπεμπον
648 1237 785 1318 ἀγγέλους
798 1243 825 1301 ἐς
839 1238 910 1315 Σάρ·

106 1323 147 1387 δις
166 1324 243 1401 παρεί
264 1327 368 1400 Κῦρον,
391 1324 533 1386 ἐθέλοντες
554 1326 600 1383 ἐπὶ
619 1329 696 1384 τοῖσι
714 1325 825 1384 αὐτοῖσι
842 1325 910 1385 εἶναι

106 1413 182 1471 τοῖσι
193 1413 240 1471 καὶ
253 1413 369 1490 Κροίσῳ
380 1410 455 1486 ἦσαν
463 1411 604 1486 κατήκοοι·
619 1412 634 1471 ὁ
645 1413 675 1470 δὲ
688 1411 811 1475 ἀκούσας
821 1413 911 1473 αὐτῶν

106 1499 143 1558 τά
155 1501 335 1578 προΐσχοντο,
349 1500 427 1569 ἔλεξέ
439 1507 495 1575 σφι
508 1499 604 1580 λόγον,
615 1499 702 1577 ἄνδρα
716 1500 772 1575 φαίς
785 1500 910 1576 αὐλητήν

109 1586 202 1646 ἰδόντα
217 1589 294 1665 ἰχθῦς
308 1593 337 1647 ἐν
349 1591 385 1666 τῇ
399 1587 535 1666 θαλάσσῃ
546 1587 663 1658 αύλέειν,
675 1588 806 1648 δοκέοντά
819 1594 911 1663 σφεας

109 1673 308 1743 ἐξελεύσεσθαι
328 1681 355 1738 ἐς
372 1680 436 1756 γῆν*
458 1674 494 1739 αῖς
511 1676 540 1735 δὲ
557 1677 714 1754 ψευσθῆναι
726 1680 777 1752 τῆς
790 1677 910 1748 ἐλπίδος,

108 1765 211 1838 λαβεῖν
232 1762 457 1839 ἀμφίβληστρον
480 1764 526 1822 καὶ
551 1766 719 1840 περιβαλεῖν
743 1789 775 1823 τε
801 1765 911 1839 πλῆθος

108 1850 220 1910 πολλόν
237 1855 293 1910 τῶν
311 1850 413 1928 ἰχθύων
426 1851 472 1909 καί
492 1850 639 1928 ἐξειρύσαι,
654 1850 747 1911 ἰδόντα
761 1852 790 1910 δὲ
802 1856 911 1911 παλλο-

109 1939 208 2014 μένους
228 1942 315 1998 εἰπεῖν
332 1936 387 2014 ἅμα
408 1937 493 1998 αὐτόν
513 1939 583 2016 πρδς
601 1937 665 2001 τούς
679 1940 767 2016 ἰχθῦς·
787 1938 914 2000 παύεσθέ

109 2052 159 2102 μοι
171 2026 342 2104 ὀρχεόμενοι,
357 2028 417 2085 ἐπεὶ
431 2024 486 2086 οὐδ’
501 2027 566 2102 ε’μέο
580 2026 729 2089 αὐλέοντος
742 2026 857 2102 ἠθέλετε
871 2033 912 2086 ἐκ·

110 2115 219 2190 βαίνειν
243 2113 416 2191 ὀρχεόμενοι.
451 2117 545 2190 Κῦρος
565 2117 618 2190 μὲν
638 2119 737 2174 τοῦτον
756 2114 805 2174 τόν
825 2114 913 2196 λόγον

110 2206 187 2261 τοῖσι
202 2201 284 2261 Ἴωσι
304 2203 351 2260 καί
369 2205 447 2261 τοῖσι
467 2206 605 2261 Αἰολεῦσι
621 2202 706 2261 τῶνδε
724 2202 814 2262 εἵνεκα
827 2203 912 2274 ἔλεξε,

111 2288 154 2349 ὅτι
168 2288 202 2364 δὴ
217 2287 344 2352 οἰἾωνες
355 2288 500 2366 πρότερον,
514 2289 599 2350 αὐτοῦ
613 2288 711 2366 Κύρου
724 2290 867 2365 δεηθέντος
879 2291 913 2350 δι’

111 2376 240 2458 α’γγέλων
251 2375 431 2436 αἰπίστασθαί
448 2384 540 2452 σφεας
559 2375 617 2436 άπδ
631 2378 766 2455 Κροίσου,
780 2376 830 2436 ούκ
843 2379 914 2437 ἐπεί-

112 2465 205 2524 θοντο·
225 2464 290 2524 τότε
303 2464 333 2522 δὲ
346 2466 577 2544 κατεργασμένων
586 2469 642 2524 τῶν
651 2464 829 2545 πρηγμάτων,
840 2463 915 2540 ἦσαν

112 2555 219 2628 ἑτοῖμοι
240 2552 389 2612 πείθεσθαι
409 2551 503 2630 Κύρῳ.
538 2553 554 2612 ὁ
573 2554 626 2628 μὲν
644 2551 677 2627 δὴ
696 2552 768 2632 ὀργῇ
785 2550 916 2629 ἐχόμενος

112 2640 194 2720 ἐλεγέ
206 2645 262 2716 σφι
274 2638 349 2698 τάδε·
365 2639 458 2702 Ἴωνες
471 2640 500 2698 δὲ
514 2639 550 2702 ὦς
562 2638 687 2715 ἤκουσαν
699 2638 803 2699 τούτων
816 2639 915 2699 οἷνενει-

112 2728 237 2805 χθέντων
258 2732 286 2789 ἐς
309 2725 359 2790 τοίς
384 2726 494 2797 πόλιας,
516 2726 612 2805 τείχεά
636 2753 668 2787 τε
690 2725 915 2803 περιεβάλλοντο

113 2815 227 2874 ἕκαστοι
241 2815 287 2874 καί
301 2814 486 2895 συνελέγοντο
500 2819 528 2877 ἐς
541 2813 697 2874 Πανιιόνιον
706 2817 732 2872 οἱ
745 2812 831 2872 ἄλλοι
839 2814 916 2889 πλὴν

113 2904 274 2977 Μιλησίων·
294 2902 365 2978 πρός
380 2902 498 2978 μούνους
512 2902 568 2980 γάρ
585 2901 699 2964 τούτους
715 2899 809 2978 ὅρκιον
822 2905 916 2979 Κῦρος

114 2989 276 3066 ἐποιήσατο,
291 2990 333 3047 ἐπ’
347 2989 408 3049 οἰσί
423 3016 477 3066 περ
494 2989 510 3050 ό
528 2988 632 3052 Λυδός,
646 2992 723 3049 τοῖσι
740 2989 770 3046 δὲ
787 2992 917 3050 λοιποῖσι

109 3074 189 3149 Ἰωσι
210 3078 285 3146 ἔδοξε
306 3082 386 3155 κοινῷ
398 3076 475 3157 λόγῳ
495 3079 616 3152 πέμπειν
631 3075 769 3157 α’γγέλους
782 3081 810 3139 ἐς
822 3077 917 3154 Σπάρ-
969 3154 973 3159 ,

113 3188 173 3240 την,
186 3165 372 3242 δεησομένους
378 3163 462 3227 Ἴωσι
472 3165 631 3246 τιμωρέειν.

149 3255 188 3311 Οἵ
201 3254 235 3312 δὲ
249 3252 344 3319 Ἴωνες
363 3253 456 3332 οὗτοι,
471 3261 532 3320 τῶν
550 3257 601 3319 καὶ
615 3255 652 3318 τδ
668 3249 842 3316 Ἇανιφυιίιν
859 3242 1010 3310 {mx-⁸²
