2040 3464
101 101 240 165 τοι-199]
405 102 628 165 οιαΛΠοΜυΝΗ.
854 103 900 147 359

101 181 275 261 κυματωγὴν,
298 180 436 255 ἐσβάντες
457 188 484 243 ἐς
504 180 539 240 τά
560 184 649 239 πλοῖα
668 180 767 256 τύφειν
788 180 902 240 καπνόν·

100 269 164 331 τούς
175 267 197 328 δ’
209 269 370 348 ἐπιχωρίους
385 269 526 345 ἰδομένους
538 268 588 328 τόν
598 268 703 328 καπνόν
713 269 780 328 ἰέναι
794 273 839 327 ἐπὶ
851 267 903 344 την

101 353 263 415 θάλασσαν·
292 356 337 414 καὶ
370 357 464 415 ἔπειτα
492 356 553 416 α’ντὶ
577 359 631 415 τῶν
654 357 776 432 φορτίων
796 358 904 435 χρυσόν

100 445 212 513 τιθέναι,
233 446 278 502 καὶ
294 445 490 521 ἐξαναχωρέειν
507 444 607 520 πρόσω
625 444 681 502 οἷπό
700 449 755 503 τῶν
772 447 902 521 φορτίων·

100 531 165 594 τούς
181 531 210 590 δὲ
229 532 439 610 Καρχηδονίους
453 532 590 608 ἐκβάντας
603 532 787 602 σκέπτεσθαι·
810 536 856 592 καὶ
868 533 903 610 ἢν

100 621 152 693 μὲν
179 621 315 694 φαίνηταί
340 626 396 695 σφι
418 619 494 689 ἄξιος
516 619 531 679 ὁ
556 620 663 698 χρυσός
689 625 745 679 τῶν
773 623 903 698 φορτίων,

101 706 270 784 οἷπελόμενοι
280 707 526 782 ἀπαλλάσσονται,
539 707 574 784 ἢν
585 709 614 767 δέ
624 709 664 784 μη
674 709 757 778 άξιος,
768 710 905 785 ἐσβάντες

101 794 192 854 ὀπίσω
214 801 241 858 ἐς
262 797 298 855 τά
320 800 408 855 πλοῖα
430 797 569 856 κατέαται·
599 800 626 855 οἱ
647 797 676 854 δέ
700 797 906 872 προσελθόντες

102 881 192 943 ἄλλον
213 885 283 960 πρὸς
304 884 339 944 ὧν
361 885 462 961 ἔθηκαν
482 884 599 962 χρυσόν,
622 890 649 947 ἐς
669 882 701 944 οὗ
722 881 756 943 άν
776 887 825 944 πεί
842 912 903 944 ωσι·

103 970 218 1032 ἀδικέειν
233 974 262 1031 δὲ
282 973 449 1050 οὐδετέρους·
472 973 534 1032 ούτε
548 973 602 1053 γάρ
619 973 718 1036 αύτούς
731 978 780 1033 τοῦ
797 980 906 1052 χρυσοῦ

102 1057 242 1119 ἅπτεσθαι
253 1063 318 1137 πρὶν
332 1060 365 1120 ἄν
380 1068 436 1136 σφι
447 1061 579 1140 ἀπισωθῇ
587 1065 622 1139 τῇ
634 1060 697 1140 ἀξίῃ
709 1067 764 1122 τῶν
776 1064 905 1140 φορτίων,

104 1145 159 1205 οὔτ’
171 1151 289 1211 ἐκείνους
299 1154 353 1208 τῶν
365 1151 488 1226 φορτίων
498 1149 638 1208 ἅπτεσθαι
647 1149 783 1227 πρότερον
796 1150 814 1226 ἢ
829 1151 907 1210 αὐτοὶ

103 1235 136 1294 τό
148 1239 267 1313 χρυσίον
282 1236 408 1312 λάβωσι.

146 1322 232 1383 Οὗτοι
250 1326 302 1401 μέν
323 1330 378 1383 εἶσι
393 1324 458 1387 τούς
474 1324 554 1401 ἡμεῖς
572 1326 672 1403 ἐχομεν
690 1324 805 1400 Λιβύων
825 1325 953 1385 dvo-197

103 1411 203 1488 μάσαι·
229 1413 274 1471 καὶ
294 1414 398 1472 τούτων
416 1416 443 1472 οἱ
459 1413 565 1471 πολλοὶ
581 1413 720 1488 βασιλέος
735 1417 785 1472 τοῦ
802 1413 908 1488 Μήδων

105 1498 169 1558 οὔτε
180 1527 208 1559 τι
222 1505 269 1560 νῦν
284 1500 347 1560 οὔτε
359 1501 423 1560 τότε
438 1499 600 1578 ἐφρόντιζον
615 1500 703 1559 οὐδέν·
724 1500 811 1560 τόσον
825 1501 854 1559 δὲ
868 1503 908 1560 ἔτι

106 1589 159 1665 ἔχω
173 1593 259 1648 εἰπεῖν
272 1591 336 1665 περὶ
349 1593 399 1664 τῆς
412 1588 504 1667 χώρης
517 1589 626 1665 ταύτης,
638 1587 680 1647 ὅτι
693 1590 817 1664 τέσσερα
828 1590 908 1649 ἔθνεα

105 1675 216 1751 νέμεται
230 1676 316 1752 αὐτὴν
330 1678 375 1735 καὶ
389 1677 420 1735 ού
434 1678 512 1735 πλέω
521 1676 633 1745 τούτων,
645 1675 715 1736 ὅσον
728 1676 808 1753 ἡμεῖς
822 1678 907 1754 ἴδμεν·

106 1765 151 1821 καὶ
164 1763 200 1822 τοὶ
214 1767 266 1840 μὲν
284 1763 333 1822 δύο
348 1764 505 1843 αύτόχθονα
523 1769 578 1823 τῶν
592 1765 698 1834 ἐθνέων,
712 1764 747 1824 τά
762 1765 790 1823 δὲ
804 1765 852 1823 δύο
867 1764 908 1825 ού.

106 1852 211 1926 Λίβυες
224 1855 275 1927 μὲν
289 1853 335 1910 καὶ
348 1853 479 1914 Αἰθίοπες
497 1852 671 1930 αὐτόχθονες,
687 1856 713 1911 οἱ
726 1855 778 1929 μὲν
790 1853 826 1912 τά
840 1854 910 1931 πρός

97 1940 198 2014 βορέω
220 1943 246 1998 οἱ
267 1941 296 1998 δὲ
316 1939 351 1999 τοὶ
371 1939 442 2016 πρδς
463 1939 544 1999 νότου
564 1944 614 2015 τῆς
635 1939 745 2015 Λιβύης
765 1940 908 2006 οἰκέοντες·

106 2029 230 2090 Φοίνικες
244 2029 273 2086 δὲ
290 2030 336 2086 καὶ
351 2028 490 2104 Ἕλληνες
509 2029 652 2104 ἐπήλυδες,
686 2031 785 2087 Δοκέει
798 2030 829 2089 δέ
840 2056 890 2106 μοι
901 2034 957 2090 198

107 2115 162 2173 οὐδ’
185 2115 285 2191 άρετήν
309 2118 381 2176 εἶναί
400 2144 441 2179 τις
465 2117 483 2193 ἦ
504 2116 600 2192 Λιβύη
625 2118 771 2193 σπουδαίη,
796 2118 869 2178 ὥστε
892 2118 910 2195 ἢ

106 2197 191 2283 Ἀσίῃ
204 2203 222 2279 ἦ
235 2204 356 2283 Εὐρώπη
373 2207 604 2282 παραβληθῆναι,
617 2206 694 2281 πλὴν
709 2208 832 2270 Κίνυπος
845 2208 912 2283 μού-

107 2318 163 2366 νης·
185 2294 217 2351 τό
234 2294 289 2373 γάρ
307 2294 340 2369 δη
358 2293 425 2352 αὐτὸ
445 2293 551 2370 ούνομα
564 2293 582 2369 ἡ
596 2297 634 2373 γῆ
647 2298 685 2372 τῷ
706 2299 824 2372 ποταμῷ
842 2298 908 2373 ἔχει·

108 2380 177 2456 αὕτη
199 2382 228 2439 δὲ
249 2382 332 2457 ὁμοίη
358 2387 394 2460 τῇ
416 2381 518 2459 ἀρίστη
539 2386 609 2462 γεῶν
632 2382 781 2458 Δήμητρος
806 2384 913 2459 καρπόν

109 2470 243 2544 ἐκφέρειν,
258 2470 319 2527 οὐδὲ
331 2471 389 2528 οἶκε
401 2468 478 2529 ούδέν
488 2474 524 2548 τῇ
535 2468 610 2549 άλλη
622 2469 726 2548 Λιβύη·
741 2469 913 2551 μελάγγαιός

108 2583 139 2615 τε
158 2556 212 2637 γάρ
234 2563 303 2630 ἐστι,
326 2559 371 2615 καὶ
392 2558 507 2634 ἔπυδρος
524 2558 628 2628 πίδαξι·
658 2560 703 2616 καὶ
720 2557 782 2617 οὔτε
800 2558 911 2637 αύχμοΰ

109 2647 299 2721 φροντίζουσα
317 2645 403 2719 οὐδὲν,
420 2645 483 2704 οὔτε
499 2645 611 2722 ὄμβρον
627 2647 704 2704 πλέω
717 2650 824 2704 πιοῦσα
838 2647 913 2722 δεδή-

109 2738 203 2808 ληται·
233 2733 309 2792 ὕεται
331 2734 386 2814 γάρ
411 2733 444 2809 δὴ
468 2738 556 2793 ταῦτα
578 2739 628 2809 τῆς
651 2733 772 2809 Λιβύης·
803 2739 858 2793 τῶν
884 2736 913 2794 δὲ

111 2822 247 2899 ἐκφορίων
261 2825 310 2880 τοῦ
321 2827 428 2898 καρποῦ
441 2822 529 2881 ταύτά
542 2823 630 2898 μέτρα
644 2827 679 2900 τῇ
693 2825 863 2901 Βαβυλωνίη
874 2829 912 2904 γῇ

111 2910 284 2968 κατίσταται.
334 2909 425 2989 ἀγαθή
454 2910 483 2968 δὲ
509 2914 547 2990 γῆ
576 2912 621 2968 καὶ
647 2909 699 2985 τήν
726 2910 915 2988 Εὐεσπερῖται

111 2998 249 3073 νέμονται·
285 2997 327 3056 ἐπ’
352 2997 490 3057 ἑκατοστὰ
516 2998 579 3079 γὰρ,
610 2998 693 3057 ἐπεάν
719 2999 790 3075 αὕτη
815 3004 915 3075 ἑωυτῆς

112 3085 214 3162 ἄριστα
239 3087 337 3164 ἐνείκῃ,
366 3086 486 3162 ἐκφέρει·
520 3086 539 3162 ἦ
567 3087 597 3145 δὲ
620 3092 649 3146 ἐν
672 3091 707 3165 τῇ
732 3089 844 3158 Κίνυπι,
870 3089 916 3147 ἐπὶ

111 3173 269 3250 τριηκόσια.
299 3172 382 3252 Ἔχει
399 3175 427 3234 δὲ
449 3174 495 3232 καὶ
509 3172 528 3251 ἡ
545 3175 698 3252 Κυρηναίη
714 3174 983 3251 χωηηῼεοῖςσωλᾏῦο

107 3259 273 3338 ύφηλοτάτη
303 3262 410 3342 ταύτης
441 3269 496 3342 τῆς
529 3263 648 3343 Λιβύης
677 3261 732 3333 τὴν
761 3261 794 3314 ολ
812 3251 968 3322 Ἇῦλώὶῑῗ
1003 3258 1007 3291 ⁴·
