2040 3464
81 113 189 176 33ss36]
368 113 593 165 MEAHOMENH.
829 113 877 161 293

79 221 175 272 ρονται
189 195 234 254 καὶ
247 196 276 253 αἶ
290 192 371 271 κόραι
388 193 434 252 καὶ
447 195 473 253 οἱ
486 193 582 257 παῖδες
594 194 622 253 οἱ
635 191 756 267 Δηλίων
778 194 807 250 αἶ
819 194 879 269 μὲν,

79 283 135 360 πρό
148 280 240 363 γόμου
250 281 399 357 πλόκαμον
411 279 637 357 ἀποταμνόμεναι
648 280 693 338 καὶ
704 281 766 356 περὶ
779 277 879 356 ἀπρακ-

79 396 129 430 τον
151 370 299 440 εἷλίξασαι,
321 368 367 427 ε’πὶ
386 369 420 429 τό
444 372 525 445 σῆμα
545 369 656 428 τιθεῖσι·
684 367 729 447 (τό
750 369 780 426 δὲ
799 365 880 443 σήμά

82 461 144 517 ἔστι
157 459 211 516 ἔσω
225 462 252 519 ές
264 455 297 516 τά
310 455 489 533 Ἀρτεμίσιον
503 455 607 515 ἐσιόντι
619 453 768 530 ἀριστερῆς
776 454 877 533 χειρός·

82 546 234 620 ἐπιπέφυκε
252 544 283 602 δέ
298 547 325 602 οἱ
342 544 444 620 ἐλαίη)
469 547 496 603 οἱ
516 544 546 603 δὲ
567 543 663 604 παῖδες
683 546 738 601 τῶν
758 544 878 618 Δηλίων,

81 633 147 708 περὶ
165 631 257 710 χλόην
273 630 336 690 τινά
353 632 503 700 εἱλίξαντες
518 635 573 690 τῶν
592 635 702 709 τριχῶν,
718 632 877 707 προτιθεῖσι

83 720 128 777 καὶ
148 717 224 778 οὗτοι
240 720 286 778 ε’τὶ
305 718 339 778 τό
360 724 449 795 σῆμα·
477 716 558 778 αὗται
578 722 629 796 μὲν
649 719 682 794 δή
706 718 809 793 ταύτην
829 720 880 793 τήν

82 806 167 883 τιμήν
182 808 280 885 έχουσι
297 806 367 882 πρός
384 811 440 866 τῶν
455 806 553 882 Δήλου
567 807 725 884 οἰκητόρων.
760 808 836 866 Φασὶ
849 807 877 865 δὲ
888 809 924 866 35

83 897 112 952 οἱ
132 893 210 954 αὐτοὶ
229 896 276 954 καὶ
295 893 347 969 τήν
360 891 470 975 Ἀργην
485 920 517 953 τε
538 896 583 953 καὶ
599 895 651 968 τήν
663 895 760 964 Ὦπιν,
778 894 878 957 ἐούσας

83 983 244 1057 παρθένους,
253 982 284 1052 ἐξ
295 982 490 1059 Ὑπερβορέων
500 984 570 1041 κατά
582 983 646 1046 τοδς
660 981 757 1044 αύτοῦς
765 982 879 1045 τούτους

84 1068 243 1146 ἀνθρώπους
256 1072 442 1147 πορευομένας
456 1069 606 1130 ἀπικέσθαι
619 1076 646 1134 ές
657 1076 754 1145 Δῆλον
763 1072 802 1129 ἔτι
812 1070 879 1147 πρό-

84 1183 165 1232 τερον
176 1156 331 1236 Ὑπερόχης
342 1184 373 1217 τε
387 1159 433 1232 καὶ
446 1159 592 1233 Λαοδίκης
610 1156 711 1220 ταύτας
724 1159 775 1235 μέν
785 1184 833 1218 νυν
842 1162 878 1235 τῇ

84 1245 228 1324 Εἰλειθυίῃ
241 1245 441 1323 ἀποφερούσας
454 1245 516 1305 ἀντὶ
527 1251 578 1305 τοῦ
592 1246 728 1306 ὠκυτόκου
741 1245 791 1305 τόν
802 1246 878 1314 ἐτόξ-

86 1358 152 1392 αντο
173 1334 262 1410 φόρον
282 1334 442 1393 ἀπικέσθαι·
467 1333 519 1403 τήν
539 1334 569 1393 δὲ
583 1331 692 1414 ’Ἄργην
711 1360 743 1393 τε
766 1335 811 1392 καὶ
829 1333 882 1409 τήν

81 1419 168 1480 Ὦπιν
185 1420 245 1499 ἀμα
262 1421 373 1481 αὐτοῖσι
387 1425 464 1481 τοῖσι
479 1423 571 1481 θεοῖσι
588 1422 738 1482 ἀπικέσθαι
755 1423 881 1501 λέγουσι,

87 1510 135 1568 καί
145 1515 201 1585 σφι
213 1510 297 1587 τιμάς
310 1509 401 1572 ἀλλος
414 1510 546 1570 δεδόσθαι
558 1511 628 1588 πρὸς
641 1512 746 1578 σφέων·
768 1510 813 1567 καὶ
825 1510 880 1589 γάρ

86 1597 205 1677 ἀγείρειν
220 1605 276 1673 σφι
291 1597 343 1660 τάς
360 1602 499 1679 γυναῖκας,
513 1599 741 1675 ἐπονομαζούσας
754 1598 790 1657 τά
805 1597 881 1657 ούνό-

86 1711 161 1760 ματα
175 1691 204 1745 ἐν
213 1690 251 1764 τῷ
260 1685 336 1765 ὕμνῳ
344 1686 393 1746 τόν
402 1693 458 1762 σφι
468 1686 558 1762 Ὠλήν
565 1685 634 1761 ἀνήρ
644 1686 745 1749 Λύκιος
755 1684 880 1761 ε’ποίησε·

86 1772 163 1849 παραὶ
184 1774 214 1832 δὲ
237 1776 334 1849 σφέων
353 1774 493 1850 μαθόντας
514 1775 649 1850 νησιώτας
671 1801 702 1834 τε
725 1776 771 1833 καὶ
786 1773 883 1837 Ἴωνας

86 1861 195 1933 ὑμνέειν
208 1860 297 1920 Ὦπίν
319 1887 350 1922 τε
371 1864 418 1921 καὶ
435 1860 551 1942 Ἀργην,
576 1861 762 1940 ἀνομάζοντάς
784 1889 815 1922 τε
837 1864 883 1921 καὶ

87 1948 256 2028 ἀγείροντας
278 1948 371 2030 (οὗτος
389 1951 419 2008 δὲ
432 1950 448 2010 ὁ
461 1950 550 2026 Ὠλήν
564 1951 609 2009 καὶ
622 1952 687 2015 τούς
701 1951 806 2013 ἄλλους
818 1950 882 2014 τούς

87 2037 224 2101 παλαιούς
243 2035 345 2114 ὕμνους
369 2037 484 2114 ἐποίησε
511 2044 542 2098 ἐκ
568 2042 671 2116 Λυκίης
698 2039 794 2110 ε’λθών,
818 2040 883 2103 τούς

87 2124 261 2200 ἀειδομένους
277 2131 306 2185 έν
322 2126 432 2205 Δήλῳ)
453 2127 499 2186 καὶ
514 2131 569 2187 τῶν
584 2130 689 2205 μηρίων
703 2129 882 2208 καταγιζομέ-

87 2239 140 2273 νων
153 2214 199 2287 ἐπὶ
211 2217 250 2293 τῷ
261 2216 350 2292 βωμῷ
362 2214 414 2289 τήν
427 2215 543 2285 σποδάν,
557 2215 660 2291 ταύτην
674 2218 719 2275 ε’πὶ
731 2216 783 2291 τήν
796 2215 884 2290 θήκην

86 2306 137 2374 τῆς
145 2299 246 2364 Ὤπιός
265 2327 297 2360 τε
313 2302 359 2360 καὶ
371 2301 478 2383 Ἄργης
496 2302 715 2378 ἀναισιμοῦσθαι
729 2305 882 2377 ἐπιβαλλο-

86 2391 182 2466 μένην·
203 2389 222 2464 ή
238 2389 268 2448 δὲ
287 2389 360 2465 θήκη
376 2390 479 2449 αὐτέων
499 2391 560 2450 ἐστὶ
575 2391 677 2450 ὄπισθε
689 2396 741 2450 τοῦ
758 2390 883 2467 Ἀρτεμι-

87 2478 161 2548 σίου,
185 2478 255 2554 πράς
275 2476 316 2554 ήῶ
338 2479 521 2554 τετραμμένη,
545 2477 690 2557 ἀγχοτάτω
712 2484 762 2539 τοί
789 2481 882 2555 Κηίων

88 2567 268 2642 ἱστιητορίου.
303 2566 361 2624 Καὶ
377 2571 465 2625 ταῦτα
483 2568 534 2641 μὲν
553 2565 747 2643 Ὑπερβορέων
765 2568 828 2643 πέρι
849 2568 930 2627 εί-3θ

85 2653 195 2730 μήσθω·
215 2653 265 2713 τάν
277 2653 332 2733 γὰρ
346 2655 409 2731 περὶ
421 2653 557 2730 ’Λβάριος
569 2655 656 2735 λόγον
669 2660 718 2714 τοῦ
732 2657 884 2735 λεγομένου

87 2741 159 2800 εἶναι
178 2740 358 2819 ’Υπερβορέω
380 2742 412 2801 ού
436 2743 518 2822 λέγω,
543 2744 633 2824 λέγων
654 2742 690 2806 ὥς
714 2743 765 2802 τόν
787 2744 885 2804 ὀϊστὸν

86 2830 234 2906 περιέφερε
247 2830 317 2889 κατά
330 2834 427 2889 πᾶσαν
439 2830 491 2904 τήν
503 2835 558 2910 γῆν
572 2830 650 2890 οὐδὲν
663 2831 832 2907 σιτεόμενος.
861 2837 885 2891 εἰ

87 2917 119 2975 δέ
132 2917 189 2976 εἰσί
200 2942 271 2982 τινες
283 2917 468 2994 Ὑπερβόρεοι
481 2916 628 2995 ἀνθρωττοι,
644 2919 699 2978 εἰσὶ
713 2920 758 2978 καὶ
771 2919 885 2996 ύπερνό·

85 3031 142 3065 τιοι
154 3004 249 3064 ἀλλοι·
269 3010 343 3087 γελῶ
357 3007 386 3065 δὲ
399 3007 485 3083 ὁρέων
497 3011 550 3087 γῆς
567 3006 711 3083 περιόδους
725 3008 887 3087 γράψαντας

85 3093 214 3157 πολλούς
224 3093 293 3170 ήδη,
311 3095 358 3152 καὶ
374 3094 430 3154 ου’-δ’
447 3095 496 3155 ἕνα
513 3095 578 3155 νόον
597 3097 696 3174 έχοντα
713 3095 885 3177 ε’ξηγησάμε·

85 3207 145 3242 νον
166 3181 194 3240 οἳ
211 3180 344 3242 Ὠκεανόν
355 3208 387 3241 τε
400 3182 501 3261 ῥέοντα
516 3183 669 3267 γράφουσι
679 3184 768 3260 πέριξ
778 3184 832 3255 τὴν
845 3187 905 3257 ηἳηι
927 3205 930 3208 ’

81 3273 188 3328 ἐοῦσαν
205 3273 378 3350 κυκλοτερέα
401 3271 438 3340 ἀς
460 3273 521 3336 ἀπὸ
542 3273 663 3355 τόρνου,
676 3272 731 3332 καλ
744 3269 802 3345 τὴν
812 3265 822 3284 ⁵
834 3264 934 3328 M'W
