2040 3464
87 105 228 170 ιιι-ιιι]
421 107 555 157 emm.
835 111 885 159 ιιι

86 185 232 261 καλέομεν·
254 186 367 261 φορέειν
380 185 409 244 δέ
422 185 472 248 τάς
486 185 597 262 ὄρνιθας
610 190 638 246 ἐς
653 185 786 250 νεοσσιάς
797 213 885 248 ποοσ·

85 273 288 348 πεπλασμένας
309 278 339 330 ἐκ
358 277 450 347 πηλοῦ
466 272 535 348 πρῦς
553 272 758 348 ἀποκρήμνοισι
779 274 883 351 οὔρεσι,

87 360 153 419 ἔνθα
172 359 340 437 πρόσβασιν
361 359 496 439 ἀνθρώπῳ
514 360 643 449 οὐδεμίαν
661 360 739 419 εἶναι·
760 360 830 438 πρός
849 362 886 423 ὧν

86 447 120 521 δὴ
133 452 222 506 ταῦτα
237 448 302 510 τοῦς
314 447 466 524 Ἀραβίους
482 448 653 523 σοφίζεσθαι
669 447 744 506 τάδε·
764 451 842 526 βοῶν
855 476 886 512 τε

86 535 133 596 καὶ
149 533 218 596 ὅνων
237 539 293 596 τῶν
313 535 520 617 ἀπογινομένων
541 536 587 594 καὶ
606 540 661 595 τῶν
676 534 772 596 ἄλλων
786 536 886 609 ὑποζυ-

85 624 153 704 γίων
165 623 202 683 τοὶ
217 624 307 700 μέλεα
323 623 508 699 διαταμόντας
526 622 562 686 οἷς
578 624 708 702 μέγιστα,
723 625 844 700 κομίζειν
859 632 887 691 ἐς

84 713 175 771 ταῦτα
189 710 226 770 τά
241 711 339 788 χωρία·
359 713 408 769 καί
425 717 503 785 σφεα
521 711 618 773 θέντας
635 709 725 791 ἀγχοῦ
738 716 792 770 τῶν
807 739 887 772 νεοσ·

85 799 177 868 σιέων,
192 797 437 859 ἀπαλλάσσεσθαι
453 798 515 860 ἑκάς
532 796 644 857 αὐτέων·
664 797 715 860 τάς
734 798 763 857 δέ
777 797 887 875 ὄρνιθας

86 887 329 962 καταπετεωμένας
340 886 376 946 τά
390 889 445 946 τῶν
454 885 526 956 ῦποζ
561 886 608 945 ίων
620 886 710 962 μέλεα
724 884 888 963 α’ναφορέειν
961 920 964 925 ·

87 975 133 1033 ἐπὶ
145 974 196 1037 τοῖς
209 974 351 1037 νεοσσιάς·
370 974 421 1036 τάς
434 973 506 1033 δὲού
520 975 671 1051 δυναμένας
684 974 775 1052 ἴσχειν
788 1001 888 1053 καταρ-

86 1063 245 1143 ρήγνυσθαι
272 1064 317 1122 ἐπὶ
343 1066 406 1143 γῆν·
436 1063 501 1125 τοῦς
527 1063 557 1121 δέ
583 1062 711 1125 ἐπιόντας
737 1063 888 1144 συλλέγειν

87 1149 158 1209 οὕτω
177 1151 210 1211 τῦ
231 1151 414 1227 κιννάμωμον·
453 1149 664 1229 συλλεγόμενον
684 1151 714 1209 δέ
734 1156 764 1208 ἐκ
784 1151 887 1211 τούτων

86 1236 269 1298 άπικνέεσθαι
290 1244 317 1301 ἐς
333 1238 383 1301 τάς
403 1237 495 1300 άλλας
514 1237 615 1317 χώρας.
656 1236 695 1297 To*
718 1237 747 1295 δὲ
764 1237 797 1312 δὴ
819 1238 934 1314 λη’-112

87 1325 177 1396 δανον,
200 1326 234 1386 τῦ
262 1327 397 1386 καλέουσι
415 1325 548 1403 Ἀράβιοι
574 1324 705 1393 λάδανον,
727 1325 766 1384 ἔτι
789 1326 889 1386 τοῦτου

87 1414 320 1491 θαυμασιώτερον
335 1416 449 1495 γίνεται·
478 1419 507 1473 ἐν
524 1412 580 1494 γάρ
598 1412 795 1490 δυσοδμοτάτῳ
815 1414 888 1493 γινόκ

86 1526 171 1577 μενον
185 1501 372 1561 εὐωδέστατόν
386 1507 458 1561 ἐστι·
477 1505 533 1560 τῶν
544 1500 601 1580 γάρ
618 1504 704 1581 αἰγῶν
716 1504 770 1559 τῶν
779 1501 889 1581 τράγων

87 1594 117 1648 ἐν
129 1594 206 1649 τοῖσι
219 1590 336 1671 πώγωσι
350 1589 506 1666 εὐρίσκεται
519 1588 704 1668 ἐγγινόμενον,
720 1588 779 1646 οἷον
791 1589 887 1669 γλοιῦς

87 1676 143 1736 α’πῦ
160 1682 210 1754 τῆς
229 1677 308 1753 ὕλης.
349 1676 492 1756 χρήσιμον
512 1675 535 1735 δ’
557 1682 584 1738 ἐς
603 1676 701 1735 πολλοὶ
720 1680 776 1735 τῶν
794 1676 889 1754 μύρων

87 1765 159 1824 ἐστί·
181 1766 304 1841 θυμιῶσί
314 1791 345 1824 τε
358 1765 486 1842 μάλιστα
498 1768 582 1824 τοῦτο
595 1763 737 1840 Ἀράβιοι.

127 1858 259 1913 Τοσαῦτα
272 1857 323 1931 μὲν
338 1853 486 1931 θυωμάτων
499 1853 564 1930 πέρι
578 1853 707 1929 εἰρήσθω·
729 1852 825 1925 οἷπόζει
839 1855 868 1914 δέ
878 1857 935 1914 113

86 1944 137 2015 τῆς
150 1943 242 2019 χώρης
259 1947 309 2017 τῆς
321 1941 459 2018 Ἀραβίης
475 1942 628 2001 θεσπέσιον
645 1940 681 2004 ῶς
694 1941 753 2017 ήδύ.
796 1941 844 2001 δύο
859 1942 888 2001 δέ
949 2012 958 2022 .

86 2030 170 2109 γένεα
196 2029 260 2089 θέων
280 2031 339 2105 σφί
357 2035 419 2089 ἐστι
440 2029 583 2105 θωύματος
603 2027 675 2098 ἄξια,
696 2029 732 2088 τοὶ
753 2028 888 2107 οὐδαμόθι

87 2118 202 2194 ἑτέρωθί
220 2122 291 2177 ἐστι·
312 2117 345 2177 τῦ
365 2120 416 2194 μὲν
432 2116 535 2176 αὐτέων
554 2118 647 2193 ἕτερον
665 2119 722 2196 ἔχει
739 2119 789 2180 τοῖς
806 2117 888 2195 οῦράς

86 2205 203 2282 μακράς,
224 2208 308 2283 τριῶν
328 2205 440 2284 πήχεων
463 2204 512 2263 οῦκ
534 2205 703 2267 ἐλάσσονας·
730 2205 781 2268 ταὶς
802 2207 888 2270 εἴτις

87 2294 165 2369 ἐπείη
192 2300 248 2368 σφι
281 2294 415 2362 ἐπέλκειν,
444 2293 527 2351 ἕλκεα
552 2290 587 2351 ἂν
613 2293 710 2370 ἔχοιεν,
738 2292 886 2370 άνατριβο-

85 2382 190 2456 μενέων
209 2381 279 2458 πρός
304 2407 340 2460 τῃ
359 2408 398 2462 γη
418 2384 473 2439 τῶν
500 2380 610 2457 οὐρέων·
640 2383 688 2438 νῦν
711 2378 734 2439 δ’
754 2378 827 2443 ἅπας
846 2407 888 2444 τις

86 2473 142 2529 τῶν
168 2471 306 2547 ποιμένων
331 2471 479 2528 ἐπίσταται
505 2468 682 2548 ξυλουργέειν
705 2473 732 2529 ἐς
757 2473 888 2528 τοσοῦτο·

86 2556 223 2634 ἁμαξίδας
251 2557 307 2638 γάρ
336 2561 485 2625 ποιεῦντες,
517 2555 669 2614 ὐποδέουσι
705 2554 789 2618 αὐτάς
820 2560 888 2634 τῇσι

86 2644 198 2724 οὐρῇσι,
219 2645 278 2707 ε’νῦς
299 2645 418 2704 ἑκάστου
439 2642 551 2719 κτήνεος
574 2643 625 2718 τήν
646 2641 732 2719 οὐρην
752 2643 797 2701 ἐπὶ
818 2643 888 2720 οἶμα-

86 2733 150 2801 ξίδα
171 2732 293 2808 ἑκάστην
315 2732 501 2792 καταδέοντες·
525 2730 558 2789 τῦ
575 2730 605 2788 δέ
624 2730 716 2806 ἕτερον
735 2731 814 2810 γένος
833 2736 889 2790 τῶν

85 2820 152 2880 όίων
172 2821 222 2885 τάς
248 2820 331 2898 οὐράς
351 2821 474 2880 πλατέας
496 2818 640 2894 φορέουσι,
664 2818 709 2875 καὶ
732 2818 777 2876 ἐπὶ
795 2822 888 2897 πῆχυν

85 2909 204 2972 πλάτος.

125 2996 364 3073 Ἀποκλινομένης
389 2995 419 3054 δέ
444 2994 626 3071 μεσαμβρίης
655 2992 773 3070 παρήκει
799 2993 933 3070 πρδςΙΗ

85 3083 202 3145 δύνοντα
219 3085 301 3161 ἥλιον
317 3085 336 3160 ἦ
355 3083 487 3160 Αἰθιοπίη
505 3082 591 3162 χάρη,
606 3082 715 3160 ἐσχάτη
731 3088 785 3142 τῶν
803 3087 888 3142 οἰκεο·

83 3174 184 3251 μένων·
212 3172 282 3248 αὕτη
303 3172 332 3231 δέ
352 3169 461 3252 χρυσόν
481 3196 514 3231 τε
535 3172 621 3250 φέρει
638 3170 754 3230 πολλῶν
778 3169 831 3225 κτλ,
845 3168 934 3261 {Ns-x

78 3267 189 3338 φαντας
205 3261 411 3345 άμφιλαφέας,
432 3261 482 3323 καὶ
502 3261 628 3341 δένδρεα
642 3259 748 3318 πάντα
760 3253 871 3325 ἴημα,
891 3265 948 3300 *⁰³⁴
