2040 3464
139 109 187 158 186
437 110 621 160 ἨΡΟΔΟΤΟΤ
886 109 936 174 [II.

138 188 168 248 δέ
186 189 364 249 οἰκισθέντων
385 193 414 248 ἐν
429 187 569 268 Αἰγύπτῳ,
588 191 615 247 οἱ
630 187 770 264 Έλληνες
790 188 861 249 οὕτω
881 193 938 249 ε’πι·

137 275 307 355 μισγόμενοι
319 274 446 335 τούτοισι
459 275 495 335 τοὶ
507 276 571 352 περὶ
582 275 724 356 Αἴγυπτον
736 274 870 356 γινόμενα
882 275 939 336 ἀπό

137 364 317 441 Ψαμμιτίχου
332 363 472 437 βασιλέος
488 363 638 439 ἀρξάμενοι
655 362 747 423 πάντα
768 364 814 423 καὶ
834 364 870 423 ταὶ
889 363 938 424 ὗσ-

137 475 217 526 τερον
241 449 417 526 ἐπιστάμεθα
439 450 580 527 άτρεκέως·
607 455 713 526 πρῶτοι
734 450 791 531 γάρ
812 448 890 511 οὗτοι
910 457 939 512 ἐν

137 537 269 618 Αἰγύπτῳ
293 537 500 618 α’λλόγλωσσοι
528 539 759 613 κατοικίσθησαν·
788 538 819 607 ἐξ
845 536 884 599 ὧν
909 539 939 598 δέ

138 627 327 702 ἐξανέστησαν
344 627 449 704 χώρων,
464 631 493 685 ἐν
506 626 631 686 τούτοισι
648 626 682 701 δη
697 626 726 686 οἶ
741 650 773 685 τε
789 625 872 685 ὁλκοὶ
884 631 940 687 τῶν

136 718 204 774 νεῶν
224 716 270 773 καὶ
289 714 324 773 τά
346 715 451 790 ἐρείπια
471 718 526 772 τῶν
544 712 700 789 οἰκημάτων
716 713 750 774 τό
769 713 854 792 μέχρι
874 719 940 791 ἐμεῧ

136 802 220 877 ἦσαν.
247 803 424 879 Ψαμμίτιχος
436 801 488 878 μέν
502 826 549 860 νυν
563 800 633 860 οὕτω
644 801 711 879 ἔσχε
723 800 775 876 τὴν
785 803 939 881 Αἴγυπτον.

93 891 148 949 155
180 894 236 949 Τοῦ
257 890 286 948 δὲ
306 890 479 966 χρηστηρίου
499 893 549 947 τοῦ
567 893 597 947 ἐν
613 888 745 968 Αἰγύπτῳ
761 887 860 947 πολλὰ
878 894 939 948 ἐπε·

136 977 266 1053 μνήσθην
289 976 351 1053 ἤδη,
374 979 420 1035 καὶ
445 977 478 1050 δή
501 977 588 1055 λόγον
610 977 675 1052 περὶ
698 975 783 1035 αὐτοῦ
804 975 841 1038 ὦς
860 975 939 1046 άξίου

138 1063 230 1127 ἐόντος
246 1065 411 1140 ποιήσομαι.
447 1063 479 1122 τό
497 1062 552 1143 γάρ
569 1063 743 1141 χρηστήριον
759 1067 842 1123 τοῦτο
860 1064 893 1123 τό
909 1070 939 1124 ἐν

137 1151 268 1232 Αἰγύπτῳ
286 1153 346 1211 ἔστι
363 1154 414 1225 μὲν
431 1155 541 1226 Λητοῦς
558 1152 625 1227 ἱρόν,
643 1155 672 1211 ἐν
687 1150 756 1210 πόλι
776 1151 806 1210 δὲ
825 1151 939 1231 μεγάλη

138 1240 281 1316 ἱδρυμένον
300 1240 370 1298 κατά
387 1240 420 1299 τό
441 1239 641 1315 Σεβεννυτικόν
658 1238 827 1316 καλεόμενον
843 1239 939 1317 στόμα

137 1331 187 1386 τοῦ
201 1328 316 1396 Νείλου,
332 1325 499 1386 α’ναπλέοντι
512 1325 568 1384 άπό
584 1325 734 1401 θαλάσσης
747 1325 811 1385 ἅνω·
833 1326 938 1403 οὕνομα

137 1415 167 1474 δὲ
184 1415 302 1493 τῇπόλι
321 1415 407 1493 ταύτῃ
421 1413 487 1474 ὅκου
505 1412 537 1472 τό
554 1413 728 1491 χρηστήριόν
747 1419 817 1482 ἐστι,
832 1415 944 1496 Βουταλ

138 1502 175 1564 ὥς
188 1504 233 1561 καὶ
250 1502 384 1579 πρότερον
398 1502 573 1578 οὕνόμασταί
584 1527 642 1576 μοι·
665 1501 724 1577 ἱρόν
738 1502 769 1560 δέ
785 1507 846 1561 ἐστι
861 1507 889 1561 ἐν
902 1528 937 1581 τη

138 1595 240 1650 Βουτοῖ
256 1590 343 1667 ταότη
359 1590 540 1652 ’Λπόλλωνος
557 1589 602 1646 καὶ
619 1588 789 1665 Ἀρτέμιδος·
811 1589 857 1647 καὶ
873 1589 889 1649 ό
904 1615 938 1670 γε

137 1677 202 1753 νηός
219 1682 269 1752 τῆς
283 1683 400 1752 Λητοῦς,
414 1684 443 1736 ἐν
458 1682 497 1754 τῷ
511 1677 544 1752 δη
558 1677 590 1735 τό
608 1676 781 1754 χρηστήριον
795 1677 841 1746 ἔνι,
856 1676 938 1739 αὐτός

137 1791 168 1824 τε
188 1765 318 1844 τυγχάνει
342 1765 392 1824 ἐων
413 1767 501 1845 μέγας
522 1765 568 1822 καὶ
589 1766 625 1822 τά
645 1763 809 1840 προπύλαια
833 1766 890 1842 ἔχει
910 1771 936 1828 ἐς

138 1853 207 1929 ὕψος
225 1853 290 1910 δέκα
309 1852 448 1932 ὀργυιέων·
469 1851 502 1912 τό
519 1853 550 1911 δέ
565 1878 614 1927 μοι
631 1857 686 1911 τῶν
700 1857 828 1928 φανερῶν
842 1855 938 1929 θῶυμα

138 1941 273 2019 μέγιστον
292 1941 484 2018 παρεχόμενον
505 1940 615 2015 φράσω·
644 1941 705 1999 ἐστι
725 1945 754 1999 ἐν
773 1945 812 2018 τῷ
830 1942 937 2017 τεμένει

137 2027 224 2107 τούτῳ
244 2033 353 2103 Λητοῦς
369 2029 434 2104 νηός
448 2029 478 2097 ἐξ
497 2028 555 2090 ἑνός
569 2029 651 2087 λίθου
667 2029 852 2103 πεποιημένας
865 2029 891 2091 ές
907 2055 937 2088 τε

137 2115 208 2193 ὕψος
232 2117 278 2174 καὶ
303 2122 329 2178 ἐς
352 2120 449 2192 μῆκος·
478 2116 523 2173 καὶ
547 2120 642 2193 τοῖχος
668 2117 785 2179 ἕκαστος
811 2115 938 2176 τούτοισι

139 2204 210 2265 ίσος·
236 2203 445 2281 τεσσεράκοντα
464 2203 576 2282 πήχεων
598 2204 702 2263 τούτων
727 2203 845 2263 ἕκαστόν
866 2209 936 2265 ἐστι·

138 2291 172 2350 τό
194 2292 223 2350 δὲ
247 2293 467 2371 καταστέγασμα
490 2296 540 2366 τῆς
561 2292 667 2367 ὀροφῆς
689 2291 777 2355 ἄλλος
801 2293 937 2351 ἐπικέεται

94 2380 245 2449 156λίθος,
268 2382 336 2458 έχων
356 2380 408 2455 την
429 2380 611 2455 παρωροφίδα
631 2379 814 2459 τετράπηχυν.
857 2379 938 2440 Οὕτω

138 2467 190 2541 μέν
204 2494 251 2527 νυν
267 2467 282 2527 ό
299 2468 363 2542 νηός
378 2471 433 2526 τῶν
448 2472 574 2544 φανερῶν
590 2494 639 2543 μοι
657 2472 712 2527 τῶν
725 2469 788 2543 περὶ
804 2471 887 2526 τοῦτο
904 2468 938 2528 τό

140 2553 198 2631 ἱρόν
215 2561 277 2614 ἐστι
294 2554 534 2630 θωυμαστότατον,
549 2560 604 2614 τῶν
623 2556 652 2613 δὲ
671 2556 800 2631 δευτέρων
814 2559 901 2630 νῆσος
918 2557 939 2632 ἦ

139 2643 249 2719 Χέμμις
269 2644 434 2719 καλευμένη.
476 2645 537 2701 ἐστι
554 2645 606 2719 μὲν
627 2648 655 2702 ἐν
673 2644 759 2720 λίμνη
777 2643 871 2720 βαθέῃ
891 2645 938 2703 καὶ

139 2731 247 2808 πλατέη
262 2731 371 2806 κειμένη
385 2729 462 2806 παρά
477 2729 510 2788 τό
530 2734 558 2789 ἐν
574 2733 678 2789 Βουτοῖ
696 2731 762 2807 ἱρόν,
776 2732 889 2811 λέγεται
908 2731 939 2791 δέ

139 2817 184 2876 ὑπ’
199 2819 355 2898 Αἰγυπτίων
370 2818 438 2877 εἶναι
452 2817 521 2892 αὕτη
534 2817 552 2893 ἦ
567 2823 653 2894 νῆσος
665 2818 773 2894 πλωτή·
792 2818 874 2882 αὐτός
886 2821 939 2896 μέν

140 2907 224 2986 ἔγωγε
242 2905 304 2965 οὔτε
322 2907 467 2965 πλέουσαν
487 2903 550 2965 οὕτε
569 2908 728 2981 κινηθεῖσαν
746 2907 812 2977 ἴδον,
828 2908 939 2982 τέθηπα

140 2993 169 3051 δὲ
187 2993 291 3053 άκοόων
307 2998 331 3052 εἰ
349 2998 435 3070 νῆσος
454 2994 579 3069 άληθέως
598 2994 660 3053 ἐστὶ
677 2995 784 3071 πλωτή·
806 3000 835 3053 ἐν
848 2995 882 3071 δὴ
901 2995 939 3057 ὧν

132 3081 222 3161 ταιίζη
245 3080 312 3160 νηός
334 3108 365 3142 τε
387 3081 567 3145 Ἀπόλλωνος
593 3083 681 3162 μέγας
704 3083 751 3152 ἔνι,
775 3083 821 3141 καὶ
843 3084 939 3161 βωμοὶ

118 3170 276 3245 τριφάσιοι
295 3171 468 3253 ἐνιδρύαται·
491 3168 710 3252 ἐμπεφόκασιδ
730 3175 757 3228 ἐν
774 3167 845 3245 οἰκῇ
854 3172 940 3243 §aivx-

102 3278 155 3317 ’τίς
177 3262 302 3340 συχνοὶ,
323 3264 380 3326 καὶ
401 3263 488 3327 ἅλλα
510 3261 634 3340 δένδρεα
656 3258 704 3318 καὶ
728 3253 896 3329 καρποφόρα
917 3254 965 3311 καλ
