2040 3464
81 106 188 172 ιι-ιι]
366 109 592 160 mmmmm.
829 111 876 158 ιω

80 186 184 244 πολλοὶ
202 185 293 246 δὲκαὶ
314 185 397 250 ὅλους
413 186 513 264 άνδρας
529 189 696 265 ἐκδείραντες
718 188 763 246 καὶ
777 187 875 246 διατεί-

80 299 173 336 ναντες
193 273 238 332 ἐπὶ
259 274 356 344 ξύλων,
379 275 421 332 ἐπ’
443 276 533 335 ἵππων
553 278 747 352 περιφέρουσι.
787 280 877 334 ταῦτα

80 362 130 433 μὲν
140 359 173 435 δὴ
184 359 254 420 οῦτω
265 368 321 436 σφι
334 361 504 437 νενόμισται.
530 363 623 425 Αύτάς
636 364 666 422 δὲ
678 363 728 426 τάς
742 363 875 438 κεφαλάς,
885 365 921 423 65

81 446 112 505 οῦ
137 473 167 507 τι
192 447 301 508 πάντων
327 448 405 507 οἷλλοὶ
425 453 480 508 τῶν
504 452 648 528 ἐχθίστων,
670 454 782 509 ποιεῦσι
801 450 876 509 τάδε·

81 533 239 612 άποπρίσας
266 536 383 599 ἕκαστος
409 541 466 595 πᾶν
491 537 524 595 τὸ
553 539 643 615 ἔνερθε
672 543 727 596 τῶν
756 537 875 613 ὀφρύων,

82 623 245 699 ἐκκαθαίρει·
267 624 313 680 καὶ
329 622 363 699 ἢν
383 627 435 699 μὲν
454 623 473 703 ᾗ
495 626 587 700 πένης,
609 625 624 684 ὁ
645 626 674 683 δὲ
695 626 793 694 ἔξωθεν
807 625 877 700 οἷμο-

80 710 168 784 βοέην
192 710 298 785 μούνην
324 713 477 788 περιτείνας
505 711 576 771 οὕτω
601 717 713 791 χρᾶται·
740 711 774 788 ἣν
801 713 830 771 δὲ
856 713 875 790 ᾗ

81 796 226 869 πλούσιος,
245 799 296 873 την
312 801 364 875 μὲν
386 798 534 875 ὠμοβοέην
551 802 704 876 περιτείνει,
725 801 827 860 ἔσωθεν
848 801 877 859 δὲ

82 885 294 964 περιχρυσάσας
321 885 392 945 οὕτω
419 892 520 965 χρᾶται
547 890 678 967 ποτηρίῳ·
712 892 824 947 ποιεῦσι
848 888 877 946 δέ

82 978 162 1032 τοῦτο
177 975 222 1032 καὶ
236 979 267 1032 ἐκ
280 978 334 1033 τῶν
348 976 466 1049 οἰκηίων,
476 973 510 1050 ἦν
524 983 579 1050 σφι
593 975 724 1053 διάφοροι
736 976 877 1055 γένωνται,

80 1061 127 1118 καὶ
144 1059 179 1136 ἢν
197 1061 370 1140 ἐπικρατήσῃ
387 1061 470 1121 αύτοῦ
491 1063 567 1139 παραὶ
580 1068 618 1141 τῷ
635 1065 764 1139 βασιλέϊ·
786 1064 878 1132 ξείνων

79 1148 112 1206 δέ
125 1152 151 1207 οἱ
164 1148 303 1231 ἐλθόντων
315 1154 370 1209 τῶν
383 1149 416 1209 ἂν
434 1149 521 1231 λόγον
539 1152 675 1225 ποιέηται,
689 1151 739 1213 τάς
753 1151 879 1225 κεφαλάς

79 1236 182 1299 ταύτας
194 1237 359 1314 παραφέρει,
374 1237 420 1295 καὶ
437 1238 560 1317 ἐπιλέγει
574 1237 608 1299 ὥς
629 1241 656 1296 οἱ
674 1238 763 1299 ἐόντες
780 1238 879 1312 οἷκη’“ι“οι

79 1323 207 1400 πόλεμον
229 1323 442 1400 προσεθήκαντο
465 1325 513 1382 καί
537 1331 634 1399 σφεων
662 1324 745 1387 αῦτδς
767 1325 878 1401 ἐπεκρά-

79 1435 159 1485 τησε·
179 1410 282 1485 ταύτην
295 1411 483 1491 ἀνδραγαθίην
503 1413 642 1492 λέγοντες.
679 1411 776 1481 Ἀπαξ
789 1412 817 1470 δέ
830 1417 879 1470 τοῦ
888 1416 924 1473 66

80 1502 205 1558 ἐνιαυτοῦ
220 1499 338 1558 ἑκάστου
357 1499 372 1557 ὁ
390 1499 532 1577 νομάρχης
548 1500 665 1562 ἕκαστος
681 1505 710 1558 ἐν
722 1503 764 1579 τῷ,
779 1503 879 1558 ἐωυτοῦ

80 1589 156 1664 νομῷ
172 1590 251 1664 κιρνᾷ
267 1591 392 1695 κρητῆρα
406 1587 488 1656 οἴνου,
503 1585 549 1644 ἀπ’
564 1585 597 1645 οῦ
611 1589 724 1646 πίνουσι
741 1591 795 1647 τῶν
812 1589 880 1650 Σκυ·

81 1673 192 1732 θέων”
176 1699 255 1736 οσοις
275 1673 309 1732 ἀν
329 1673 425 1751 ἅνδρες
444 1674 618 1751 πολέμιοι’
601 1675 780 1752 αραιρημένοι
804 1676 878 1733 ἔωσι·

79 1759 226 1820 τοῖσιδ’
210 1787 244 1821 αν
261 1788 302 1838 μη
322 1763 548 1842 κατεργασμένον
561 1781 579 1840 ῃ
593 1762 732 1833 τοῦτο,ού
752 1761 880 1844 γεύονται

80 1853 131 1906 τοῦ
158 1850 233 1908 α’ίνου
257 1848 366 1917 τούτου,
394 1849 504 1908 οἷλλΗ
486 1850 653 1925 ητιμωμένοι
679 1849 875 1909 ἀποκατέαται·

81 1934 185 1999 ὄνειδος
211 1936 243 1994 δέ
263 1937 355 2012 σφί’
343 1963 405 1996 εστι
427 1962 563 2017 μεγιστου
585 1942 679 1997 τοῦτο·
709 1937 772 1997 ὅσοι
795 1935 864 1997 δὲ
846 1964 880 1997 αν

81 2023 172 2083 αὐτῶν
186 2025 232 2082 καὶ
246 2023 334 2101 κάρτα
346 2024 474 2087 πολλοῦς
492 2023 592 2100 ἄνδρας
610 2025 788 2100 άναιρηκάτες
807 2028 880 2095 ἔωσι,

82 2108 160 2170 οῦτοι
174 2112 204 2170 δέ
216 2110 319 2172 σύνδυο
333 2110 446 2174 κύλικας
460 2113 576 2190 ἔχοντες,
591 2114 704 2172 πίνουσι
718 2114 799 2189 ὁμοῦ.

123 2198 244 2262 Μάντιες
260 2198 290 2257 δὲ
309 2200 436 2263 Σκυθέων
452 2200 507 2258 εἶσὶ
525 2201 639 2271 πολλοὶ,
657 2201 684 2258 οἳ
701 2200 881 2276 μαντεύονται
891 2201 927 2264 67

82 2286 215 2365 ῥάβδοισι
227 2287 343 2366 ἷτείνῃσι
353 2290 482 2365 πολλῇσι
491 2285 551 2345 ὦδε·
567 2287 649 2346 ἐπεάν
661 2289 800 2363 φακέλους
810 2288 881 2364 ῥάβ-

83 2375 136 2432 δων
145 2375 311 2455 μεγαλους’
299 2376 460 2447 ενείκωνται,
471 2374 562 2437 θέντες
572 2400 663 2452 χαμαι
652 2375 881 2442 διεξελίσσουσι

83 2460 191 2524 αὐτούς·
206 2487 252 2520 και
242 2462 358 2520 ἐπὶ
323 2488 390 2536 μιαν
401 2462 520 2536 ἑκάστην
530 2461 638 2538 ῥάβδον
648 2462 774 2530 τιθέντες,
784 2463 881 2520 θεσπί-

82 2551 174 2620 ζουσι·
184 2575 242 2626 ομα
250 2575 280 2609 τε
289 2550 513 2630 λεγοντεςταυτα
521 2549 738 2607 συνειλεουσι
705 2575 754 2610 τας
761 2548 884 2625 ραβδους

83 2636 183 2707 ὀπίσω,
192 2637 238 2696 καὶ
251 2637 327 2700 αῦτις
340 2636 411 2696 κατά
423 2635 490 2712 μίαν
503 2635 716 2695 συντιθεῖσι·”
682 2661 751 2711 αυτη
764 2637 816 2713 μέν
823 2642 883 2781 σφι

85 2725 102 2800 ἤ
120 2725 239 2801 μαντικὴ
257 2725 382 2801 πατρωίη
401 2724 520 2783 ἐστί·
495 2749 521 2782 οι
557 2726 569 2781 ἐ
586 2722 712 2800 Ἐνάρεες
730 2722 837 2805 [οἰδ
787 2750 821 2782 αν
837 2722 884 2800 ρά·

85 2811 174 2893 γυναι]
187 2813 238 2888 τήν
250 2811 419 2888 Ἀφροδίτην
433 2817 488 2885 σφι
501 2811 619 2890 λέγουσι
631 2836 767 2887 μαντικην
781 2810 883 2870 δοῦναι·

84 2900 207 2976 φιλύρης
223 2900 260 2960 ὦν
278 2903 370 2977 φλοιῷ
386 2897 577 2974 μαντεύονται·
599 2898 683 2957 ἐπεάν
695 2898 747 2974 τήν
761 2898 883 2975 φιλύρην

86 2989 169 3065 τρίχα
186 2989 285 3066 σχίσῃ,
304 2986 459 3045 διαπλέκων
480 2978 509 3044 ἐν
526 2990 603 3045 τοῖσι
624 2985 788 3045 δακτύλοισι
807 2989 885 3044 τοῖσι

84 3077 186 3134 ἑωυτοῦ
200 3076 245 3134 καὶ
259 3072 377 3133 διαλύων
389 3076 455 3151 χρᾷ·
474 3071 578 3132 Ἐπευῖν
591 3073 621 3131 δὲ
633 3073 772 3147 βασιλεῦς
786 3072 802 3133 ὁ
816 3074 884 3136 Σκυ·
895 3074 931 3132 68

84 3163 155 3222 θέων
174 3161 257 3241 κάμῃ,
270 3160 480 3238 μεταπέμπεται
496 3164 551 3220 τιῦν
573 3160 690 3237 μαντίων
706 3158 904 3236 ἅνδραςτρὲις

82 3247 148 3310 τούς
164 3247 376 3320 εύδοκιμέοντας
392 3248 540 3330 μάλιστα,
555 3249 586 3309 ολ
604 3246 709 3328 πράττω
721 3249 767 3322 τῦξ
783 3241 934 3317 ἓωλυῖλῆ
988 3314 992 3321 .
