2040 3464
170 109 216 156 328
471 107 652 156 ἨΡΟΔΟΤΟΤ
910 105 968 168 [IV.

343 187 426 208 K‘!

169 215 233 251 τους
249 192 300 264 μὲν
317 189 350 264 δη
368 214 493 269 υπαγειν,
507 187 541 264 ἢν
554 188 599 246 ἐπὶ
616 190 700 246 τοῦτο
715 186 856 263 τράπηται
869 183 886 245 ό
900 186 971 262 Πέρ-

170 302 232 351 σης,
242 276 285 335 ἰθύ
299 277 432 338 Τανάϊδος
445 281 573 351 ποταμοῦ
586 274 663 351 παρά
675 273 727 349 την
735 278 860 348 Μαιῆτιν
870 273 971 349 λίμνην

169 363 388 444 ὑποφεύγοντας,
403 363 607 426 άπελαύνοντός
625 389 655 421 τε
674 365 725 421 τοῦ
741 363 869 439 Πέρσεω,
884 362 971 421 ἐπιόν-

168 477 218 514 τας
239 452 352 511 διώκειν.
388 452 456 526 αὕτη
474 453 526 527 μέν
539 458 596 526 σφι
613 453 664 527 μία
677 449 712 525 ἦν
724 453 810 525 μοῖρα
823 455 875 525 τῆς
887 452 970 526 βασι-

169 544 259 614 ληίης,
272 540 427 620 τεταγμένη
440 539 543 614 ταύτην
556 539 608 614 τὴν
622 537 687 596 ὁδόν
701 536 773 615 ᾗπερ
788 538 902 613 εἴρηται·
923 539 971 600 τάς

169 627 199 684 δὲ
223 627 271 686 δύο
293 631 347 686 τῶν
370 622 539 702 βασιληΐων,
560 626 611 701 τήν
633 651 664 684 τε
684 623 813 705 μεγάλην
832 628 883 700 τῆς
903 624 971 703 ἦρχε

169 713 347 790 Ἰδάνθυρσος
364 715 409 772 καὶ
428 714 480 788 τὴν
498 713 594 789 τρίτην
607 717 657 788 τῆς
676 712 828 787 ἐβασίλευε
843 713 970 781 Τάξακις,

170 803 363 865 συνελθούσας
378 807 405 865 ἐς
417 801 515 870 τώυτό,
531 801 576 859 καὶ
590 805 722 859 Γελωνῶν
729 826 760 858 τε
775 800 821 857 καὶ
835 801 972 860 Βουδίνων

168 893 401 968 προσγινομένων,
416 888 520 966 ἡμέρης
536 889 581 946 καὶ
600 888 714 950 τούτους
729 887 783 966 ὁδῷ
801 890 972 966 προέχοντας

168 983 223 1038 τῶν
240 979 374 1055 Περσέων
394 976 549 1057 ύπεξάγειν,
566 977 697 1038 ὑπιόντας
714 1002 745 1034 τε
763 977 809 1034 καὶ
827 981 972 1040 ποιεῦντας

167 1066 203 1125 τά
223 1067 446 1142 βεβουλευμένα.
481 1069 577 1141 πρῶτα
597 1065 649 1140 μέν
669 1091 716 1123 νυν
738 1062 857 1144 ύπάγειν
879 1067 972 1140 σφέας

171 1153 216 1212 ἰθύ
240 1157 295 1212 τῶν
316 1152 426 1231 χωρέων
452 1156 506 1211 τῶν
532 1151 725 1228 ἀπειπαμένων
751 1151 803 1226 τὴν
830 1155 972 1230 σφετέρην

169 1243 340 1319 συμμαχίην,
361 1240 418 1321 [ἵνα
439 1241 484 1298 καὶ
504 1239 618 1302 τούτους
639 1240 881 1322 ἐκπολεμώσωσι]
905 1243 972 1300 εἰδὲ

168 1329 208 1404 μη
223 1328 329 1390 ἑκόντες
341 1354 373 1409 γε
390 1328 533 1386 ύπέδυσαν
545 1327 595 1387 τᾶν
612 1327 738 1403 πόλεμον
751 1328 800 1387 τόν
813 1328 886 1405 πρός
900 1331 970 1407 Πέρ-

169 1442 231 1489 σας,
260 1415 325 1474 άλλ’
353 1415 469 1478 ἄκοντας
497 1419 703 1491 ἐκπολεμῶσαι·
734 1415 805 1491 μετά
833 1416 862 1474 δὲ
889 1421 972 1476 τοῦτο

169 1502 359 1579 ίποστρέφειν
384 1509 411 1566 ἐς
431 1503 483 1579 τήν
511 1505 660 1581 σφετέρην,
682 1504 728 1562 καὶ
755 1505 919 1582 ἐπιχειρέειν
938 1504 972 1581 ἢν

123 1591 222 1666 121δῆ
243 1593 476 1668 βουλευομένοισι
497 1592 587 1671 δοκέῃ,
622 1595 716 1651 Ταῦτα
737 1595 763 1651 οἱ
784 1592 892 1656 Σκύθαι
904 1596 972 1670 βου-

169 1679 338 1756 λευσάμενοι
355 1681 521 1756 ύπηντίαζον
536 1681 588 1755 τήν
606 1682 725 1757 Δαρείου
746 1681 891 1757 στρατιὴν,
906 1709 971 1759 προ-

169 1766 288 1844 δρόμους
309 1768 527 1830 ἀποστείλαντες
546 1773 601 1828 τῶν
623 1770 727 1828 ἱππέων
743 1768 808 1831 τούς
829 1769 970 1846 οἶρίστους.

168 1855 218 1918 τάς
232 1856 261 1914 δέ
274 1857 383 1932 αἱμάξας
398 1863 426 1916 ἐν
439 1856 509 1934 τῇσί
525 1863 581 1932 σφι
597 1857 722 1916 διαιτᾶτο
735 1856 770 1915 τά
783 1858 868 1916 τέκνα
881 1885 912 1917 τε
927 1860 972 1917 καὶ

169 1946 198 2001 αἶ
214 1948 341 2023 γυναῖκες
358 1949 458 2014 πᾶσαι,
474 1946 519 2002 καὶ
536 1945 572 2004 τά
590 1945 731 2022 πρόβατα,
745 1945 823 2019 πλην
842 1945 899 2005 ὅσα
916 1954 972 2021 σφι

170 2037 197 2093 ἐς
211 2032 327 2108 φορβὴν
341 2033 420 2091 ἱκανά
433 2032 467 2108 ἦν
480 2037 607 2092 τοσαῦτα
619 2032 830 2109 ὑπολιπόμενοι,
844 2034 881 2093 τά
894 2033 972 2094 ἄλλα

169 2118 227 2195 ἅμα
242 2124 309 2197 τῇσι
327 2120 454 2199 ἁμάξῃσι
469 2121 653 2199 προέπεμψαν
671 2119 858 2196 ἐντειλάμενοι
872 2123 927 2181 αἰεὶ
939 2123 972 2183 τό

169 2208 240 2284 πρός
252 2210 345 2284 βορέω
360 2209 492 2269 ἐλαύνειν.
526 2213 614 2268 ταῦτα
626 2212 678 2286 μὲν
691 2208 725 2284 δη
739 2211 951 2286 προεκομίζετο.

123 2298 179 2354 122
221 2301 282 2356 Τῶν
303 2297 332 2355 δὲ
360 2298 486 2361 Σκυθέων
508 2300 534 2355 οἱ
555 2297 711 2374 πρόδρομοι
738 2296 773 2359 ὦς
800 2294 882 2373 εὗρον
908 2299 972 2362 τοῦς

170 2388 285 2462 Πέρσας
306 2385 375 2445 ὅσον
387 2412 419 2444 τε
431 2389 514 2460 τριῶν
529 2383 652 2461 ἡμερέων
665 2383 731 2443 ὁδὸν
744 2383 901 2463 υἷπέχοντας
915 2386 971 2447 άπδ

168 2478 218 2532 τοῦ
227 2473 349 2549 Ἴστρου,
366 2471 441 2533 οὗτοι
454 2475 506 2550 μέν
518 2472 632 2534 τούτους
652 2471 784 2548 εύρόντες,
798 2472 904 2550 ἡμέρης
918 2475 972 2554 ὀδῷ

170 2562 335 2640 προέχοντες
346 2558 621 2638 ἐστρατοπεδεύοντο,
630 2559 665 2618 τά
679 2565 708 2618 ἐκ
721 2564 771 2635 τῆς
781 2565 833 2640 γῆς
843 2561 972 2639 φυόμενα

170 2651 333 2711 λεαίνοντες.
374 2653 400 2708 οἱ
413 2649 443 2708 δέ
456 2650 567 2725 Πέρσαι
582 2647 617 2710 ὥς
632 2647 704 2706 εἶδον
718 2653 904 2722 ἐπιφανεῖσαν
918 2655 972 2711 τῶν

172 2738 298 2800 Σκυθέων
313 2738 365 2812 τὴν
381 2738 475 2807 ἵππον,
492 2736 611 2811 ἐπήῖσαν
625 2736 695 2794 κατά
714 2737 818 2811 στίβον
831 2737 886 2795 αἰεὶ
902 2738 970 2797 ύπα-

169 2825 284 2905 γόντων·
305 2826 351 2884 καὶ
370 2828 471 2897 ἔπειτα,
486 2824 556 2901 πρδς
573 2824 628 2904 γάρ
641 2823 692 2898 την
705 2825 772 2900 μίαν
786 2828 840 2884 τῶν
853 2828 972 2902 μοιρέων

170 2914 278 2982 ἴθυσαν,
296 2917 322 2972 οἱ
343 2914 455 2988 Πέρσαι
475 2913 584 2972 ἐδίωκον
602 2909 672 2988 πρός
687 2911 728 2986 ἠῶ
743 2938 774 2970 τε
793 2913 904 2971 καὶτοῦ
919 2920 970 2972 Ta·

170 3002 269 3064 νάϊδος·
291 3001 447 3077 διαβάντων
461 3001 490 3059 δέ
502 2999 606 3059 τούτων
618 2998 668 3058 τὸν
680 2999 782 3058 Τάναϊν
795 3000 934 3076 ποταμόν,
946 3005 971 3061 οἶ

168 3091 283 3167 Πέρσαι
303 3087 496 3166 ἐπιδιαβάντες
516 3088 635 3146 ἐδίωκον·
657 3091 684 3148 ἐς
698 3087 731 3146 τό
750 3091 804 3146 τῶν
823 3089 971 3166 Σαυρομα·

158 3180 233 3241 τέων
253 3179 308 3258 τήν
326 3176 424 3261 χώρην
445 3174 631 3248 διεξελθόντες
650 3172 778 3233 ἀπίκοντο
798 3180 824 3236 ἐς
844 3176 898 3248 τὴν
918 3181 971 3243 τῶνΙ

124 3269 162 3329 η3
173 3271 338 3334 Βουδίνων.
371 3269 472 3332 Ὅσον
493 3268 547 3348 μὶν
564 3262 600 3341 δὴ
619 3260 721 3342 Χβθνον
736 3260 981 3329 άιλλέμσωιῗῐωαυ
