2040 3464
121 105 153 150 ιι
428 104 611 153 ιΗνοΔοτοι
886 103 920 168 [1.

122 183 220 259 ἔτρεφε
232 181 251 258 ἦ
264 183 334 262 γυνη
346 187 397 243 τοῦ
409 183 561 260 βουκόλου,
573 181 678 256 οὕνομα
688 180 763 240 ἄλλο
777 181 826 241 κού
837 207 865 241 τι
876 185 921 243 καὶ

76 269 132 351 114
142 269 174 328 ού
188 274 282 345 Κῦρον
297 271 407 346 θεμένη.
450 272 507 329 Καὶ
521 269 567 328 ὅτε
597 269 663 345 ηῆν
677 270 805 345 δεκαέτης
818 269 834 328 ὁ
847 274 921 341 παῖς,

120 362 237 438 πρῆγμα
263 363 291 420 ές
313 358 397 417 αὐτόν
422 358 529 417 τοιόνδε
551 357 701 438 γενόμενον
725 358 841 436 ἐξέφηνέ
863 384 921 434 μιν

122 445 214 515 ἑπαιζε
228 450 257 504 ἐν
266 451 302 524 τῇ
313 445 390 524 κόμη
400 445 487 522 ταύτῃ
499 451 527 505 ἐν
540 450 575 523 τῇ
584 445 658 520 ἦσαν
672 446 717 503 καὶ
731 448 760 503 αἱ
772 447 922 521 βουκολίαι

121 531 210 602 αὗται,
228 534 320 604 ἔπαιζε
339 535 367 592 δὲ
385 533 444 608 μετ’
462 533 557 593 ἄλλων
574 533 679 608 ἡλίκων
698 539 726 592 ἑν
745 533 807 611 ὁδῷ·
829 535 875 592 καὶ
895 537 922 595 οἶ

120 621 216 682 παῖδες
226 623 368 692 παίζοντες
377 623 485 680 εἵλοντο
497 625 601 680 ἑωυτῶν
610 621 737 697 βασιλέα
746 620 815 680 εἶναι
823 625 922 682 τοῦτον

121 708 155 783 δὴ
171 708 220 768 τόν
235 713 284 768 τοῦ
303 708 446 785 βουκόλου
465 710 613 783 ἐπίκλησιν
631 709 726 766 παῖδα·
749 707 765 766 ό
784 708 814 767 δὲ
833 708 923 769 αύτῶν

121 796 227 866 διέταξε
242 797 306 860 τούς
321 800 372 873 μὲν
389 798 475 859 οἰκίας
489 797 665 873 οἰκοδομέειν,
679 795 744 858 τούς
760 796 790 855 δὲ
804 796 922 872 δορυφό-

120 910 185 960 ρους
198 884 275 955 εἶναι,
285 886 334 945 τόν
344 885 375 944 δέ
387 911 436 943 κου
446 884 508 944 τινὰ
521 883 610 943 αὐτῶν
620 883 771 961 ὀφθαλμόν
783 885 921 959 βασιλέος

122 971 199 1042 εἶναι,
212 977 250 1051 τῷ
263 972 294 1030 δέ
308 998 361 1032 τινι
374 972 423 1035 τάς
436 971 569 1053 ἀγγελίας
583 972 713 1048 ἐσφέρειν
727 971 816 1030 ἐδίδου
828 969 921 1052 γέρας·

122 1058 157 1122 οἷς
175 1059 282 1138 ἑκάστῳ
300 1061 380 1140 ἔργον
395 1059 596 1137 προστάσσων.
639 1060 676 1121 εἷς
695 1058 728 1133 δὴ
746 1059 850 1118 τούτων
867 1065 922 1121 τῶν

120 1147 235 1207 παιδίων
255 1149 425 1225 συμπαίζων,
445 1146 496 1206 ε’ὢν
513 1147 721 1224 Ἀρτεμβάρεος
740 1151 806 1210 παῖς
824 1146 923 1226 ἀνδρός

122 1235 237 1312 δοκίμου
251 1241 279 1295 ἓν
293 1236 428 1310 Μήδοισι,
442 1234 474 1294 ού
487 1235 542 1315 γάρ
557 1235 589 1310 δη
605 1236 719 1310 ἐποίησε
732 1234 765 1294 τό
778 1261 922 1315 προσταχ-

121 1324 168 1383 θὲν
182 1329 211 1382 ἐκ
223 1329 272 1383 τοῦ
287 1323 390 1402 Κύρου,
406 1324 515 1381 ε’κέλευε
528 1321 614 1382 αὐτόν
626 1322 691 1384 τούς
703 1322 809 1385 ἄλλους
822 1324 923 1388 παῖδας

121 1411 277 1488 διαλαβεῖν·
298 1412 468 1489 πειθομένων
484 1411 514 1470 δὲ
530 1415 585 1470 τῶν
600 1410 713 1480 παίδων,
728 1410 743 1469 ὁ
762 1415 856 1487 Κῦρος
872 1411 923 1472 τόν

119 1499 206 1558 παῖδα
219 1500 341 1578 τρηχέως
354 1499 442 1575 κάρτα
454 1499 588 1575 περιέσπε
601 1499 769 1578 μαστιγέων·
787 1498 803 1557 ό
814 1498 851 1569 δὲ,
863 1501 925 1560 ε’πεί

120 1613 151 1645 τε
166 1589 279 1663 μετείθη
295 1586 426 1665 τάχιστα,
441 1585 476 1649 ὥς
491 1612 525 1667 γε
543 1585 576 1662 δὴ
593 1584 692 1655 ἀνάξια
709 1590 810 1645 ἑωυτοῦ
827 1586 923 1647 παθιδν

121 1675 233 1750 μᾶλλόν
248 1701 276 1733 τι
294 1676 482 1751 περιημέκτεε,
499 1673 641 1733 κατελθῶν
659 1674 688 1733 δὲ
706 1679 734 1736 ε’ς
751 1673 836 1733 πόλιν
852 1674 924 1751 πρός

122 1762 169 1822 τόν
175 1763 283 1838 πατέρα
294 1753 466 1833 ἀποικτίζετο
476 1767 530 1820 τῶν
539 1761 594 1821 ύπό
606 1761 701 1838 Κύρου
711 1761 823 1837 ἤντησε,
832 1762 923 1842 λέγων

121 1849 151 1908 δὲ
169 1849 201 1908 ού
220 1849 323 1926 Κύρου,
341 1849 387 1927 (ου’
402 1849 457 1930 γάρ
477 1876 514 1908 κω
531 1849 566 1925 ἦν
583 1855 666 1909 τοῦτο
683 1849 826 1928 τοῦνομά)
846 1849 924 1911 ἀλλὰ

121 1938 191 2014 πρός
203 1941 253 1997 τοῦ
266 1938 409 2013 βουκόλου
421 1942 471 1997 τοῦ
483 1937 656 2018 Ἀστυάγεος
667 1937 774 1999 παιδός·
791 1936 847 1996 ὁδὲ
859 1937 923 2014 Ἀρ-

120 2024 264 2102 τεμβάρης
280 2025 359 2106 ὀργῇ,
374 2025 410 2088 ὦς
428 2025 493 2104 εἶχε,
508 2025 597 2084 ἐλθόν
609 2024 686 2102 παρὰ
703 2024 752 2084 τόν
764 2024 923 2105 Ἀστυάγεα
964 2023 969 2035 '

122 2114 168 2171 καὶ
181 2112 239 2189 ἅμα
252 2112 387 2193 ἀγόμενος
399 2113 448 2172 τόν
461 2113 555 2183 παῖδα,
570 2112 691 2189 ἀνάρσια
703 2112 857 2193 πρήγματα
867 2115 923 2191 ἔφη

122 2201 295 2270 πεπονθέναι,
306 2203 405 2282 λέγων·
423 2201 467 2260 “ὧ
480 2203 613 2277 βασιλεῦ,
624 2199 679 2259 ύτδ
692 2204 742 2259 τοῦ
756 2205 809 2259 σοῦ
821 2200 923 2262 δούλου

121 2289 263 2366 βουκόλου
277 2290 306 2352 δὲ
318 2289 416 2352 παιδός
427 2287 478 2348 ὦδε
488 2287 739 2367 περιύβρίσμεθα,”
747 2287 863 2366 (δεικνύς
871 2296 923 2350 τοῦ

79 2380 133 2438 115
142 2376 241 2439 παιδός
254 2377 317 2440 τούς
332 2376 441 2456 ὤμους.)
481 2376 621 2438 Ἀκούσας
637 2377 666 2435 δὲ
682 2377 728 2435 καὶ
745 2375 838 2436 ἶδῶνό
855 2374 924 2438 Ἀσ-

122 2464 232 2546 τυάγης,
244 2466 333 2525 θέλων
342 2469 500 2542 τιμωρῆσαι
512 2469 550 2543 τῷ
560 2465 638 2522 παιδὶ
650 2468 732 2539 τιμῆς
745 2468 794 2539 τῆς
806 2463 925 2542 Ἀρτεμ-

122 2551 225 2630 βάρεος
238 2553 335 2624 εἵνεκα,
348 2554 541 2629 μετεπέμπετο
553 2551 602 2612 τόν
613 2578 645 2611 τε
658 2551 800 2628 βουκόλον
813 2553 860 2611 καὶ
874 2554 925 2613 τόν

122 2641 219 2700 παῖδα·
241 2641 302 2700 ἐπεί
314 2666 345 2700 τε
358 2640 387 2699 δὲ
400 2645 533 2717 παρῆσαν
546 2639 709 2717 ἀμφότεροι,
723 2641 837 2717 βλέψας
852 2640 925 2718 πρός

122 2728 172 2789 τόν
188 2727 311 2804 Κῦρονό
326 2727 485 2808 Ἀστυάγης
502 2729 566 2804 ἔφη·
587 2727 647 2787 “σι)
661 2726 695 2802 δη
709 2728 759 2786 εὀλν
771 2728 852 2787 τοῦδε
868 2753 925 2788 τοι·

124 2816 205 2876 ούτου
218 2815 309 2879 ε’όντος
321 2820 394 2886 παῖς,
406 2815 566 2892 ἐτόλμησας
577 2813 626 2874 τόν
639 2815 720 2874 τοῦδε
732 2815 819 2874 παῖδα
832 2815 925 2879 ε’όντος

122 2904 234 2982 πρώτου
253 2903 318 2980 παρ’
335 2905 396 2980 ἐμοὶ
417 2902 519 2982 άεικείη
538 2904 632 2980 τοιῇδε
652 2903 837 2979 περισπεῖν;”
857 2903 874 2964 ὅ
894 2905 925 2964 δὲ

123 2992 257 3069 α’μείβετο
271 2990 332 3051 ὧδε·
349 2991 392 3050 “ὦ
400 2991 532 3061 δέσποτα,
543 2991 596 3070 ε’γώ
607 2991 636 3049 δὲ
645 2996 734 3051 ταῦτα
743 2997 842 3052 τοῦτον
851 2993 923 3052 ἑποί-

123 3105 182 3153 ησα
195 3079 249 3139 σόν
259 3080 329 3158 δίκῃ·
347 3082 374 3139 οἱ
385 3078 440 3160 γάρ
450 3103 487 3154 με
497 3083 527 3136 ἑκ
536 3082 587 3153 τῆς
597 3079 689 3155 κόμης
698 3080 803 3149 παῖδες,
813 3083 868 3140 τῶν
878 3082 926 3140 καὶ

106 3165 160 3221 οἶδε
174 3165 216 3240 η’ν,
233 3169 384 3239 παίζοντες
399 3167 499 3245 σφέων
513 3165 604 3228 αὐτῶν
618 3167 775 3244 ἐστήσαντο
791 3169 925 3244 βασιλέα·

90 3247 210 3310 ε’ὅώκεον
225 3255 285 3334 γάρ
301 3263 364 3335 σφι
385 3257 461 3320 εἶναι
483 3262 514 3324 ἐς
534 3261 623 3322 τοῦτο
642 3253 875 3336 ἐπιτηδεότατος.
914 3255 945 3313 ολ
