2040 3464
85 122 161 188 3-7]
375 125 602 174 MEAHOMENH.
839 128 884 174 281

84 207 213 279 ποταμοῦ
237 204 384 282 θυγατέρα·
425 204 520 284 γένεος
539 207 591 281 μὲν
612 203 739 265 τοιούτου
760 203 795 281 δῆ
813 230 889 268 τινος

83 292 217 370 γενέσθαι
232 291 282 350 τόν
297 293 463 372 Ταργίταον,
479 292 580 352 τούτου
593 293 623 351 δὲ
640 295 773 373 γενέσθαι
788 293 890 357 παῖδας

83 384 165 448 τρεῖς,
187 379 346 449 Λειπόξαῖν,
362 381 408 438 καὶ
427 380 587 456 Ἀρπόξαϊν,
609 382 654 440 καὶ
675 380 811 441 νεώτατον
831 387 887 440 Κο-

85 467 193 537 λάξαῖν·
216 468 262 527 ἐπὶ
279 467 384 527 τούτων
400 468 541 548 υἶρχίντων
561 475 591 528 ἐκ
608 472 658 528 τοῦ
673 468 790 546 ούρανοῦ
805 468 887 547 φερό-

84 582 155 632 μενα
177 554 286 634 χρύσεα
307 556 459 633 ποιήματα,
481 556 598 633 ἄροτρόν
618 583 649 616 τε
671 559 717 615 καὶ
738 558 821 638 ζυγὸν
842 559 889 616 καὶ

85 643 206 724 σάγαριν
227 643 273 702 καὶ
294 643 410 720 φιάλην,
424 645 536 704 πεσέειν
555 651 582 707 ἐς
601 643 654 720 τῆν
674 645 821 721 Σκυθικήν·
843 647 889 704 καὶ

84 736 139 792 τῶν
161 732 254 792 ἰδόντα
273 737 384 810 πρῶτον
403 733 454 792 τδν
473 733 681 810 πρεσβύτατον,
706 733 799 793 ἆσσον
820 734 889 793 ἰέναι

83 819 261 896 βουλόμενον
281 819 352 879 αὐτά
372 823 486 896 λαβεῖν·
516 821 566 881 τόν
586 822 616 880 δὲ
635 820 743 900 χρυσόν
764 822 889 885 ἐπιόντος

85 910 224 967 καίεσθαι·
248 906 481 988 ἀπαλλαχθέντος
501 910 531 968 δὲ
551 909 650 970 τούτου
670 911 817 988 προσιέναι
837 910 888 970 τδν

85 996 220 1073 δεύτερον,
235 998 283 1055 καὶ
302 996 352 1056 τόν
372 997 449 1060 αὖτις
465 996 554 1057 ταύτά
574 1000 686 1058 ποιέειν·
707 997 772 1061 τοδς
789 1001 841 1074 μὲν
854 999 889 1074 δῆ

86 1083 233 1161 καιόμενον
245 1085 296 1145 τόν
313 1084 423 1164 χρυσδν
440 1085 619 1157 ἀπώσασθαι,
632 1087 715 1164 τρίτῳ
729 1088 758 1145 δὲ
776 1091 814 1164 τῷ
826 1112 889 1146 νεω-
933 1075 938 1084 ’

84 1171 158 1250 τάτῳ
172 1173 319 1234 ἐπελθόντι
333 1175 532 1250 κατασβῆναι·
545 1175 592 1233 καί
599 1201 648 1251 μιν
660 1180 762 1233 ἐκεῖνον
773 1175 890 1250 κομίσαι

86 1265 112 1324 ές
134 1265 242 1331 ἑωυτοῦ,
265 1262 312 1320 καὶ
331 1262 395 1324 τούς
415 1264 626 1340 πρεσβυτέρους
645 1261 800 1337 α’δελφεοθς
819 1261 890 1337 πρδς

85 1352 172 1408 ταῦτα
186 1348 367 1431 συγγνόντας,
378 1350 430 1426 τῆν
439 1351 599 1426 βασιληίην
608 1354 705 1409 πᾶσαν
718 1349 890 1426 παραδοῦναι

39 1447 41 1452 ’
84 1442 123 1516 τῷ
136 1437 270 1517 νεωτάτῳ.
312 1437 384 1497 Ἀπδ
411 1442 463 1514 μὲν
492 1439 526 1513 δῆ
553 1439 721 1508 Αειποξάϊος
746 1439 917 1519 γεγονέναιθ

84 1524 200 1589 τούτους
222 1531 278 1586 τῶν
297 1528 424 1590 Σκυθέων
441 1526 468 1584 οἳ
484 1525 613 1605 Αὐχάται
630 1527 710 1607 γένος
732 1527 888 1585 καλέονται·

86 1614 142 1673 α’πδ
164 1615 194 1673 δὲ
213 1619 264 1674 τοῦ
283 1617 374 1691 μέσου
394 1614 562 1692 Ἀρποξάιος
584 1615 611 1673 οἳ
635 1616 775 1690 Κατίαροί
792 1640 824 1673 τε
844 1616 891 1673 καὶ

86 1701 228 1778 Τράσπιες
255 1703 411 1762 καλέονται·
440 1701 496 1762 οἷπὸ
525 1703 554 1761 δὲ
573 1707 624 1762 τοῦ
644 1703 781 1763 νεωτάτου
801 1701 891 1762 αὐτῶν

86 1789 151 1853 τούς
171 1791 317 1866 βασιλῆας
334 1790 361 1850 οἳ
382 1791 529 1850 καλέονται
549 1791 728 1867 Παραλάται·
756 1789 889 1867 σύμπασι

87 1879 117 1936 δὲ
131 1879 200 1936 εἶναι
214 1877 319 1955 οὔνομα
333 1878 499 1947 Σκολότους,
510 1883 560 1937 τοῦ
569 1880 708 1954 βασιλέος
722 1879 887 1955 ἐπωνυμίην·

42 2028 46 2033 ,
87 1965 197 2030 Σκύθας
210 1967 239 2025 δὲ
248 1965 388 2042 Ἕλληνες
405 1965 575 2043 οὖνόμασαν.
617 1967 765 2048 Γεγονέναι
777 1968 830 2044 μέν
842 1964 915 2029 νύνῗ

39 2044 43 2051 ι
86 2061 180 2130 σφεας
200 2051 252 2113 ὦδε
267 2055 387 2136 λέγουσι
400 2057 427 2114 οἱ
446 2054 561 2116 Σκύθαι·
583 2056 645 2114 ἔτεα
659 2056 690 2114 δέ
707 2061 771 2131 σφι,
786 2056 849 2114 ε’πεί
859 2081 891 2114 τε

86 2142 230 2223 γεγόνασι,
244 2143 280 2202 τά
299 2143 451 2218 σι’μπαντα
465 2144 583 2223 λέγουσι
604 2144 672 2203 εἶναι
685 2143 741 2203 άπό
755 2148 805 2202 τοῦ
818 2143 891 2219 πρά·

85 2257 137 2290 του
157 2233 302 2306 βασιλῆος
322 2230 480 2311 Ταργιτάου
501 2237 528 2294 ἐς
547 2232 599 2306 τῆν
613 2232 733 2308 Δαρείου
754 2231 891 2307 διάβασιν

86 2319 139 2394 τῆν
153 2321 199 2377 ἐπὶ
212 2321 305 2395 σφέας
317 2321 416 2398 χιλίων
430 2319 461 2378 οὐ
475 2321 561 2389 πλέω,
576 2319 652 2378 οἷλλά
667 2324 802 2378 τοσαῦτα.
841 2319 891 2378 τάν

87 2409 118 2466 δὲ
131 2407 239 2485 χρυσόν
251 2411 352 2467 τοῦτον
364 2407 413 2466 τόν
430 2408 490 2485 ἱρόν
504 2407 691 2484 φυλάσσουσι
704 2410 731 2465 οἱ
749 2409 891 2482 βασιλῆες

89 2502 116 2558 ἐς
135 2495 170 2554 τά
188 2496 325 2572 μάλιστα,
341 2496 387 2554 καὶ
406 2496 523 2574 θυσίῃσι
542 2495 687 2576 μεγάλῃσι
709 2495 891 2570 ἱλασκόμενοι

89 2584 270 2663 μετέρχονται
283 2583 336 2644 αἶνά
349 2589 406 2643 πᾶν
420 2585 488 2646 ἔτος·
511 2583 541 2646 δς
555 2584 577 2642 δ’
591 2582 625 2642 άν
639 2585 708 2661 ἔχων
721 2583 770 2642 τόν
783 2583 892 2660 χρυσόν

89 2673 137 2732 τὸν
158 2673 218 2749 ἱρόν
230 2677 264 2732 ,ἐν
282 2677 320 2750 τῆ
340 2672 410 2750 ὁρτῇ
429 2671 575 2748 ῦπαίθριος
596 2672 797 2748 κατακοιμηθῇ,
811 2669 892 2734 οὗτος

87 2761 202 2841 λέγεται
218 2759 273 2819 θπδ
296 2761 422 2823 Σκυθέων
441 2760 474 2818 οὔ
497 2761 692 2837 διενιαυτίζειν·
714 2759 842 2818 δίδοσθαι
862 2759 895 2818 δέ

89 2852 116 2906 οἱ
130 2848 175 2907 διά
190 2853 274 2909 τοῦτο
291 2848 348 2907 ὅσα
364 2847 398 2907 ἂν
416 2849 489 2928 ἵππῳ
506 2854 535 2906 ε’ν
554 2847 645 2925 ῆμέρη
665 2850 716 2926 μιῇ
737 2846 894 2925 περιελάσῃ

88 2935 183 2999 αὐτός·
216 2940 267 3012 τῆς
291 2937 321 2995 δὲ
344 2936 435 3016 χώρης
459 2936 560 3012 ἐούσης
582 2935 716 3015 μεγάλης,
741 2936 893 3010 τριφασίας

88 3025 139 3087 τάς
151 3024 309 3101 βασιληίας
321 3029 397 3084 τοῖσι
410 3026 494 3084 παισὶ
507 3028 584 3084 τοῖσι
598 3028 697 3082 ἑωυτοῦ
716 3023 893 3096 καταστῆσα-

89 3113 159 3172 σθαι
174 3112 328 3185 Κολάξαῖν,
344 3113 389 3171 καὶ
406 3114 524 3172 τουτέων
537 3112 604 3188 μίαν
626 3112 761 3192 μεγίστην
775 3115 904 3183 ποιῆσαι

90 3206 120 3259 ἐν
131 3204 169 3278 τῇ
185 3200 235 3260 τόν
248 3200 361 3280 χρυσόν
380 3202 605 3278 φυλάσσεσθαι.
648 3200 688 3260 τὰ
706 3199 744 3258 δε
757 3195 929 3266 mm&

79 3287 151 3361 πρδς
172 3289 272 3365 βορῆν
296 3283 425 3373 λέγουσι
457 3293 571 3373 ἄνεμον
598 3295 661 3355 τῶν
689 3285 864 3364 ὑπεροίκων
895 3279 958 3344 ἧς
