2040 3464
92 118 136 166 viii
439 116 598 166 LECTORI.
630 155 632 159 .

93 262 180 315 prope
196 246 314 314 Tyanam
334 243 424 311 (hodio
443 243 579 311 Donum),
598 243 672 298 unde
689 242 783 312 paucis
800 243 944 304 itineribus

92 336 129 390 ad
141 340 236 404 portas
247 335 356 389 Ciliciae
367 334 535 402 pervenitur.
561 334 624 386 Non
637 335 689 387 alia
698 335 742 387 via
754 351 833 387 usum
844 336 942 410 Cyrum

88 427 228 497 juniorem
258 444 320 480 cum
350 426 575 494 Mesopotamiam
605 425 747 479 invaderet
776 428 872 479 auctor
901 431 944 480 est

95 522 265 591 Xenophon;
290 520 488 575 mercatoribus
515 524 616 588 autern,
640 520 693 572 nisi
722 520 820 589 quibus
844 520 944 573 Tarsus

94 616 156 669 finis
168 615 274 669 itineris
286 618 367 684 esset,
376 614 473 669 eadem
485 631 582 683 parum
594 618 725 682 usurpata
737 615 854 669 videtur.
891 615 943 679 Qui

95 709 184 764 Tauro
198 709 314 763 ulterius
329 709 458 778 progredi
472 709 603 762 inanimo
617 709 764 778 habebant,
776 709 795 762 ii
806 708 866 777 jam
879 709 944 763 inde

93 790 130 858 ab
152 803 261 858 Holmis
274 803 329 872 (qui
348 803 422 857 locus
440 804 468 856 in
487 804 621 873 Phrygiae
639 803 825 858 Paroreatidis
845 803 944 856 finibus

95 897 146 962 est)
166 895 276 964 paulum
296 895 332 948 ad
356 895 575 962 Septentrionem
598 912 692 949 versus
716 897 772 950 iter
792 896 943 949 devertisse

94 987 231 1055 videntur,
259 1005 312 1056 quo
340 992 427 1056 pacto,
455 988 589 1055 Lycaonia
613 989 841 1058 Cappadociaque
865 975 953 1056 pera-v

94 1083 189 1150 gratis,
210 1081 323 1136 tandem
347 1083 514 1151 Euphratem
534 1083 647 1136 fluvium
666 1100 752 1152 prope
773 1084 943 1137 Samosatam

95 1175 278 1244 trajiciebant.

148 1267 224 1331 Quae
243 1266 279 1320 de
296 1267 421 1334 Scythiae
441 1269 535 1323 incolis
554 1271 648 1321 narrat
667 1268 693 1321 N
696 1270 779 1335 oster,
796 1284 828 1322 ea
848 1266 892 1321 vel
916 1268 943 1320 in

96 1358 183 1426 Olbia,
203 1361 253 1429 voi,
274 1361 348 1428 quod
371 1361 462 1430 potius
482 1361 654 1428 crediderim,
674 1362 703 1414 in
726 1362 821 1430 Cyzico
845 1362 943 1416 audire

95 1453 191 1520 potuit.
222 1453 437 1523 Longinquiores
448 1455 581 1522 regiones,
593 1455 689 1524 quales
702 1455 729 1507 in
743 1459 841 1523 quarto
853 1456 943 1523 operis

96 1543 165 1597 libro
190 1545 325 1607 describit,
345 1547 434 1615 ipsum
457 1547 561 1614 risisse,
582 1564 661 1601 nenio
681 1550 830 1602 earundem
855 1549 942 1602 sciens

96 1639 274 1705 corcendorit,
293 1639 345 1692 nisi
366 1638 413 1708 qui
437 1639 521 1692 fidam
544 1640 641 1708 optimi
665 1641 807 1707 scriptoris
832 1642 943 1709 penitus

97 1714 261 1784 labefactare
278 1731 377 1796 cupiat.
