<?xml version="1.0" encoding="UTF-8"?>
<!DOCTYPE html PUBLIC "-//W3C//DTD XHTML 1.0 Transitional//EN"
    "http://www.w3.org/TR/xhtml1/DTD/xhtml1-transitional.dtd">
<html xmlns="http://www.w3.org/1999/xhtml" xml:lang="en" lang="en">
 <head>
  <title>
</title>
<meta http-equiv="Content-Type" content="text/html;charset=utf-8" />
  <meta name='ocr-system' content='tesseract 3.04.00' />
  <meta name='ocr-capabilities' content='ocr_page ocr_carea ocr_par ocr_line ocrx_word'/>
</head>
<body>
  <div class='ocr_page' id='page_1' title='image "./recensuitjoseph00herogoog_0088.png"; bbox 0 0 2040 3464; ppageno 0'>
   <div class='ocr_carea' id='block_1_1' title="bbox 77 106 969 3343">
    <p class='ocr_par' dir='ltr' id='par_1_1' title="bbox 85 106 969 1843">
     <span class='ocr_line' id='line_1_1' title="bbox 89 106 892 169; baseline -0.001 -14"><span class='ocrx_word' id='word_1_1' title='bbox 89 106 231 169; x_wconf 83' lang='lat'><strong>101-106]</strong></span> <span class='ocrx_word' id='word_1_2' title='bbox 437 108 549 157; x_wconf 78' lang='grc' dir='ltr'>κκιιιι.</span> <span class='ocrx_word' id='word_1_3' title='bbox 634 107 638 115; x_wconf 95' lang='grc'>·</span> <span class='ocrx_word' id='word_1_4' title='bbox 860 108 892 154; x_wconf 77' lang='lat'>⁵³</span> 
     </span>
     <span class='ocr_line' id='line_1_2' title="bbox 88 184 890 267; baseline 0.001 -24"><span class='ocrx_word' id='word_1_5' title='bbox 88 185 196 259; x_wconf 73' lang='grc' dir='ltr'>ἐπῆλθε</span> <span class='ocrx_word' id='word_1_6' title='bbox 206 185 334 248; x_wconf 89' lang='grc' dir='ltr'>Σκυθέων</span> <span class='ocrx_word' id='word_1_7' title='bbox 346 187 467 262; x_wconf 79' lang='grc' dir='ltr'>στρατός</span> <span class='ocrx_word' id='word_1_8' title='bbox 479 185 576 263; x_wconf 87' lang='grc' dir='ltr'>μέγας·</span> <span class='ocrx_word' id='word_1_9' title='bbox 591 184 642 267; x_wconf 75' lang='grc' dir='ltr'>ἄγε</span> <span class='ocrx_word' id='word_1_10' title='bbox 655 187 684 246; x_wconf 79' lang='grc' dir='ltr'>δὲ</span> <span class='ocrx_word' id='word_1_11' title='bbox 695 184 794 250; x_wconf 74' lang='grc' dir='ltr'>αύτούς</span> <span class='ocrx_word' id='word_1_12' title='bbox 803 186 890 260; x_wconf 86' lang='grc' dir='ltr'>βασι·</span> 
     </span>
     <span class='ocr_line' id='line_1_3' title="bbox 87 270 889 350; baseline 0.004 -21"><span class='ocrx_word' id='word_1_13' title='bbox 87 271 154 334; x_wconf 86' lang='grc' dir='ltr'>λεύς</span> <span class='ocrx_word' id='word_1_14' title='bbox 172 270 190 331; x_wconf 82' lang='grc' dir='ltr'>ό</span> <span class='ocrx_word' id='word_1_15' title='bbox 211 272 338 336; x_wconf 90' lang='grc' dir='ltr'>Σκυθέων</span> <span class='ocrx_word' id='word_1_16' title='bbox 358 274 483 350; x_wconf 77' lang='grc' dir='ltr'>Μαδύης,</span> <span class='ocrx_word' id='word_1_17' title='bbox 499 274 671 350; x_wconf 87' lang='grc' dir='ltr'>Πρωτοθύεω</span> <span class='ocrx_word' id='word_1_18' title='bbox 690 277 766 337; x_wconf 83' lang='grc' dir='ltr'>παῖς·</span> <span class='ocrx_word' id='word_1_19' title='bbox 788 273 814 332; x_wconf 73' lang='grc' dir='ltr'>οἳ</span> <span class='ocrx_word' id='word_1_20' title='bbox 828 275 889 333; x_wconf 91' lang='grc' dir='ltr'>ἐσέ-</span> 
     </span>
     <span class='ocr_line' id='line_1_4' title="bbox 86 359 891 437; baseline 0.005 -20"><span class='ocrx_word' id='word_1_21' title='bbox 86 360 183 435; x_wconf 88' lang='grc' dir='ltr'>βαλον</span> <span class='ocrx_word' id='word_1_22' title='bbox 198 361 250 436; x_wconf 82' lang='grc' dir='ltr'>μέν</span> <span class='ocrx_word' id='word_1_23' title='bbox 268 366 296 422; x_wconf 88' lang='grc' dir='ltr'>ἐς</span> <span class='ocrx_word' id='word_1_24' title='bbox 310 359 363 436; x_wconf 76' lang='grc' dir='ltr'>τήν</span> <span class='ocrx_word' id='word_1_25' title='bbox 376 360 477 437; x_wconf 83' lang='grc' dir='ltr'>Ἀσίην</span> <span class='ocrx_word' id='word_1_26' title='bbox 491 363 662 437; x_wconf 85' lang='grc' dir='ltr'>Κιμμερίους</span> <span class='ocrx_word' id='word_1_27' title='bbox 676 361 844 436; x_wconf 78' lang='grc' dir='ltr'>ἐκβαλόντες</span> <span class='ocrx_word' id='word_1_28' title='bbox 861 366 891 421; x_wconf 86' lang='grc' dir='ltr'>ἐκ</span> 
     </span>
     <span class='ocr_line' id='line_1_5' title="bbox 87 446 892 530; baseline 0.002 -24"><span class='ocrx_word' id='word_1_29' title='bbox 87 451 138 522; x_wconf 84' lang='grc' dir='ltr'>τῆς</span> <span class='ocrx_word' id='word_1_30' title='bbox 149 446 294 526; x_wconf 81' lang='grc' dir='ltr'>Εύριύπης,</span> <span class='ocrx_word' id='word_1_31' title='bbox 308 446 434 508; x_wconf 92' lang='grc' dir='ltr'>τούτοισι</span> <span class='ocrx_word' id='word_1_32' title='bbox 448 449 477 507; x_wconf 79' lang='grc' dir='ltr'>δὲ</span> <span class='ocrx_word' id='word_1_33' title='bbox 494 448 679 524; x_wconf 77' lang='grc' dir='ltr'>ἐπισπόμενοι</span> <span class='ocrx_word' id='word_1_34' title='bbox 696 449 834 530; x_wconf 81' lang='grc' dir='ltr'>φεύγουσι</span> <span class='ocrx_word' id='word_1_35' title='bbox 848 449 892 508; x_wconf 84' lang='grc' dir='ltr'>ού·</span> 
     </span>
     <span class='ocr_line' id='line_1_6' title="bbox 86 532 937 616; baseline 0.005 -22"><span class='ocrx_word' id='word_1_36' title='bbox 86 559 126 594; x_wconf 88' lang='grc' dir='ltr'>τω</span> <span class='ocrx_word' id='word_1_37' title='bbox 139 539 167 598; x_wconf 85' lang='grc' dir='ltr'>ἐς</span> <span class='ocrx_word' id='word_1_38' title='bbox 179 534 233 611; x_wconf 79' lang='grc' dir='ltr'>τήν</span> <span class='ocrx_word' id='word_1_39' title='bbox 246 532 376 612; x_wconf 82' lang='grc' dir='ltr'>Μηδικήν</span> <span class='ocrx_word' id='word_1_40' title='bbox 389 536 483 615; x_wconf 80' lang='grc' dir='ltr'>χώρην</span> <span class='ocrx_word' id='word_1_41' title='bbox 496 536 638 596; x_wconf 81' lang='grc' dir='ltr'>ἀπίκοντο.</span> <span class='ocrx_word' id='word_1_42' title='bbox 659 537 756 616; x_wconf 75' lang='grc' dir='ltr'>(Ἔστι</span> <span class='ocrx_word' id='word_1_43' title='bbox 771 538 799 596; x_wconf 86' lang='grc' dir='ltr'>δὲ</span> <span class='ocrx_word' id='word_1_44' title='bbox 813 537 869 597; x_wconf 82' lang='grc' dir='ltr'>α’πό</span> <span class='ocrx_word' id='word_1_45' title='bbox 881 539 937 598; x_wconf 68' lang='lat'>104</span> 
     </span>
     <span class='ocr_line' id='line_1_7' title="bbox 86 623 892 701; baseline 0.005 -21"><span class='ocrx_word' id='word_1_46' title='bbox 86 625 137 697; x_wconf 74' lang='grc' dir='ltr'>τῆς</span> <span class='ocrx_word' id='word_1_47' title='bbox 151 623 253 700; x_wconf 84' lang='grc' dir='ltr'>λίμνης</span> <span class='ocrx_word' id='word_1_48' title='bbox 265 629 316 699; x_wconf 81' lang='grc' dir='ltr'>τῆς</span> <span class='ocrx_word' id='word_1_49' title='bbox 328 624 482 699; x_wconf 84' lang='grc' dir='ltr'>Μαιήτιδος</span> <span class='ocrx_word' id='word_1_50' title='bbox 496 626 542 684; x_wconf 87' lang='grc' dir='ltr'>ἐπὶ</span> <span class='ocrx_word' id='word_1_51' title='bbox 558 629 649 684; x_wconf 82' lang='grc' dir='ltr'>Φᾶσιν</span> <span class='ocrx_word' id='word_1_52' title='bbox 661 625 789 701; x_wconf 82' lang='grc' dir='ltr'>ποταμόν</span> <span class='ocrx_word' id='word_1_53' title='bbox 806 626 851 684; x_wconf 80' lang='grc' dir='ltr'>καὶ</span> <span class='ocrx_word' id='word_1_54' title='bbox 864 631 892 689; x_wconf 88' lang='grc' dir='ltr'>ἐς</span> 
     </span>
     <span class='ocr_line' id='line_1_8' title="bbox 87 709 890 790; baseline 0.004 -22"><span class='ocrx_word' id='word_1_55' title='bbox 87 709 222 788; x_wconf 85' lang='grc' dir='ltr'>Κόλχους</span> <span class='ocrx_word' id='word_1_56' title='bbox 234 711 384 789; x_wconf 82' lang='grc' dir='ltr'>τριήκοντα</span> <span class='ocrx_word' id='word_1_57' title='bbox 399 711 523 788; x_wconf 86' lang='grc' dir='ltr'>ήμερέων</span> <span class='ocrx_word' id='word_1_58' title='bbox 538 711 642 790; x_wconf 78' lang='grc' dir='ltr'>εύζάνω</span> <span class='ocrx_word' id='word_1_59' title='bbox 660 711 732 775; x_wconf 82' lang='grc' dir='ltr'>ὁδός·</span> <span class='ocrx_word' id='word_1_60' title='bbox 754 717 784 771; x_wconf 88' lang='grc' dir='ltr'>ἐκ</span> <span class='ocrx_word' id='word_1_61' title='bbox 798 713 828 771; x_wconf 85' lang='grc' dir='ltr'>δὲ</span> <span class='ocrx_word' id='word_1_62' title='bbox 839 717 890 788; x_wconf 73' lang='grc' dir='ltr'>τῆς</span> 
     </span>
     <span class='ocr_line' id='line_1_9' title="bbox 87 798 890 876; baseline 0.004 -21"><span class='ocrx_word' id='word_1_63' title='bbox 87 798 231 876; x_wconf 83' lang='grc' dir='ltr'>Κολχιδος</span> <span class='ocrx_word' id='word_1_64' title='bbox 253 799 285 857; x_wconf 84' lang='grc' dir='ltr'>ού</span> <span class='ocrx_word' id='word_1_65' title='bbox 308 799 421 858; x_wconf 81' lang='grc' dir='ltr'>πολλόν</span> <span class='ocrx_word' id='word_1_66' title='bbox 443 798 601 875; x_wconf 77' lang='grc' dir='ltr'>ὑπερβῆναι</span> <span class='ocrx_word' id='word_1_67' title='bbox 626 805 653 862; x_wconf 88' lang='grc' dir='ltr'>ἐς</span> <span class='ocrx_word' id='word_1_68' title='bbox 675 799 728 875; x_wconf 80' lang='grc' dir='ltr'>τήν</span> <span class='ocrx_word' id='word_1_69' title='bbox 752 800 890 876; x_wconf 84' lang='grc' dir='ltr'>Μηδικήν,</span> 
     </span>
     <span class='ocr_line' id='line_1_10' title="bbox 86 883 890 966; baseline 0.004 -23"><span class='ocrx_word' id='word_1_70' title='bbox 86 883 165 944; x_wconf 77' lang='grc' dir='ltr'>άλλά</span> <span class='ocrx_word' id='word_1_71' title='bbox 182 886 211 946; x_wconf 86' lang='grc' dir='ltr'>ἐν</span> <span class='ocrx_word' id='word_1_72' title='bbox 226 885 259 946; x_wconf 81' lang='grc' dir='ltr'>τό</span> <span class='ocrx_word' id='word_1_73' title='bbox 278 886 323 946; x_wconf 75' lang='grc' dir='ltr'>διά</span> <span class='ocrx_word' id='word_1_74' title='bbox 340 886 430 963; x_wconf 91' lang='grc' dir='ltr'>μέσου</span> <span class='ocrx_word' id='word_1_75' title='bbox 448 888 524 949; x_wconf 81' lang='grc' dir='ltr'>ἔθνος</span> <span class='ocrx_word' id='word_1_76' title='bbox 538 885 627 945; x_wconf 83' lang='grc' dir='ltr'>αύτῶν</span> <span class='ocrx_word' id='word_1_77' title='bbox 642 889 711 956; x_wconf 83' lang='grc' dir='ltr'>ἐστὶ,</span> <span class='ocrx_word' id='word_1_78' title='bbox 726 888 890 966; x_wconf 88' lang='grc' dir='ltr'>Σάσπειρες·</span> 
     </span>
     <span class='ocr_line' id='line_1_11' title="bbox 85 973 890 1054; baseline 0.004 -22"><span class='ocrx_word' id='word_1_79' title='bbox 85 976 170 1032; x_wconf 84' lang='grc' dir='ltr'>τοῦτο</span> <span class='ocrx_word' id='word_1_80' title='bbox 186 973 216 1032; x_wconf 83' lang='grc' dir='ltr'>δὲ</span> <span class='ocrx_word' id='word_1_81' title='bbox 232 974 505 1051; x_wconf 74' lang='grc' dir='ltr'>παραμειβομένοισι</span> <span class='ocrx_word' id='word_1_82' title='bbox 521 974 590 1033; x_wconf 83' lang='grc' dir='ltr'>εἶναι</span> <span class='ocrx_word' id='word_1_83' title='bbox 606 978 635 1033; x_wconf 91' lang='grc' dir='ltr'>ἐν</span> <span class='ocrx_word' id='word_1_84' title='bbox 651 979 686 1051; x_wconf 77' lang='grc' dir='ltr'>τῇ</span> <span class='ocrx_word' id='word_1_85' title='bbox 700 976 822 1054; x_wconf 77' lang='grc' dir='ltr'>Μηδικῇ.</span> <span class='ocrx_word' id='word_1_86' title='bbox 857 975 890 1035; x_wconf 85' lang='grc' dir='ltr'>ού</span> 
     </span>
     <span class='ocr_line' id='line_1_12' title="bbox 85 1061 890 1143; baseline 0.002 -23"><span class='ocrx_word' id='word_1_87' title='bbox 85 1061 183 1136; x_wconf 89' lang='grc' dir='ltr'>μέντοι</span> <span class='ocrx_word' id='word_1_88' title='bbox 195 1061 226 1120; x_wconf 78' lang='grc' dir='ltr'>οἵ</span> <span class='ocrx_word' id='word_1_89' title='bbox 232 1087 266 1143; x_wconf 87' lang='grc' dir='ltr'>γε</span> <span class='ocrx_word' id='word_1_90' title='bbox 279 1062 384 1126; x_wconf 79' lang='grc' dir='ltr'>Σκύθαι</span> <span class='ocrx_word' id='word_1_91' title='bbox 397 1061 483 1140; x_wconf 80' lang='grc' dir='ltr'>ταύτῃ</span> <span class='ocrx_word' id='word_1_92' title='bbox 497 1062 647 1136; x_wconf 81' lang='grc' dir='ltr'>ἐσέβαλον,</span> <span class='ocrx_word' id='word_1_93' title='bbox 658 1061 734 1120; x_wconf 75' lang='grc' dir='ltr'>ἀλλὰ</span> <span class='ocrx_word' id='word_1_94' title='bbox 746 1063 797 1138; x_wconf 75' lang='grc' dir='ltr'>τήν</span> <span class='ocrx_word' id='word_1_95' title='bbox 811 1063 890 1122; x_wconf 89' lang='grc' dir='ltr'>κατύ-</span> 
     </span>
     <span class='ocr_line' id='line_1_13' title="bbox 85 1149 889 1230; baseline 0.004 -24"><span class='ocrx_word' id='word_1_96' title='bbox 85 1149 172 1226; x_wconf 84' lang='grc' dir='ltr'>περθε</span> <span class='ocrx_word' id='word_1_97' title='bbox 184 1149 251 1210; x_wconf 77' lang='grc' dir='ltr'>ὁδόν</span> <span class='ocrx_word' id='word_1_98' title='bbox 263 1153 362 1229; x_wconf 73' lang='grc' dir='ltr'>πολλῷ</span> <span class='ocrx_word' id='word_1_99' title='bbox 371 1150 544 1227; x_wconf 74' lang='grc' dir='ltr'>μακροτέρην</span> <span class='ocrx_word' id='word_1_100' title='bbox 555 1150 762 1226; x_wconf 89' lang='grc' dir='ltr'>ἐκτραπόμενοι,</span> <span class='ocrx_word' id='word_1_101' title='bbox 773 1157 802 1209; x_wconf 89' lang='grc' dir='ltr'>ἐν</span> <span class='ocrx_word' id='word_1_102' title='bbox 813 1151 889 1230; x_wconf 76' lang='grc' dir='ltr'>δεξιῇ</span> 
     </span>
     <span class='ocr_line' id='line_1_14' title="bbox 86 1236 969 1316; baseline 0.005 -22"><span class='ocrx_word' id='word_1_103' title='bbox 86 1236 197 1314; x_wconf 82' lang='grc' dir='ltr'>ἔχοντες</span> <span class='ocrx_word' id='word_1_104' title='bbox 208 1237 241 1297; x_wconf 76' lang='grc' dir='ltr'>τό</span> <span class='ocrx_word' id='word_1_105' title='bbox 255 1236 419 1297; x_wconf 77' lang='grc' dir='ltr'>Καυκάσιον</span> <span class='ocrx_word' id='word_1_106' title='bbox 432 1237 517 1316; x_wconf 83' lang='grc' dir='ltr'>ὄρος.)</span> <span class='ocrx_word' id='word_1_107' title='bbox 560 1240 678 1298; x_wconf 83' lang='grc' dir='ltr'>ἐνθαῦτα</span> <span class='ocrx_word' id='word_1_108' title='bbox 691 1242 717 1297; x_wconf 81' lang='grc' dir='ltr'>οἱ</span> <span class='ocrx_word' id='word_1_109' title='bbox 730 1242 782 1314; x_wconf 86' lang='grc' dir='ltr'>μὲν</span> <span class='ocrx_word' id='word_1_110' title='bbox 795 1240 890 1313; x_wconf 82' lang='grc' dir='ltr'>Μῆδοι</span> <span class='ocrx_word' id='word_1_111' title='bbox 965 1248 969 1255; x_wconf 87' lang='grc'><strong>’</strong></span> 
     </span>
     <span class='ocr_line' id='line_1_15' title="bbox 85 1324 888 1404; baseline 0 -21"><span class='ocrx_word' id='word_1_112' title='bbox 85 1324 285 1401; x_wconf 87' lang='grc' dir='ltr'>συμβαλόντες</span> <span class='ocrx_word' id='word_1_113' title='bbox 297 1328 373 1385; x_wconf 82' lang='grc' dir='ltr'>τοῖσι</span> <span class='ocrx_word' id='word_1_114' title='bbox 387 1324 513 1404; x_wconf 83' lang='grc' dir='ltr'>Σκύθησι</span> <span class='ocrx_word' id='word_1_115' title='bbox 527 1326 572 1384; x_wconf 80' lang='grc' dir='ltr'>καὶ</span> <span class='ocrx_word' id='word_1_116' title='bbox 583 1327 751 1387; x_wconf 80' lang='grc' dir='ltr'>ἑσσωθέντες</span> <span class='ocrx_word' id='word_1_117' title='bbox 761 1330 797 1403; x_wconf 77' lang='grc' dir='ltr'>τῇ</span> <span class='ocrx_word' id='word_1_118' title='bbox 809 1326 888 1403; x_wconf 84' lang='grc' dir='ltr'>μάχῃ</span> 
     </span>
     <span class='ocr_line' id='line_1_16' title="bbox 85 1412 891 1490; baseline -0.002 -16"><span class='ocrx_word' id='word_1_119' title='bbox 85 1416 137 1487; x_wconf 78' lang='grc' dir='ltr'>τῆς</span> <span class='ocrx_word' id='word_1_120' title='bbox 159 1412 249 1490; x_wconf 82' lang='grc' dir='ltr'>α’ρχῆς</span> <span class='ocrx_word' id='word_1_121' title='bbox 271 1412 473 1488; x_wconf 90' lang='grc' dir='ltr'>κατελύθησαν,</span> <span class='ocrx_word' id='word_1_122' title='bbox 494 1417 521 1473; x_wconf 86' lang='grc' dir='ltr'>οἶ</span> <span class='ocrx_word' id='word_1_123' title='bbox 541 1414 570 1472; x_wconf 84' lang='grc' dir='ltr'>δὲ</span> <span class='ocrx_word' id='word_1_124' title='bbox 591 1413 697 1476; x_wconf 79' lang='grc' dir='ltr'>Σκύθαι</span> <span class='ocrx_word' id='word_1_125' title='bbox 721 1412 772 1487; x_wconf 82' lang='grc' dir='ltr'>τὴν</span> <span class='ocrx_word' id='word_1_126' title='bbox 791 1413 891 1489; x_wconf 88' lang='grc' dir='ltr'>Ἀσίην</span> 
     </span>
     <span class='ocr_line' id='line_1_17' title="bbox 85 1499 935 1580; baseline 0.004 -24"><span class='ocrx_word' id='word_1_127' title='bbox 85 1504 183 1560; x_wconf 76' lang='grc' dir='ltr'>πᾶσαν</span> <span class='ocrx_word' id='word_1_128' title='bbox 197 1501 329 1578; x_wconf 90' lang='grc' dir='ltr'>ἐπέσχον.</span> <span class='ocrx_word' id='word_1_129' title='bbox 362 1499 507 1561; x_wconf 74' lang='grc' dir='ltr'>Ἐνθεΰτεν</span> <span class='ocrx_word' id='word_1_130' title='bbox 521 1501 550 1559; x_wconf 87' lang='grc' dir='ltr'>δέ</span> <span class='ocrx_word' id='word_1_131' title='bbox 563 1499 649 1576; x_wconf 77' lang='grc' dir='ltr'>ήϊσαν</span> <span class='ocrx_word' id='word_1_132' title='bbox 663 1499 705 1558; x_wconf 84' lang='grc' dir='ltr'>ἐπ’</span> <span class='ocrx_word' id='word_1_133' title='bbox 716 1501 867 1580; x_wconf 84' lang='grc' dir='ltr'>Αἴγυπτον·</span> <span class='ocrx_word' id='word_1_134' title='bbox 880 1505 935 1562; x_wconf 73' lang='lat'>103</span> 
     </span>
     <span class='ocr_line' id='line_1_18' title="bbox 86 1575 889 1669; baseline 0.001 -24"><span class='ocrx_word' id='word_1_135' title='bbox 86 1587 134 1646; x_wconf 86' lang='grc' dir='ltr'>καὶ</span> <span class='ocrx_word' id='word_1_136' title='bbox 152 1575 214 1647; x_wconf 89' lang='grc' dir='ltr'>ἐπεί</span> <span class='ocrx_word' id='word_1_137' title='bbox 227 1614 258 1647; x_wconf 93' lang='grc' dir='ltr'>τε</span> <span class='ocrx_word' id='word_1_138' title='bbox 275 1589 402 1669; x_wconf 88' lang='grc' dir='ltr'>ἐγένοντο</span> <span class='ocrx_word' id='word_1_139' title='bbox 421 1594 450 1648; x_wconf 91' lang='grc' dir='ltr'>ἐν</span> <span class='ocrx_word' id='word_1_140' title='bbox 462 1593 498 1667; x_wconf 81' lang='grc' dir='ltr'>τῇ</span> <span class='ocrx_word' id='word_1_141' title='bbox 518 1589 698 1667; x_wconf 82' lang='grc' dir='ltr'>Παλαιστίνῃ</span> <span class='ocrx_word' id='word_1_142' title='bbox 713 1589 798 1666; x_wconf 84' lang='grc' dir='ltr'>Συρίῃ</span> <span class='ocrx_word' id='word_1_143' title='bbox 812 1595 889 1665; x_wconf 78' lang='grc' dir='ltr'>Ψαμ-</span> 
     </span>
     <span class='ocr_line' id='line_1_19' title="bbox 86 1675 893 1757; baseline 0.004 -23"><span class='ocrx_word' id='word_1_144' title='bbox 86 1675 196 1753; x_wconf 85' lang='grc' dir='ltr'>Ιιιίτιχός</span> <span class='ocrx_word' id='word_1_145' title='bbox 208 1682 300 1751; x_wconf 82' lang='grc' dir='ltr'>σφεας</span> <span class='ocrx_word' id='word_1_146' title='bbox 314 1675 457 1757; x_wconf 73' lang='grc' dir='ltr'>Αἰγύπτου</span> <span class='ocrx_word' id='word_1_147' title='bbox 470 1677 610 1753; x_wconf 76' lang='grc' dir='ltr'>βασιλεύς</span> <span class='ocrx_word' id='word_1_148' title='bbox 627 1675 761 1738; x_wconf 82' lang='grc' dir='ltr'>άντιάσας</span> <span class='ocrx_word' id='word_1_149' title='bbox 778 1675 893 1754; x_wconf 85' lang='grc' dir='ltr'>δάροισί</span> 
     </span>
     <span class='ocr_line' id='line_1_20' title="bbox 85 1763 888 1843; baseline 0.006 -23"><span class='ocrx_word' id='word_1_150' title='bbox 85 1788 117 1821; x_wconf 91' lang='grc' dir='ltr'>τε</span> <span class='ocrx_word' id='word_1_151' title='bbox 126 1765 172 1822; x_wconf 87' lang='grc' dir='ltr'>καὶ</span> <span class='ocrx_word' id='word_1_152' title='bbox 179 1768 278 1843; x_wconf 76' lang='grc' dir='ltr'>λιτῇσι</span> <span class='ocrx_word' id='word_1_153' title='bbox 286 1763 437 1840; x_wconf 79' lang='grc' dir='ltr'>α’ποτρέπει</span> <span class='ocrx_word' id='word_1_154' title='bbox 444 1765 477 1824; x_wconf 81' lang='grc' dir='ltr'>τό</span> <span class='ocrx_word' id='word_1_155' title='bbox 486 1766 652 1842; x_wconf 83' lang='grc' dir='ltr'>προσωτέρω</span> <span class='ocrx_word' id='word_1_156' title='bbox 661 1764 700 1840; x_wconf 85' lang='grc' dir='ltr'>μή</span> <span class='ocrx_word' id='word_1_157' title='bbox 710 1765 888 1841; x_wconf 89' lang='grc' dir='ltr'>πορεύεσθαι·</span> 
     </span>
    </p>

    <p class='ocr_par' dir='ltr' id='par_1_2' title="bbox 85 1851 890 2545">
     <span class='ocr_line' id='line_1_21' title="bbox 86 1851 890 1933; baseline 0.004 -24"><span class='ocrx_word' id='word_1_158' title='bbox 86 1853 113 1909; x_wconf 87' lang='grc' dir='ltr'>οἶ</span> <span class='ocrx_word' id='word_1_159' title='bbox 130 1851 160 1910; x_wconf 85' lang='grc' dir='ltr'>δέ</span> <span class='ocrx_word' id='word_1_160' title='bbox 176 1853 239 1910; x_wconf 92' lang='grc' dir='ltr'>ἐπεί</span> <span class='ocrx_word' id='word_1_161' title='bbox 252 1877 283 1910; x_wconf 91' lang='grc' dir='ltr'>τε</span> <span class='ocrx_word' id='word_1_162' title='bbox 300 1851 502 1930; x_wconf 75' lang='grc' dir='ltr'>ἀναχωρέοντες</span> <span class='ocrx_word' id='word_1_163' title='bbox 519 1852 609 1912; x_wconf 85' lang='grc' dir='ltr'>ὀπίσω</span> <span class='ocrx_word' id='word_1_164' title='bbox 627 1854 753 1933; x_wconf 86' lang='grc' dir='ltr'>ἐγένοντο</span> <span class='ocrx_word' id='word_1_165' title='bbox 769 1858 819 1927; x_wconf 79' lang='grc' dir='ltr'>τῆς</span> <span class='ocrx_word' id='word_1_166' title='bbox 838 1855 890 1914; x_wconf 86' lang='grc' dir='ltr'>Συ-</span> 
     </span>
     <span class='ocr_line' id='line_1_22' title="bbox 85 1937 890 2015; baseline 0.005 -18"><span class='ocrx_word' id='word_1_167' title='bbox 85 1939 148 2015; x_wconf 78' lang='grc' dir='ltr'>ρίης</span> <span class='ocrx_word' id='word_1_168' title='bbox 176 1943 206 1998; x_wconf 85' lang='grc' dir='ltr'>ἐν</span> <span class='ocrx_word' id='word_1_169' title='bbox 232 1937 394 1999; x_wconf 87' lang='grc' dir='ltr'>Ἀσκάλωνι</span> <span class='ocrx_word' id='word_1_170' title='bbox 419 1939 496 2010; x_wconf 86' lang='grc' dir='ltr'>πόλι,</span> <span class='ocrx_word' id='word_1_171' title='bbox 523 1944 578 1998; x_wconf 81' lang='grc' dir='ltr'>τῶν</span> <span class='ocrx_word' id='word_1_172' title='bbox 607 1939 732 1999; x_wconf 88' lang='grc' dir='ltr'>πλεόνων</span> <span class='ocrx_word' id='word_1_173' title='bbox 762 1942 890 2003; x_wconf 88' lang='grc' dir='ltr'>Σκυθέων</span> 
     </span>
     <span class='ocr_line' id='line_1_23' title="bbox 87 2025 890 2107; baseline 0.007 -25"><span class='ocrx_word' id='word_1_174' title='bbox 87 2025 313 2102; x_wconf 81' lang='grc' dir='ltr'>παρεξελθόντων</span> <span class='ocrx_word' id='word_1_175' title='bbox 330 2025 455 2097; x_wconf 86' lang='grc' dir='ltr'>άσινέων,</span> <span class='ocrx_word' id='word_1_176' title='bbox 469 2026 563 2107; x_wconf 84' lang='grc' dir='ltr'>ὀλίγαι</span> <span class='ocrx_word' id='word_1_177' title='bbox 580 2030 651 2089; x_wconf 83' lang='grc' dir='ltr'>τινὲς</span> <span class='ocrx_word' id='word_1_178' title='bbox 669 2026 760 2087; x_wconf 75' lang='grc' dir='ltr'>αὐτῶν</span> <span class='ocrx_word' id='word_1_179' title='bbox 778 2028 890 2088; x_wconf 80' lang='grc' dir='ltr'>ὑπολει-</span> 
     </span>
     <span class='ocr_line' id='line_1_24' title="bbox 86 2112 888 2193; baseline 0.005 -21"><span class='ocrx_word' id='word_1_180' title='bbox 86 2113 204 2188; x_wconf 84' lang='grc' dir='ltr'>φθέντες</span> <span class='ocrx_word' id='word_1_181' title='bbox 216 2113 363 2190; x_wconf 76' lang='grc' dir='ltr'>ἐσύλησαν</span> <span class='ocrx_word' id='word_1_182' title='bbox 374 2119 424 2189; x_wconf 78' lang='grc' dir='ltr'>τῆς</span> <span class='ocrx_word' id='word_1_183' title='bbox 439 2112 577 2191; x_wconf 77' lang='grc' dir='ltr'>Οὐρανίης</span> <span class='ocrx_word' id='word_1_184' title='bbox 592 2113 760 2191; x_wconf 77' lang='grc' dir='ltr'>Ἀφροδίτης</span> <span class='ocrx_word' id='word_1_185' title='bbox 772 2115 805 2175; x_wconf 84' lang='grc' dir='ltr'><strong><em>τό</em></strong></span> <span class='ocrx_word' id='word_1_186' title='bbox 820 2117 888 2193; x_wconf 79' lang='grc' dir='ltr'>ἱρόν.</span> 
     </span>
     <span class='ocr_line' id='line_1_25' title="bbox 86 2199 886 2282; baseline 0.004 -22"><span class='ocrx_word' id='word_1_187' title='bbox 86 2201 149 2261; x_wconf 86' lang='grc' dir='ltr'>ἐστι</span> <span class='ocrx_word' id='word_1_188' title='bbox 161 2199 191 2260; x_wconf 83' lang='grc' dir='ltr'>δὲ</span> <span class='ocrx_word' id='word_1_189' title='bbox 202 2207 286 2262; x_wconf 80' lang='grc' dir='ltr'>τοῦτο</span> <span class='ocrx_word' id='word_1_190' title='bbox 299 2201 331 2261; x_wconf 79' lang='grc' dir='ltr'>τό</span> <span class='ocrx_word' id='word_1_191' title='bbox 344 2201 410 2278; x_wconf 81' lang='grc' dir='ltr'>ἱρόν,</span> <span class='ocrx_word' id='word_1_192' title='bbox 425 2201 460 2264; x_wconf 79' lang='grc' dir='ltr'>ὦς</span> <span class='ocrx_word' id='word_1_193' title='bbox 475 2201 528 2282; x_wconf 72' lang='grc' dir='ltr'>ἐγώ</span> <span class='ocrx_word' id='word_1_194' title='bbox 542 2201 747 2278; x_wconf 89' lang='grc' dir='ltr'>πυνθανόμενος</span> <span class='ocrx_word' id='word_1_195' title='bbox 761 2203 886 2279; x_wconf 78' lang='grc' dir='ltr'>εὑρίσκω,</span> 
     </span>
     <span class='ocr_line' id='line_1_26' title="bbox 85 2287 889 2368; baseline 0.005 -21"><span class='ocrx_word' id='word_1_196' title='bbox 85 2287 196 2348; x_wconf 86' lang='grc' dir='ltr'>πάντων</span> <span class='ocrx_word' id='word_1_197' title='bbox 209 2288 394 2368; x_wconf 74' lang='grc' dir='ltr'>ἀρχαιότατον</span> <span class='ocrx_word' id='word_1_198' title='bbox 409 2293 473 2366; x_wconf 80' lang='grc' dir='ltr'>ἱρῶν</span> <span class='ocrx_word' id='word_1_199' title='bbox 490 2288 546 2348; x_wconf 86' lang='grc' dir='ltr'>ὅσα</span> <span class='ocrx_word' id='word_1_200' title='bbox 561 2289 663 2365; x_wconf 86' lang='grc' dir='ltr'>ταύτης</span> <span class='ocrx_word' id='word_1_201' title='bbox 680 2294 730 2364; x_wconf 81' lang='grc' dir='ltr'>τῆς</span> <span class='ocrx_word' id='word_1_202' title='bbox 748 2292 821 2350; x_wconf 82' lang='grc' dir='ltr'>θεοῦ·</span> <span class='ocrx_word' id='word_1_203' title='bbox 843 2295 889 2351; x_wconf 89' lang='grc' dir='ltr'>καὶ</span> 
     </span>
     <span class='ocr_line' id='line_1_27' title="bbox 85 2375 889 2458; baseline 0.006 -23"><span class='ocrx_word' id='word_1_204' title='bbox 85 2375 195 2457; x_wconf 77' lang='grc' dir='ltr'>γάρτό</span> <span class='ocrx_word' id='word_1_205' title='bbox 216 2383 245 2436; x_wconf 95' lang='grc' dir='ltr'>ἐν</span> <span class='ocrx_word' id='word_1_206' title='bbox 266 2376 370 2456; x_wconf 75' lang='grc' dir='ltr'>Κύπρῳ</span> <span class='ocrx_word' id='word_1_207' title='bbox 392 2378 450 2454; x_wconf 79' lang='grc' dir='ltr'>ἱρόν</span> <span class='ocrx_word' id='word_1_208' title='bbox 471 2379 595 2438; x_wconf 85' lang='grc' dir='ltr'>ἐνθεῦτεν</span> <span class='ocrx_word' id='word_1_209' title='bbox 616 2379 732 2458; x_wconf 90' lang='grc' dir='ltr'>ἐγένετο,</span> <span class='ocrx_word' id='word_1_210' title='bbox 755 2379 790 2441; x_wconf 74' lang='grc' dir='ltr'>αἶς</span> <span class='ocrx_word' id='word_1_211' title='bbox 811 2378 889 2440; x_wconf 73' lang='grc' dir='ltr'>αὐτοὶ</span> 
     </span>
     <span class='ocr_line' id='line_1_28' title="bbox 85 2464 889 2545; baseline 0.004 -21"><span class='ocrx_word' id='word_1_212' title='bbox 85 2464 205 2545; x_wconf 85' lang='grc' dir='ltr'>λέγουσι</span> <span class='ocrx_word' id='word_1_213' title='bbox 218 2465 349 2542; x_wconf 87' lang='grc' dir='ltr'>Κύπριοι·</span> <span class='ocrx_word' id='word_1_214' title='bbox 372 2466 417 2523; x_wconf 80' lang='grc' dir='ltr'>καὶ</span> <span class='ocrx_word' id='word_1_215' title='bbox 431 2464 464 2524; x_wconf 78' lang='grc' dir='ltr'>τό</span> <span class='ocrx_word' id='word_1_216' title='bbox 481 2471 509 2525; x_wconf 92' lang='grc' dir='ltr'>ἐν</span> <span class='ocrx_word' id='word_1_217' title='bbox 524 2464 683 2541; x_wconf 83' lang='grc' dir='ltr'>Κυθήροισι</span> <span class='ocrx_word' id='word_1_218' title='bbox 696 2467 819 2529; x_wconf 89' lang='grc' dir='ltr'>Φοίνικές</span> <span class='ocrx_word' id='word_1_219' title='bbox 834 2473 889 2527; x_wconf 85' lang='grc' dir='ltr'>εἰσι</span> 
     </span>
    </p>

    <p class='ocr_par' dir='ltr' id='par_1_3' title="bbox 77 2552 941 3343">
     <span class='ocr_line' id='line_1_29' title="bbox 86 2552 889 2630; baseline 0.004 -19"><span class='ocrx_word' id='word_1_220' title='bbox 86 2555 114 2612; x_wconf 81' lang='grc' dir='ltr'>οἱ</span> <span class='ocrx_word' id='word_1_221' title='bbox 128 2552 314 2630; x_wconf 80' lang='grc' dir='ltr'>ἱδρυσάμενοι,</span> <span class='ocrx_word' id='word_1_222' title='bbox 329 2557 359 2611; x_wconf 90' lang='grc' dir='ltr'>ἐκ</span> <span class='ocrx_word' id='word_1_223' title='bbox 375 2552 476 2628; x_wconf 86' lang='grc' dir='ltr'>ταύτης</span> <span class='ocrx_word' id='word_1_224' title='bbox 492 2558 542 2627; x_wconf 81' lang='grc' dir='ltr'>τῆς</span> <span class='ocrx_word' id='word_1_225' title='bbox 561 2554 663 2629; x_wconf 85' lang='grc' dir='ltr'>Συρίης</span> <span class='ocrx_word' id='word_1_226' title='bbox 680 2553 779 2615; x_wconf 75' lang='grc' dir='ltr'>ἐόντες.</span> <span class='ocrx_word' id='word_1_227' title='bbox 813 2559 889 2614; x_wconf 83' lang='grc' dir='ltr'>τοῖσι</span> 
     </span>
     <span class='ocr_line' id='line_1_30' title="bbox 85 2640 885 2717; baseline 0.001 -17"><span class='ocrx_word' id='word_1_228' title='bbox 85 2640 117 2700; x_wconf 79' lang='grc' dir='ltr'>δὲ</span> <span class='ocrx_word' id='word_1_229' title='bbox 132 2644 187 2700; x_wconf 81' lang='grc' dir='ltr'>τῶν</span> <span class='ocrx_word' id='word_1_230' title='bbox 200 2640 328 2704; x_wconf 90' lang='grc' dir='ltr'>Σκυθέων</span> <span class='ocrx_word' id='word_1_231' title='bbox 341 2640 490 2715; x_wconf 91' lang='grc' dir='ltr'>συλήσασι</span> <span class='ocrx_word' id='word_1_232' title='bbox 507 2640 540 2699; x_wconf 76' lang='grc' dir='ltr'>τά</span> <span class='ocrx_word' id='word_1_233' title='bbox 558 2640 617 2717; x_wconf 80' lang='grc' dir='ltr'>ἱρόν</span> <span class='ocrx_word' id='word_1_234' title='bbox 630 2641 662 2699; x_wconf 77' lang='grc' dir='ltr'>τά</span> <span class='ocrx_word' id='word_1_235' title='bbox 678 2645 706 2699; x_wconf 92' lang='grc' dir='ltr'>ἐν</span> <span class='ocrx_word' id='word_1_236' title='bbox 718 2640 885 2713; x_wconf 86' lang='grc' dir='ltr'>Ἀσκάλωνι,</span> 
     </span>
     <span class='ocr_line' id='line_1_31' title="bbox 86 2726 889 2808; baseline 0.001 -21"><span class='ocrx_word' id='word_1_237' title='bbox 86 2728 134 2788; x_wconf 88' lang='grc' dir='ltr'>καὶ</span> <span class='ocrx_word' id='word_1_238' title='bbox 155 2730 232 2787; x_wconf 82' lang='grc' dir='ltr'>τοῖσι</span> <span class='ocrx_word' id='word_1_239' title='bbox 253 2726 356 2787; x_wconf 89' lang='grc' dir='ltr'>τούτων</span> <span class='ocrx_word' id='word_1_240' title='bbox 380 2730 433 2786; x_wconf 83' lang='grc' dir='ltr'>αἰεὶ</span> <span class='ocrx_word' id='word_1_241' title='bbox 456 2727 604 2808; x_wconf 80' lang='grc' dir='ltr'>ἐκγόνοισι,</span> <span class='ocrx_word' id='word_1_242' title='bbox 626 2728 762 2803; x_wconf 82' lang='grc' dir='ltr'>ἐνέσκηψε</span> <span class='ocrx_word' id='word_1_243' title='bbox 784 2728 802 2802; x_wconf 83' lang='grc' dir='ltr'><em>ἡ</em></span> <span class='ocrx_word' id='word_1_244' title='bbox 827 2730 889 2792; x_wconf 76' lang='grc' dir='ltr'>θεάς</span> 
     </span>
     <span class='ocr_line' id='line_1_32' title="bbox 86 2813 889 2896; baseline 0.002 -22"><span class='ocrx_word' id='word_1_245' title='bbox 86 2815 204 2892; x_wconf 89' lang='grc' dir='ltr'>θήλειαν</span> <span class='ocrx_word' id='word_1_246' title='bbox 216 2819 329 2875; x_wconf 82' lang='grc' dir='ltr'>νοῦσον·</span> <span class='ocrx_word' id='word_1_247' title='bbox 351 2813 424 2874; x_wconf 79' lang='grc' dir='ltr'>ὥστε</span> <span class='ocrx_word' id='word_1_248' title='bbox 437 2814 496 2891; x_wconf 82' lang='grc' dir='ltr'>ἅμα</span> <span class='ocrx_word' id='word_1_249' title='bbox 510 2816 630 2896; x_wconf 90' lang='grc' dir='ltr'>λέγουσί</span> <span class='ocrx_word' id='word_1_250' title='bbox 640 2841 671 2873; x_wconf 91' lang='grc' dir='ltr'>τε</span> <span class='ocrx_word' id='word_1_251' title='bbox 685 2818 711 2874; x_wconf 82' lang='grc' dir='ltr'>οἱ</span> <span class='ocrx_word' id='word_1_252' title='bbox 726 2815 831 2879; x_wconf 88' lang='grc' dir='ltr'>Σκύθαι</span> <span class='ocrx_word' id='word_1_253' title='bbox 844 2817 889 2876; x_wconf 84' lang='grc' dir='ltr'>διαὶ</span> 
     </span>
     <span class='ocr_line' id='line_1_33' title="bbox 85 2901 889 2979; baseline 0 -16"><span class='ocrx_word' id='word_1_254' title='bbox 85 2902 170 2964; x_wconf 79' lang='grc' dir='ltr'>τοῦτό</span> <span class='ocrx_word' id='word_1_255' title='bbox 190 2908 282 2978; x_wconf 80' lang='grc' dir='ltr'>σφεας</span> <span class='ocrx_word' id='word_1_256' title='bbox 302 2904 418 2973; x_wconf 87' lang='grc' dir='ltr'>νοσέειν,</span> <span class='ocrx_word' id='word_1_257' title='bbox 440 2903 485 2960; x_wconf 84' lang='grc' dir='ltr'>καὶ</span> <span class='ocrx_word' id='word_1_258' title='bbox 505 2902 573 2979; x_wconf 83' lang='grc' dir='ltr'>όρᾶν</span> <span class='ocrx_word' id='word_1_259' title='bbox 593 2901 658 2979; x_wconf 82' lang='grc' dir='ltr'>παρ’</span> <span class='ocrx_word' id='word_1_260' title='bbox 679 2905 806 2962; x_wconf 74' lang='grc' dir='ltr'>ἑωυτοῖσι</span> <span class='ocrx_word' id='word_1_261' title='bbox 825 2904 889 2968; x_wconf 84' lang='grc' dir='ltr'>τούς</span> 
     </span>
     <span class='ocr_line' id='line_1_34' title="bbox 86 2988 889 3067; baseline 0.001 -16"><span class='ocrx_word' id='word_1_262' title='bbox 86 2990 300 3067; x_wconf 76' lang='grc' dir='ltr'>ἀπικνεομένους</span> <span class='ocrx_word' id='word_1_263' title='bbox 316 2995 343 3052; x_wconf 87' lang='grc' dir='ltr'>ἐς</span> <span class='ocrx_word' id='word_1_264' title='bbox 362 2988 414 3065; x_wconf 79' lang='grc' dir='ltr'>τήν</span> <span class='ocrx_word' id='word_1_265' title='bbox 430 2990 568 3065; x_wconf 79' lang='grc' dir='ltr'>Σκυθικήν</span> <span class='ocrx_word' id='word_1_266' title='bbox 584 2989 677 3067; x_wconf 79' lang='grc' dir='ltr'>χώρην</span> <span class='ocrx_word' id='word_1_267' title='bbox 694 2989 729 3052; x_wconf 83' lang='grc' dir='ltr'>ὠς</span> <span class='ocrx_word' id='word_1_268' title='bbox 748 2991 889 3052; x_wconf 88' lang='grc' dir='ltr'>διακέαται</span> 
     </span>
     <span class='ocr_line' id='line_1_35' title="bbox 86 3076 934 3154; baseline 0.001 -17"><span class='ocrx_word' id='word_1_269' title='bbox 86 3077 152 3141; x_wconf 82' lang='grc' dir='ltr'>τούς</span> <span class='ocrx_word' id='word_1_270' title='bbox 169 3077 304 3137; x_wconf 90' lang='grc' dir='ltr'>καλέουσι</span> <span class='ocrx_word' id='word_1_271' title='bbox 320 3076 452 3154; x_wconf 85' lang='grc' dir='ltr'>Ἐναρέας</span> <span class='ocrx_word' id='word_1_272' title='bbox 471 3080 498 3137; x_wconf 85' lang='grc' dir='ltr'>οἱ</span> <span class='ocrx_word' id='word_1_273' title='bbox 517 3077 632 3142; x_wconf 88' lang='grc' dir='ltr'>Σκύθαι.</span> <span class='ocrx_word' id='word_1_274' title='bbox 666 3077 732 3136; x_wconf 86' lang='grc' dir='ltr'>Ἐπὶ</span> <span class='ocrx_word' id='word_1_275' title='bbox 749 3079 802 3154; x_wconf 88' lang='grc' dir='ltr'>μέν</span> <span class='ocrx_word' id='word_1_276' title='bbox 819 3106 867 3140; x_wconf 92' lang='grc' dir='ltr'>νυν</span> <span class='ocrx_word' id='word_1_277' title='bbox 878 3082 934 3142; x_wconf 77' lang='grc'>106</span> 
     </span>
     <span class='ocr_line' id='line_1_36' title="bbox 86 3165 912 3250; baseline -0.002 -24"><span class='ocrx_word' id='word_1_278' title='bbox 86 3165 160 3226; x_wconf 77' lang='grc' dir='ltr'>ὄκτῶ</span> <span class='ocrx_word' id='word_1_279' title='bbox 170 3166 218 3225; x_wconf 79' lang='grc' dir='ltr'>καὶ</span> <span class='ocrx_word' id='word_1_280' title='bbox 230 3166 320 3227; x_wconf 87' lang='grc' dir='ltr'>εἴκοσι</span> <span class='ocrx_word' id='word_1_281' title='bbox 334 3167 397 3228; x_wconf 81' lang='grc' dir='ltr'>ἔτεα</span> <span class='ocrx_word' id='word_1_282' title='bbox 408 3165 500 3250; x_wconf 77' lang='grc' dir='ltr'>ἦρχον</span> <span class='ocrx_word' id='word_1_283' title='bbox 510 3171 562 3247; x_wconf 79' lang='grc' dir='ltr'>τῆς</span> <span class='ocrx_word' id='word_1_284' title='bbox 569 3165 577 3186; x_wconf 82' lang='grc'>’</span> <span class='ocrx_word' id='word_1_285' title='bbox 585 3166 677 3244; x_wconf 76' lang='grc' dir='ltr'>λσὶης</span> <span class='ocrx_word' id='word_1_286' title='bbox 690 3167 912 3240; x_wconf 65' lang='grc' dir='ltr'>ολΣικίιδαι,ιειίι</span> 
     </span>
     <span class='ocr_line' id='line_1_37' title="bbox 77 3252 941 3343; baseline 0.008 -32"><span class='ocrx_word' id='word_1_287' title='bbox 77 3252 115 3312; x_wconf 72' lang='grc' dir='ltr'>τά</span> <span class='ocrx_word' id='word_1_288' title='bbox 126 3252 220 3315; x_wconf 83' lang='grc' dir='ltr'>πάντα</span> <span class='ocrx_word' id='word_1_289' title='bbox 232 3261 293 3336; x_wconf 78' lang='grc' dir='ltr'>σφι</span> <span class='ocrx_word' id='word_1_290' title='bbox 304 3255 364 3322; x_wconf 85' lang='grc' dir='ltr'>ύπά</span> <span class='ocrx_word' id='word_1_291' title='bbox 376 3287 410 3323; x_wconf 86' lang='grc' dir='ltr'>τε</span> <span class='ocrx_word' id='word_1_292' title='bbox 423 3259 532 3342; x_wconf 78' lang='grc' dir='ltr'>ὕβριος</span> <span class='ocrx_word' id='word_1_293' title='bbox 547 3261 599 3324; x_wconf 71' lang='grc' dir='ltr'>καὶ</span> <span class='ocrx_word' id='word_1_294' title='bbox 607 3257 769 3343; x_wconf 59' lang='grc' dir='ltr'>ὀλιγωρίης</span> <span class='ocrx_word' id='word_1_295' title='bbox 778 3254 941 3318; x_wconf 58' lang='grc' dir='ltr'>ἐκυδστιιτῦ·</span> 
     </span>
    </p>
   </div>
   <div class='ocr_carea' id='block_1_2' title="bbox 0 0 1024 3464">
    <p class='ocr_par' dir='ltr' id='par_1_4' title="bbox 0 0 1024 3464">
     <span class='ocr_line' id='line_1_38' title="bbox 0 0 1024 3464; baseline 0 0"><span class='ocrx_word' id='word_1_296' title='bbox 0 0 1024 3464; x_wconf 95' lang='lat' dir='ltr'> </span> 
     </span>
    </p>
   </div>
  </div>
 </body>
</html>
