2040 3464
82 116 224 178 τος-ιιι]
407 114 570 162 mmm.
830 112 879 166 ιιι

79 192 207 252 Ἐλλάδα
228 193 344 273 ἐγένετο,
364 189 459 268 ἧσσον
479 193 509 250 δὲ
528 197 579 267 τῆς
597 197 691 268 ἑτέρης
711 192 881 272 περιλεσχή-

80 306 183 344 νευτος·
225 279 355 356 Χάραξος
371 281 400 339 δὲ
414 281 449 343 οἷς
464 279 622 356 λυσάμενος
633 280 770 340 Ῥοδῶπιν
782 280 881 341 α’πενθ-

80 394 173 443 στησε
207 373 235 431 ἔς
268 368 441 444 Μυτιλήνην,
469 373 498 427 ἔν
531 369 612 444 μέλεϊ
640 368 751 443 Σαπφὼ
784 368 882 427 πολλὰ

80 457 305 534 κατεκερτόμησέ
328 483 388 532 μιν.
428 454 578 518 Ῥοδώπιος
600 457 653 532 μέν
675 481 724 515 νυν
746 457 810 533 πέρι
832 458 880 516 πέ-

80 570 197 619 παυμαι.

121 630 204 691 Μετᾶ
217 632 248 691 δὲ
261 634 418 708 Μυκερῖνον
431 631 563 712 γενέσθαι
576 629 721 711 Αἰγύπτου
734 632 861 706 βασιλέα
870 633 925 691 136

80 719 180 799 ἔλεγον
199 723 227 780 οἱ
248 721 318 797 ἱρέες
341 719 476 796 Σάσυχιν,
498 717 548 778 τὸν
571 717 607 778 τὰ
630 718 701 795 πρός
721 717 803 792 ἥλων
824 718 880 779 α’νί-

80 833 190 885 σχοντα
215 812 335 883 ποιῆσαι
360 811 399 885 τῷ
425 807 576 884 Ἡφαίστῳ
602 806 772 883 προπύλαια,
801 805 881 866 ε’όντα

80 899 181 974 πολλῷ
192 921 225 955 τε
241 896 383 955 κάλλιστα
401 895 448 952 καὶ
465 899 565 972 πολλῷ
581 896 711 975 μέγιστα
755 896 813 972 ἔχει
830 897 882 971 μὲν

80 981 137 1063 γοῖρ
156 983 202 1041 καὶ
219 981 255 1042 τὰ
274 982 366 1043 πάντα
384 980 546 1058 προπύλαια
561 981 665 1044 τύπους
681 1008 712 1042 τε
728 986 881 1062 ε’γγεγλυμ-
971 1048 976 1060 ¹

80 1070 179 1144 μένους
192 1070 238 1128 καὶ
251 1068 344 1145 ἄλλην
354 1067 419 1146 ὄψιν
430 1068 657 1146 οἰκοδομημάτων
669 1070 777 1145 μυρίην,
791 1073 881 1128 ε’κεῖνα

81 1157 111 1215 δὲ
131 1158 177 1216 καὶ
193 1161 288 1236 μακρῷ
307 1157 445 1234 μάλιστα.
486 1157 532 1215 ἐπὶ
549 1157 649 1216 τούτου
667 1155 880 1232 βασιλεύοντος,

81 1245 187 1325 ἔλεγον,
201 1244 311 1321 α’μιξίης
332 1244 432 1319 ἐούσης
447 1248 560 1319 πολλῆς
578 1243 736 1322 χρημάτων,
749 1244 881 1324 γενέσθαι

81 1331 168 1408 νόμον
185 1333 374 1414 Αἰγυπτίοισι,
394 1330 592 1390 ἀποδεικνύντα
613 1332 742 1410 ἐνέχυρον
759 1334 809 1389 τοῦ
829 1357 881 1389 πα-

80 1420 146 1495 τρὸς
165 1421 215 1480 τᾶν
231 1421 310 1480 νέκυν
332 1419 402 1480 οὕτω
422 1418 580 1496 λαμβάνειν
593 1418 626 1479 τὸ
640 1420 732 1498 χρέος·
762 1443 881 1495 προστε-

81 1509 163 1582 θῆναι
183 1509 213 1568 δὲ
234 1510 273 1568 ἔτι
292 1508 381 1586 τούτῳ
400 1511 439 1586 τῷ
458 1506 533 1587 νόμῳ
553 1506 640 1577 τόνδε,
655 1506 704 1565 τᾶν
718 1505 828 1564 διδόντα
847 1506 881 1567 τι)

79 1597 163 1674 χρέος
186 1597 233 1655 καὶ
256 1596 369 1671 ἁπάσης
392 1595 515 1672 κρατέειν
538 1598 589 1669 τῆς
611 1598 661 1654 τοῦ
685 1593 882 1669 λαμβάνοντος

81 1684 177 1760 θήκης·
208 1688 246 1763 τῷ
266 1685 296 1743 δὲ
316 1683 474 1742 ὑποτιθέντι
493 1686 576 1742 τοῦτο
596 1681 630 1741 τὸ
651 1682 780 1760 ε’νέχυρον
800 1679 882 1757 τήνδε

81 1776 186 1831 ἐπεῖναι
202 1772 303 1848 ζημίην
318 1771 358 1848 μῆ
378 1770 544 1849 βουλομένῳ
565 1768 716 1829 ἀποδοῦναι
735 1769 768 1830 τό
789 1769 880 1848 χρέος,

80 1859 145 1935 μήτ’
159 1858 232 1938 αὐτῷ
245 1860 337 1938 ἐκείνῳ
355 1857 554 1933 τελευτήσαντι
573 1858 642 1916 εἶναι
654 1861 748 1932 ταφῆς
762 1861 882 1935 κυρῆσαι

79 1945 145 2022 μήτ’
173 1953 202 2006 ἐν
225 1948 317 2025 ε’κείνῳ
342 1951 381 2024 τῷ
406 1946 524 2025 πατρῴῳ
551 1945 632 2024 τάφῳ
656 1943 721 2022 μήτ’
746 1950 775 2004 ἐν
802 1943 882 2025 ἄλλῳ

79 2035 186 2110 μηδενὶ,
199 2034 271 2112 μήτε
291 2035 382 2093 ἄλλον
397 2033 502 2110 μηδένα
519 2037 574 2092 τῶν
595 2036 695 2092 ἑωυτοῦ
712 2031 881 2114 ἀπογενόμε-

80 2148 129 2182 νον
156 2122 253 2200 θοίψαι.
294 2122 510 2199 ὑπερβαλέσθαι
530 2121 560 2179 δὲ
579 2120 756 2197 βουλόμενον
782 2124 882 2180 τοῦτον

79 2210 131 2270 πόν
147 2212 274 2286 βασιλέα
294 2210 359 2273 τούς
378 2209 515 2286 πρότερον
528 2211 628 2268 ἑαυτοῦ
644 2209 785 2284 βασιλέας
804 2234 882 2288 γενο·

80 2298 179 2374 μένους
202 2297 354 2379 Αἰγύπτου,
376 2297 558 2373 μνημόσυνον
577 2297 721 2373 πυραμίδα
746 2297 882 2356 λιπέσθαι

81 2390 112 2445 ἐκ
134 2385 260 2446 πλίνθων
281 2385 449 2459 ποιήσαντα·
485 2388 514 2443 ε’ν
533 2387 569 2462 τῇ
589 2383 743 2464 γράμματα
763 2388 792 2442 έν
811 2384 882 2463 λίθῳ

80 2474 308 2552 ἐγκεκολαμμένα
327 2473 394 2531 τάδε
412 2471 533 2552 λέγοντά
554 2476 625 2530 ε’στι·
652 2477 714 2529 ΜΗ
735 2477 792 2529 ΜΕ
814 2476 881 2528 ΚΛ·

79 2562 302 2626 ΤΟΝΟΣΘΗιΣ
322 2560 429 2624 ΠΡΟΣ
452 2560 527 2623 TA}
547 2559 710 2622 ΛΙΘΙΝΑΣ
731 2563 882 2617 ΠΥΡΑΜ·

80 2651 184 2712 ΙΔΑΣ.
226 2653 388 2708 ΠΡΟΕΧΩ
401 2653 476 2706 ΓΑΡ
489 2651 644 2705 ΑΥΤΕΩΝ
663 2646 880 2715 ΤΟΣΟΥΤΟΝ,

79 2737 196 2802 ὈΣΟΝ
209 2735 244 2795 ‘0
265 2737 361 2800 ΖΕΥΣ
380 2739 459 2793 ΤΩΝ
473 2739 610 2793 ΑΛΛΩΝ
626 2738 740 2792 (MN.
784 2738 880 2791 KON·

80 2830 142 2883 ΤΩι
172 2831 246 2883 ΓΑΡ
277 2823 599 2886 ῪΠΟΤΥΠΤΟΝΤΕΣ
630 2823 680 2885 ΕΣ
709 2825 882 2890 ΛῘΜΝΗΝ,

79 2912 114 2972 ⁸0
134 2919 173 2973 TI
194 2913 422 2975 ΠΡΟΣΧΟΙΤΟ
443 2915 520 2968 ΤΟΥ
543 2914 683 2968 ΠΗΛΟΥ
703 2914 764 2967 ΤΩι
784 2913 881 2967 KON-

79 3006 140 3059 ΤΩι
179 3005 305 3059 ΤΟΥΤΟ
347 2998 637 3066 ΣΥΛΛΕΓΟΝΤΕΣ,
677 2996 881 3060 ΠΛΙΝΘΟΥΣ

78 3087 259 3156 ΕΙΡΥΣΑΝ,
283 3091 354 3145 ΚΑΙ
376 3091 434 3144 ΜΕ
455 3089 599 3143 ΤΡΟΠΩι
619 3089 801 3143 ΤΟΙΟΥΤΩι
819 3085 886 3145 ΥΞ·

79 3175 296 3236 ΕΠΟΙΗΣΑΝ.
334 3177 436 3235 τοῦτον
447 3175 501 3252 μὲν
513 3175 649 3235 τοσαῦτα
660 3170 880 3241 ἀποδέξασθαι,

107 3260 193 3318 Mera*
212 3261 245 3318 δὲ
264 3266 368 3322 τοῦτον
389 3265 585 3341 βασιλεῦσαι
606 3263 706 3344 ἄνδρα.
729 3256 853 3330 τυῴλδν
876 3241 986 3313 ἒῦῗλ
