2040 3464
10 35 334 43 ——-——-—-——-
502 36 515 39 η
550 36 599 39 --Ἴ

97 107 240 171 167-171]
446 111 559 160 ΚΛΕῙΩ.
867 113 900 160 83

96 183 233 261 άπώνητο,
256 185 322 246 ἀλλ’
343 187 399 246 ὑπό
421 187 546 262 Θρηίκων
568 186 729 255 ἐξελασθεὶς
748 186 832 262 τιμάς
851 193 900 249 νῦν

96 272 151 332 ὑπό
165 273 254 348 Τηίων
266 278 322 333 τῶν
335 279 364 333 ἐν
376 273 547 350 Ἀβδήροισι
561 273 596 336 ώς
608 273 679 349 ἥρως
693 274 759 351 ἔχει.

139 358 226 420 Οὗτοι
247 363 298 436 μέν
321 387 370 422 νυν
390 360 488 420 Ἰώνων
514 365 612 436 μοῦνοι
632 360 684 435 τήν
705 359 945 438 δουλοσόνην169

96 446 147 507 οὐκ
163 447 327 526 άνεχόμενοι
344 449 472 517 ἐξέλιπον
490 448 540 510 τός
560 447 704 524 πατρίδας·
726 451 752 506 οἱ
771 447 793 506 δ’
814 447 900 511 ἄλλοι

96 533 192 606 Ἰωνες,
219 536 295 612 πλήν
322 536 480 611 Μιλησίων,
508 535 554 594 διό
576 534 669 613 μάχης
692 538 743 611 μὲν
767 535 901 601 οἶπικέατο

96 620 228 704 Ἀρπάγῳ
242 623 365 701 κατάπερ
380 627 406 683 οἱ
423 623 591 692 ἐκλιπόντες,
606 624 652 680 καὶ
665 621 761 699 ἄνδρες
773 624 900 705 ἐγένοντο

96 709 199 790 οἷγαθοὶ
218 713 283 788 περὶ
303 717 353 787 τῆς
374 715 474 770 ἑωυτοῦ
497 712 614 773 ἕκαστος
630 710 793 789 μαχόμενοι,
811 716 899 774 ἕσσω-

96 799 189 862 θέντες
210 799 240 858 δέ
262 800 308 858 καὶ
328 799 442 863 ἁλόντες
463 800 558 876 ἔμενον
579 797 649 857 κατοὶ
669 800 763 878 χώρην
786 802 900 862 ἕκαστοι

95 886 142 944 καὶ
162 887 199 947 τοὶ
218 887 427 964 ἐπιτασσόμενα
448 888 603 946 ἐπετέλεον.
645 886 786 962 Μιλήσιοι
807 889 844 958 δὲ,
864 888 899 954 ώς

96 975 142 1032 καὶ
154 975 290 1077 πρότερόν
301 1002 351 1051 μοι
365 976 476 1051 εἴρηται,
489 974 562 1051 αὐτῷ
575 973 658 1053 Κύρῳ
673 973 766 1050 ὅρκιον
779 975 897 1050 ποιησά-

95 1087 174 1138 μενοι
196 1063 318 1141 ἡσυχίην
340 1062 419 1142 όγον.
457 1061 527 1121 οὕτω
549 1061 582 1136 δή
603 1061 636 1120 τό
661 1061 786 1139 δεύτερον
807 1062 897 1140 Ἰωνίη

95 1149 272 1211 ἐδεδούλωτο.
308 1150 343 1214 ώς
362 1151 391 1209 δὲ
408 1150 473 1213 τούς
491 1156 520 1210 ἐν
540 1155 576 1228 τῇ
594 1147 699 1229 ἠπείρῳ
710 1149 807 1214 Ἴωνας
828 1157 897 1228 ἐχει-

94 1237 371 1319 ρώσαποἈρπαγος,
391 1242 417 1298 οἱ
432 1237 483 1300 τάς
501 1237 603 1313 νήσους
623 1239 730 1315 ἔχοντες
741 1237 833 1300 Ἴωνες
852 1265 898 1297 κα-

93 1326 320 1402 ταρρωδήσαντες
333 1331 428 1396 ταῦτα,
442 1327 534 1402 σφέας
548 1324 647 1387 αὔτοῦς
662 1326 761 1384 ἔδοσαν
776 1325 864 1404 Κύρῳ.

136 1416 340 1492 Κεκακωμένων
353 1415 382 1473 δὲ
394 1414 500 1483 Ἰώνων,
512 1415 558 1471 καὶ
571 1413 786 1494 συλλεγομένων
800 1413 877 1472 οὐδὲν
888 1414 945 1474 170

94 1499 188 1576 ήσσον
201 1509 228 1565 ἐς
245 1503 278 1562 τό
296 1501 459 1572 Πανιώνιον,
473 1500 647 1576 πυνθάνομαι
663 1499 775 1580 γνώμην
792 1502 897 1560 Βίαντα

94 1587 181 1666 α”νδρα
206 1591 331 1667 Πριηνέα
357 1589 548 1659 ἀποδέξασθαι
567 1586 647 1646 Ἴωσι
670 1588 895 1666 χρησιμωτάτην·

94 1681 128 1754 τῇ
148 1682 172 1737 εἰ
189 1678 340 1749 ἐπείθοντο,
360 1682 478 1755 παρεῖχε
500 1677 533 1736 ἄν
555 1683 611 1751 σφι
631 1675 814 1752 εὐδαιμονέειν
832 1676 897 1736 Ἑλ·

93 1764 185 1840 λήνων
204 1764 342 1842 μάλιστα·
372 1765 402 1829 ὃς
423 1766 532 1824 ἐκέλευε
558 1774 575 1798 “
584 1768 664 1842 κοινῷ
687 1764 782 1844 στόλῳ
798 1763 897 1828 Ἴωνας

93 1851 240 1929 ἀερθέντας
259 1854 356 1913 πλέειν
378 1858 405 1914 ἐς
425 1853 530 1930 Σαρδώ,
553 1854 599 1911 καὶ
616 1854 710 1911 ἔπειτα
725 1852 810 1913 πόλιν
829 1853 897 1930 μίαν

93 1942 193 2011 κτίζειν
219 1940 328 2001 πάντων
354 1939 460 2000 Ἰάνων·
496 1942 542 1999 καὶ
568 1940 638 1999 οὕτω
662 1939 896 2020 ἀπαλλαχθέντας

93 2031 186 2104 σφέας
199 2030 371 2105 δουλοσύνης
385 2028 601 2105 εὐδαιμονήσειν,
617 2027 709 2102 νήσων
721 2054 752 2088 τε
765 2028 896 2088 άπασέων

92 2118 230 2198 μεγίστην
251 2119 417 2193 νεμομένους
438 2118 484 2176 καὶ
504 2116 640 2194 ἄρχοντας
654 2114 758 2175 ἄλλων·
779 2117 896 2192 μένουσι

93 2205 125 2263 δέ
143 2212 199 2281 σφι
220 2212 248 2266 ἐν
268 2210 304 2283 τῇ
324 2205 413 2283 Ἰωνίη
435 2205 484 2264 οὐκ
502 2206 556 2279 ἔφη
574 2208 671 2280 ἐνορᾶν
685 2204 842 2281 ἐλευθερίην
856 2204 896 2262 ἔτι

92 2292 252 2370 ἐσομένην.”
287 2292 356 2369 αὕτη
374 2297 426 2369 μὲν
446 2292 563 2354 Βίαντος
578 2296 628 2350 τοῦ
647 2292 783 2368 Πριηνέος
798 2291 896 2372 γνώμη

92 2382 139 2439 ἐπὶ
161 2381 391 2458 διεφθαρμένοισι
407 2379 488 2439 Ἴωσι
509 2379 654 2460 γενομένη·
675 2378 787 2456 χρηστή
804 2379 834 2437 δὲ
850 2379 896 2437 καὶ

92 2470 158 2546 πρὶν
173 2467 191 2545 ἦ
208 2470 395 2545 διαφθαρῆναι
407 2467 513 2543 Ἰωνίην
527 2466 625 2525 Θάλεω
639 2465 737 2542 α’νδρός
750 2467 896 2542 Μιλησίου

92 2558 209 2638 ἐγένετο,
229 2557 262 2616 τό
283 2556 414 2616 άνέκαθεν
428 2556 508 2636 γένος
527 2552 620 2618 ἐόντος
635 2554 770 2617 Φοίνικος·
792 2552 822 2616 ός
841 2552 895 2611 ἐκέ-

91 2650 158 2704 λευε
176 2653 192 2681 “
202 2645 231 2705 ἐν
246 2643 448 2720 βουλευτήριον
462 2643 560 2704 Ἴωνας
576 2642 718 2717 ἐκτῆσθαι,
736 2640 769 2700 τό
784 2641 813 2698 δέ
828 2640 897 2698 εἶναι

92 2738 122 2792 ἐν
134 2733 202 2813 Τέῳ·
226 2733 301 2792 Τέων
313 2732 368 2812 γάρ
381 2731 471 2808 μέσον
484 2731 553 2790 εἶναι
565 2729 678 2804 Ἰωνίης·
699 2729 749 2792 τός
762 2729 791 2786 δὲ
805 2726 897 2788 ἄλλος

92 2820 194 2884 πόλιας
208 2820 365 2896 οἰκεομένας
377 2819 463 2894 μηδὲν
476 2816 571 2892 ἧσσον
591 2817 754 2893 νομίζεσθαι
772 2815 894 2890 κατάπερ

92 2913 117 2969 εἰ
140 2909 224 2985 δῆμοι
247 2907 325 2969 εἶεν.”
355 2906 425 2966 οὕτω
445 2909 496 2984 μὲν
518 2905 552 2980 δή
574 2911 630 2980 σφι
649 2903 760 2985 γνώμας
781 2901 895 2962 τοιάσδε

92 2997 269 3067 ἀπεδέξαντο.

127 3084 273 3166 Ἅρπαγος
293 3084 324 3143 δὲ
343 3080 605 3160 καταστρεψάμενος
619 3079 733 3155 Ἰωνίην,
753 3079 874 3137 ἐποιέετο
885 3078 939 3138 171

91 3173 244 3249 στρατηίην
258 3172 304 3231 ἐπὶ
317 3175 416 3248 Κᾶρας
429 3170 475 3231 ναὶ
488 3169 629 3233 Καυνίους
645 3168 693 3227 καλ
706 3164 913 3236 mmmm

84 3259 222 3333 α’γόμενος
242 3260 291 3320 καὶ
309 3257 411 3327 Ἴωνας
437 3260 486 3322 καὶ
510 3260 650 3324 Αἰολέας.
688 3257 751 3317 ἐισλ
765 3255 805 3314 δε
823 3247 934 3308 πολεων)
