2040 3464
141 112 191 158 223
449 112 635 161 ἨΡΟΔΟΤΟΤ
876 111 942 174 [ΠΙ.

94 191 131 249 56
142 188 259 250 πάππον
271 191 393 270 δημοσίῃ
407 191 462 251 find
477 192 597 267 Σαμίων.
632 188 847 267 Λακεδαιμόνιοι
860 190 899 260 δὲ,
911 190 945 254 ὥς

141 282 198 350 σφι
217 274 425 352 τεσσεράκοντα
441 278 608 358 ἐγεγόνεσαν
624 277 724 354 ἡμέραι
744 277 946 354 πολιορκέουσι

142 363 239 440 Σάμον
252 369 279 425 ἐς
290 363 323 421 τδ
338 365 435 440 πρόσω
448 391 479 423 τε
493 365 571 424 ου’δὲν
587 364 776 442 προεκόπτετο
788 368 844 423 τῶν
856 391 945 446 πρηγ-

141 451 243 528 μάτων,
267 449 492 512 ἀπαλλάσσοντο
514 458 541 515 ἐς
561 451 793 528 Πελοπόννησον·
822 452 857 515 ὥς
878 452 945 513 δὲό

141 539 324 617 ματαιότερος
350 539 437 619 λόγος
464 540 597 617 ὥρμηται,
619 541 731 620 λέγεται
757 539 946 616 Πολυκράτεα

145 627 291 705 ἐπιχώριον
301 627 428 704 νόμισμα
442 628 567 705 κόψαντα
575 629 686 688 πολλόν
695 627 853 704 μολύβδου,
863 654 946 686 κατα·

143 716 331 794 χρυσάσαντα
351 716 448 775 δοῦναί
465 722 531 791 σφι·
558 717 623 779 τούς
643 717 673 775 δὲ
691 716 856 792 δεξαμένους
874 715 946 776 οὕτω

146 803 180 878 δὴ
198 803 450 863 ἀπαλλάσσεσθαι.
491 804 594 879 ταύτην
614 804 726 880 πρώτην
747 804 903 879 στρατηίην
919 809 946 868 ἐς

146 892 198 966 τὴν
210 890 312 966 Ἀσίην
326 890 540 968 Λακεδαιμόνιοι
555 893 672 967 Δωριέες
686 890 864 965 ἐποιήσαντο.

98 979 136 1039 57
188 981 224 1037 Οἱ
244 978 267 1037 δ’
288 980 334 1038 ἐπὶ
353 978 404 1038 τόν
425 980 610 1057 Πολυκράτεα
631 979 871 1056 στρατευσάμενοι
892 981 946 1044 Σα-

145 1067 223 1143 μίων,
238 1066 297 1126 ἐπεὶ
310 1069 337 1125 οἱ
350 1067 563 1144 Λακεδαιμόνιοι
577 1066 676 1129 αύτούς
689 1066 853 1126 οἷπολείπειν
866 1069 946 1144 ἔμελ-

145 1159 206 1224 λον,
224 1155 269 1212 καὶ
290 1154 368 1213 αὐτοὶ
388 1155 530 1214 ἀπέπλεον
545 1160 571 1218 ἐς
589 1156 705 1229 Σίφνον·
727 1154 878 1232 χρημάτων
890 1154 946 1236 γάρ

147 1242 262 1311 ἐδέοντο,
270 1243 306 1302 τά
319 1243 348 1300 δὲ
361 1247 416 1302 τῶν
429 1243 550 1317 Σιφνίων
563 1242 715 1321 πρήγματα
729 1242 835 1317 ἤκμαζε
846 1247 948 1302 τοῦτον

146 1328 196 1389 τδν
211 1330 321 1407 χρόνον·
343 1332 389 1388 καὶ
407 1331 561 1405 νησιωτέων
577 1330 704 1406 μάλιστα
722 1329 873 1389 ἐπλούτεον
887 1332 947 1411 (ἅτε

149 1417 248 1478 ἐόντων
268 1417 378 1476 αὐτοῖσι
398 1423 428 1478 ἐν
444 1422 480 1496 τῇ
501 1417 578 1497 νήσῳ
594 1419 720 1496 χρυσέων
741 1418 786 1475 καὶ
807 1416 948 1498 άργυρέων

147 1505 305 1584 μετάλλων)
326 1506 396 1566 οὕτω
415 1505 488 1565 ὥστε
503 1505 559 1564 άπδ
577 1510 627 1579 τῆς
644 1505 759 1580 δεκάτης
771 1508 826 1564 τῶν
837 1507 948 1584 γινομέ-

148 1619 201 1653 νων
220 1593 336 1653 αύτόθεν
355 1594 504 1673 χρημάτων
523 1592 662 1669 θησαυρδς
680 1597 709 1651 ἐν
726 1596 870 1666 Δελφοῖσι
884 1592 949 1653 οἶνα·

151 1682 249 1749 κέεται,
271 1681 355 1757 ὁμοῖα
377 1686 454 1740 τοῖσι
480 1680 729 1740 πλουσιωτάτοισι·
758 1679 838 1739 αὐτοὶ
862 1680 892 1740 δὲ
913 1681 949 1741 τά

147 1768 279 1849 γινόμενα
300 1774 338 1846 τῷ
361 1774 472 1847 ἐνιαυτῷ
496 1768 602 1848 ἑκάστῳ
623 1768 756 1847 χρήματα
779 1767 948 1845 διενέμοντο.

148 1856 195 1915 ὅτε
209 1856 245 1914 ὧν
259 1862 400 1916 ἐποιεῦντο
413 1858 462 1916 τδν
473 1858 624 1934 θησαυρόν,
634 1859 767 1934 ἐχρέωντο
776 1861 814 1934 τῷ
823 1882 949 1934 χρηστη-

147 1945 205 2021 ρίῳ,
217 1948 240 2001 εί
253 1944 363 2003 αὐτοῖσι
375 1944 411 2003 τοὶ
423 1945 561 2022 παρεόντα
575 1944 667 2023 οἷγαθοὶ
681 1943 726 2002 οἷά
739 1969 770 2003 τε
784 1944 846 2002 ἐστὶ
855 1945 950 2005 πολύν

148 2031 250 2109 χρόνον
263 2032 443 2108 παραμένειν;
465 2032 483 2107 ἠ
498 2033 527 2111 δὲ
541 2034 634 2106 Πυθίη
650 2033 753 2110 ἔχρησέ
766 2036 823 2105 σφι
835 2032 912 2091 τάδε·

193 2143 261 2191 Ἀλλ’
274 2146 333 2192 ὅταν
346 2147 370 2192 ἐν
381 2147 463 2206 Σίφνῳ
478 2146 612 2207 πρυτανήϊα
627 2144 702 2193 λευκοὶ
717 2146 818 2205 γένηται

198 2217 328 2276 λεύκοφρύς
340 2215 363 2262 τ’
375 2219 459 2278 ἀγορὴ,
473 2219 529 2264 τότε
540 2220 569 2276 δὴ
582 2219 618 2265 δεῖ
627 2216 759 2278 φράδμονος
771 2218 858 2278 ἀνδρὸς,

199 2289 355 2349 φράσσασθαι
367 2290 457 2348 ξύλινόν
468 2306 496 2336 τε
506 2287 582 2349 λόχον
593 2290 683 2350 κήρυκά
694 2287 718 2334 τ’
730 2289 831 2349 ἐρυθρόν.

150 2396 226 2452 τοῖσι
248 2394 277 2452 δὲ
297 2394 442 2468 Σιφνίοισι
457 2391 492 2468 ἦν
506 2393 571 2452 τότε
586 2392 605 2468 ἡ
621 2391 710 2471 άγορῆ
727 2391 773 2449 καὶ
792 2391 826 2451 τδ
847 2417 952 2469 πρυτα·

104 2480 227 2555 δὸνήῖον
244 2483 340 2560 Παρίῳ
357 2483 428 2560 λίθῳ
443 2480 599 2556 η’σκημένα.
634 2484 739 2539 Τοῦτον
755 2478 804 2538 τδν
817 2482 954 2558 χρησμόν

151 2568 201 2627 οὐκ
219 2569 275 2628 οἶοί
292 2594 323 2628 τε
342 2569 417 2645 ἦσαν
437 2572 547 2649 γνῶναι,
569 2567 631 2627 οὔτε
651 2566 716 2627 τότε
737 2567 795 2630 ἰθύς
814 2565 880 2626 οὔτε
896 2574 953 2629 τῶν

152 2659 263 2732 Σαμίων
278 2656 444 2738 ἀπιγμένων·
467 2657 529 2714 ἐπεί
544 2681 575 2715 τε
594 2655 649 2737 γάρ
668 2654 791 2734 τάχιστα
809 2655 881 2731 πρός
899 2656 954 2732 τὴν

152 2746 258 2819 Σίφνον
270 2747 431 2822 προσίσχον
445 2747 472 2802 οἱ
485 2743 595 2820 Σάμιοι,
604 2745 727 2819 ἔπεμπον
740 2747 796 2802 τῶν
809 2746 877 2803 νεῶν
884 2743 954 2819 μίαν

151 2834 295 2908 πρέσβεας
318 2833 444 2913 ἄγουσαν
466 2837 493 2894 ἐς
513 2831 565 2906 τήν
585 2831 679 2890 πόλιν.
721 2829 754 2889 τό
777 2832 807 2889 δὲ
828 2831 953 2891 παλαιάν

152 2919 262 2979 ἅπασαι
278 2924 307 2978 αἱ
322 2925 384 2995 νῆες
398 2920 473 2996 ἦσαν
492 2920 686 2996 μιλτηλιφέες·
709 2919 754 2976 καὶ
768 2917 803 2992 ἦν
816 2923 903 2978 τοῦτο
919 2919 953 2979 τό

151 3007 170 3083 ἡ
191 3009 284 3083 Πυθίη
303 3008 474 3087 προηγόρευε
494 3011 571 3066 τοῖσι
593 3007 745 3082 Σιφνίοισι,
768 3007 953 3082 φυλάξασθαι

147 3095 199 3156 τόν
221 3095 336 3167 ξύλινον
359 3095 447 3177 λόχον
464 3095 617 3154 κελεύουσα
635 3094 681 3152 καὶ
701 3093 807 3169 κήρυκα
825 3094 952 3175 ἐρυθρόν·

56 3214 83 3263 ι
132 3184 310 3266 ιίπικόμενοι
328 3186 366 3250 ὧν
385 3191 415 3248 οἱ
431 3184 553 3272 ἄγγελοι
567 3183 677 3244 ἐδέοντο
688 3182 874 3254 τίονΣιφυίων
887 3180 954 3241 δέκα

124 3274 266 3340 τάλαντά
277 3287 340 3359 σφι
354 3285 487 3364 χρῆσαι·
511 3274 544 3338 ού
561 3270 733 3352 φασκόντων
744 3266 782 3324 δλ
789 3263 907 3344 mm
919 3268 975 3320 ’ὧδ’
