2040 3464
139 103 167 148 ω
378 69 380 72 ’
441 103 619 150 Ἡκοκουου
897 103 931 167 [1.

602 180 609 199 ἱ
658 181 665 200 ἱ
706 181 714 203 ἱ
820 186 833 201 Α

138 179 265 251 ἷπαντας,
287 180 485 256 στρατεύονται
508 181 545 240 ὦν
568 187 603 240 ἐπ
631 208 730 244 αυτυυς
753 207 834 259 κοινιρ
856 183 934 263 λόγῳ

137 269 306 346 χρησάμενοι
314 270 453 344 Τυρσηνοὶ
461 270 506 327 καὶ
515 269 709 348 Καρχηδόνιοι,
718 271 800 345 νηυσὶ
810 269 933 348 ἑκάτεροι

136 356 275 431 ἑξήκοντα·
298 359 325 415 οἱ
342 357 372 414 δὲ
385 356 519 418 Φωκαιέες
531 355 731 433 πληρώσαντες
744 358 790 416 καὶ
803 356 882 417 αὐτοὶ
897 359 934 419 τά
983 352 986 358 ¹

133 447 230 513 πλοῖα,
245 443 325 503 ε’όντα
335 442 456 520 ’ἀριθμόν
470 443 611 518 ἑξήκοντα,
626 443 754 514 ἀντίαζον
770 450 797 506 ἐς
814 444 848 504 τό
862 448 933 523 Σαρ-

125 528 224 590 -δόνιον
251 530 420 606 καλεόμενον
442 531 574 606 πέλαγος·
606 531 823 612 συμμισγόντων
846 533 875 592 δὲ
897 539 933 614 τῇ

86 649 88 654 ·
133 619 281 697 ναυμαχίη,
290 618 417 694 Καδμείη
429 644 471 681 τις
483 619 544 693 νίκη
557 622 633 678 τοῖσι
646 624 802 678 Φωκαιεῦσι
815 622 933 701 ἐγένετο·

134 708 163 764 αἱ
180 710 232 782 μὲν
246 707 302 787 γάρ
317 705 524 783 τεσσεράκοντά
542 713 598 782 σφι
614 710 677 780 νῆες
690 705 890 783 διεφθάρησαν,
905 715 934 770 αἶ

134 792 164 851 δὲ
185 795 273 853 εἴκοσι
294 797 322 851 αἱ
342 799 503 869 περιεοῦσαι
523 793 597 868 ἦσαν
618 794 768 870 ἄχρηστοι·
795 794 935 872 α’πεστρά-

135 887 210 956 φατο
222 882 276 962 γάρ
289 880 353 943 τούς
371 881 521 957 ἐμβόλους·
543 882 776 944 καταπλώσαντες
792 882 821 940 δὲ
839 888 866 946 ἐς
882 885 934 959 τήν

132 971 278 1045 Ἀλαλίην,
293 968 435 1044 ἀνέλαβον
450 967 486 1028 τά
503 969 586 1028 τέκνα
605 969 651 1027 καὶ
669 969 719 1031 τάς
735 973 874 1049 γυναῖκας,
889 973 934 1031 καὶ

132 1057 184 1134 τήν
198 1057 290 1132 ἄλλην
304 1061 402 1132 κτῆσιν
415 1055 486 1131 ὅσην
503 1057 562 1114 οἶαί
578 1083 609 1116 τε
625 1056 748 1136 ἐγίνοντο
761 1060 790 1115 αἱ
802 1059 865 1132 νῆές
877 1067 934 1134 σφι

132 1146 218 1226 ἄγειν·
248 1146 294 1203 καὶ
317 1145 411 1203 ἔπειτα
431 1144 548 1220 ἀφέντες
570 1144 622 1220 τήν
646 1143 756 1220 Κάρνον
780 1146 880 1204 ἔπλεον
907 1154 934 1211 ές

88 1238 143 1297 Ῑιιί
154 1232 275 1315 Ῥήγιον,
309 1237 369 1291 Τῶν
386 1233 416 1291 δὲ
432 1233 652 1309 διαφθαρεισέων
669 1237 736 1291 νεῶν
749 1232 813 1295 τούς
825 1232 932 1311 ἄνδρας,

134 1324 164 1383 οἵ
177 1348 208 1382 τε
222 1320 411 1400 Καρχηδόνιοι
429 1322 474 1379 καὶ
491 1324 518 1379 οἱ
533 1322 671 1397 Τυρσηνοὶ
686 1319 788 1398 ἔλαχόν
800 1347 832 1380 τε
844 1322 934 1383 αὐτῶν

132 1415 231 1488 πολλῷ
243 1411 364 1477 πλείους,
376 1409 421 1467 καὶ
433 1408 546 1471 τούτους
559 1408 739 1489 ἐξαγαγόντες
752 1410 933 1472 κατέλευσαν.

134 1499 204 1575 μετά
217 1499 254 1568 δὲ,
268 1497 468 1577 Ἀγυλλαίοισι
480 1495 572 1556 πάντα
583 1496 620 1555 τά
633 1495 769 1573 παριόντα
780 1496 830 1556 τόν
841 1504 934 1576 χῶρον

134 1593 163 1646 ἐν
182 1590 220 1665 τῷ
242 1590 268 1645 οἱ
290 1586 424 1647 Φωκαιέες
448 1586 682 1648 καταλευσθέντες
705 1586 801 1644 ἐκέατο
828 1583 933 1666 ἐγίνετο
985 1638 988 1643 .

133 1674 292 1752 διάστροφα
309 1674 355 1732 καὶ
372 1674 482 1749 ἔμπηρα
498 1673 544 1731 καὶ
560 1671 739 1748 α’πόπληκτα,
754 1672 853 1749 ὁμοίως
866 1675 931 1751 πρό-ι

132 1764 210 1837 βατα
226 1763 272 1820 καὶ
287 1760 423 1840 ὑποζύγια
441 1761 487 1818 καὶ
505 1759 653 1837 ἄνθρωποι·
675 1764 702 1819 οἱ
738 1764 749 1818 ὲ
766 1759 934 1840 Ἀγυλλαῖοι

133 1855 160 1912 ές
186 1847 318 1923 Δελφοός
349 1849 473 1925 ἔπεμπον
498 1847 670 1924 βουλόμενοι
696 1847 857 1908 ἀκέσασθαι
881 1850 933 1926 τήν

133 1943 286 2021 ἁμαρτάδα,
306 1942 325 2018 ή
346 1944 376 2002 δὲ
397 1943 490 2019 Πυθίη
511 1944 603 2018 σφέας
625 1943 755 2001 ἐκέλευσε
774 1944 878 2004 ποιέειν
897 1946 933 2006 τά

132 2033 178 2091 καὶ
191 2036 239 2092 νῦν
256 2035 284 2091 οἱ
296 2030 462 2111 Ἀγυλλαῖοι
481 2033 520 2090 ἔτι
534 2031 717 2090 ἐπιτελέουσι·
740 2030 785 2088 καὶ
799 2031 855 2111 γάρ
874 2038 931 2092 ε’να-

133 2120 243 2200 γίζουσί
250 2127 305 2196 σφι
315 2119 451 2200 μεγάλως,
463 2120 509 2178 καὶ
519 2118 612 2199 αἶγῶνα
621 2118 754 2199 γυμνικόν
764 2120 809 2177 καὶ
820 2121 933 2182 ἱππικόν

131 2212 275 2267 ἐπιστᾶσι.
297 2208 343 2266 καὶ
357 2205 432 2265 οὗτοι
446 2209 498 2283 μὲν
510 2211 565 2266 τῶν
575 2207 719 2266 Φωκαιέων
728 2206 843 2286 τοιούτῳ
856 2209 933 2289 μόρῳ

132 2295 325 2374 διεχρήσαντο·
347 2298 374 2352 οἱ
391 2295 419 2353 δὲ
439 2294 528 2353 αὐτῶν
544 2299 571 2357 ἐς
586 2294 619 2354 τό
633 2293 745 2373 Ῥήγιον
759 2297 932 2376 καταφυγόν-

130 2409 183 2453 τες,
205 2385 328 2443 ένθεῦτεν
349 2381 517 2458 ὁρμειόμενοι
536 2382 688 2457 ἐκτήσαντο
706 2382 791 2441 πόλιν
810 2386 863 2462 γῆς
882 2389 933 2460 τῆς

132 2472 282 2548 Οἱνωτρίης
294 2469 405 2545 ταύτην,
423 2470 483 2545 ἥτις
500 2475 549 2530 νῦν
560 2470 645 2546 Ὑέλη
660 2471 797 2528 καλέεται·
820 2472 934 2532 ἔκτισαν

131 2559 161 2617 δὲ
180 2559 290 2635 ταύτην,
311 2558 382 2635 πρός
397 2554 494 2635 ἀνδρός
508 2558 734 2634 Ποσειδωνιήτεω
746 2558 883 2633 μαθόντες
897 2560 933 2624 οἷς

129 2646 179 2705 τόν
193 2645 302 2721 Κύρνον
315 2652 372 2721 σφι
386 2646 405 2721 ή
419 2647 512 2723 Πυθίη
527 2647 629 2725 ἔχρησε
644 2647 737 2705 κτίσαι
751 2645 824 2722 ήρων
843 2647 933 2719 ἐόντα,

86 2825 142 2882 168
191 2823 315 2898 Φωκαίης
329 2822 382 2896 μέν
400 2848 448 2883 νυν
463 2825 528 2900 πέρι
543 2826 593 2897 τῆς
610 2827 638 2880 ἔν
654 2821 742 2900 Ἰωνίη
757 2820 841 2884 οὕτως
855 2823 932 2901 ἔσχε.

129 2909 317 2986 παραπλήσια
330 2910 359 2968 δὲ
372 2912 497 2970 τούτοισι
511 2910 557 2968 καὶ
569 2911 649 2982 Τήϊοι
663 2911 807 2986 ἐποίησαν·
829 2913 891 2969 ἐπεί
902 2938 933 2971 τε

129 2996 185 3077 γάρ
199 3003 295 3072 σφεων
313 2998 371 3056 εἷλε
389 2998 500 3078 χώματι
512 2997 545 3057 τό
558 3004 651 3076 τεῖχος
659 2996 813 3078 Ἀρπαγος,
829 2998 932 3074 ἐσβάν-

128 3109 174 3146 τες
194 3084 294 3147 πάντες
316 3090 343 3148 ἐς
363 3087 398 3145 τά
419 3089 506 3143 πλοῖα
529 3086 640 3164 οἴχοντο
662 3086 795 3148 πλέοντες
817 3086 863 3144 ἐπὶ
882 3091 934 3162 τῆς

112 3171 258 3248 Θρηίκιης,
277 3174 327 3234 καὶ
346 3176 470 3238 ἐνθαῦτα
492 3177 604 3237 ἔκτισαν
624 3172 707 3234 πόλιν
717 3174 860 3251 Ἄβδηρα·
880 3177 932 3249 τήν

93 3253 244 3328 πρότερος
264 3264 378 3328 τούτων
399 3265 603 3345 Κλαζομένιος
618 3262 763 3341 Ἔιμήσιυς
776 3261 886 3328 κτίσας,
897 3260 950 3318 οἱικ

3 3366 8 3389 k

3 3412 5 3433 Ι
