2040 3464
143 117 192 166 174
440 118 622 166 'HPOAOTOT
889 110 937 175 [Π.

143 191 309 270 ἀκμάζουσα
327 196 462 259 Ῥοδῶπις
484 195 550 254 ἀλλ’
573 194 607 254 οῦ
630 193 702 253 κατά
722 195 831 252 τοῦτον·
865 194 939 252 ἔτεσι

142 280 198 360 γάρ
211 280 299 357 κάρτα
317 287 455 342 πολλοῖσι
470 283 589 360 ὕστερον
603 281 708 342 τούτων
723 285 778 341 τῶν
795 279 940 354 βασιλέων

142 372 198 427 τῶν
209 367 259 431 τὰς
271 371 427 447 πυραμίδας
438 370 540 432 ταύτας
549 369 584 445 ἦν
596 369 761 444 λιπομένων,
772 365 940 448 [Ῥοδῶπις]

143 454 241 533 γενεὴν
252 459 304 532 μὲν
322 457 378 517 οἷπό
392 459 521 534 Θρηίκης·
542 457 629 531 δούλη
643 457 672 515 δέ
688 455 723 530 ἦν
734 454 878 531 Ἰάδμονος
890 459 940 513 τοῦ

142 541 388 618 Ἡφαιστοπόλιος
399 545 498 622 άνδρῦς
511 546 627 620 Σαμίου,
640 543 794 605 σύνδουλος
807 543 837 600 δὲ
850 541 940 601 Αἰσιό·

145 655 200 688 που
211 636 261 689 τοῦ
274 636 437 713 λογοποιοῦ·
451 632 565 713 καὶγὰρ
578 629 658 694 οὗτος
666 630 810 707 Ἰάδμονος
822 630 939 708 ἐγένετο,

145 716 182 780 ῶς
200 718 301 788 διέδεξε
317 720 383 797 τῇδε
400 720 450 779 οῦκ
467 719 579 795 ἥκιστα·
601 719 663 777 ἐπεί
678 744 710 776 τε
729 718 784 798 γάρ
801 716 939 781 πολλάκις

145 806 342 881 κηρυσσόντων
360 811 483 883 Δελφῶν
498 813 529 867 ἐκ
546 806 715 882 θεοπροπίου
733 803 784 867 “ός
802 804 941 880 βούλοιτο

143 893 244 968 ποινὴν
262 898 313 968 τῆς
325 894 460 955 Αἰσύπου
480 898 573 974 ψυχῆς
592 891 767 963 όνελέσθαι,”
783 891 872 955 ἄλλος
888 897 941 968 μὲν

145 978 233 1042 ου’δεὶς
258 981 356 1057 ἐφάνη,
382 981 525 1059 Ἰάδμονος
557 983 588 1041 δὲ
620 980 719 1044 παιδός
750 976 824 1049 παῖς,
851 976 941 1043 άλλος

143 1065 268 1145 Ἰάδμων,
295 1069 429 1130 ἀνείλετο·
470 1070 541 1130 οὕτω
570 1071 616 1129 καὶ
641 1071 773 1131 Αἴσωπος
796 1067 941 1143 Ἰάδμονος

99 1156 156 1213 135
166 1157 283 1235 ἐγένετο.
310 1156 444 1222 Ῥοδῶπις
456 1159 486 1217 δὲ
499 1164 526 1222 ἐς
539 1159 682 1239 Αἴγυπτον
694 1155 816 1224 άπίκετο,
827 1155 941 1217 Ξάνθεω

144 1246 195 1301 τοῦ
208 1246 316 1321 Σαμίου
329 1247 505 1323 κομίσαντος·
521 1246 676 1321 α’πικομένη
687 1245 716 1304 δὲ
729 1242 788 1302 κατ’
797 1244 939 1324 ἐργασίην,

145 1330 231 1407 ἐλύθη
246 1332 396 1410 χρημάτων
413 1334 543 1414 μεγάλων
560 1333 614 1394 ῦπδ
631 1331 730 1408 ἀνδρός
747 1333 941 1406 Μυτιληναίου

145 1419 285 1494 Χαράξου,
298 1425 348 1480 τοῦ
365 1422 621 1499 Σκαμανδρωνύμου
639 1420 738 1484 παιδός
757 1418 898 1493 α’δελφεοῦ
910 1420 941 1480 δέ

146 1507 282 1581 Σαπφοῦς
307 1515 357 1584 τῆς
386 1515 570 1585 μουσοποιοῦ·
605 1509 675 1569 οὕτω
701 1508 735 1584 δη
762 1506 781 1583 ἡ
806 1506 941 1572 Ῥοδῶπις

145 1595 324 1672 ἐλευθερώθη,
343 1599 389 1656 καὶ
405 1599 546 1674 κατέμεινέ
556 1623 589 1656 τε
606 1602 634 1658 ἐν
648 1595 779 1676 Αἰγύπτῳ
795 1596 841 1653 καὶ
854 1596 941 1672 κάρτα

145 1683 329 1758 ἐπαφρόδιτος
351 1686 485 1765 γενομένη
505 1684 618 1767 μεγάλα
640 1684 778 1760 ἐκτήσατο
799 1683 940 1760 χρήματα,

146 1768 183 1831 ῶς
198 1766 232 1827 ἂν
250 1771 319 1830 εἶναι
331 1771 474 1842 Ῥοδῶπιν,
488 1773 558 1850 α’τάρ
575 1772 624 1832 οῦκ
645 1772 680 1834 οἷς
698 1797 732 1851 γε
753 1776 780 1833 ἐς
799 1773 939 1848 πυραμίδα

144 1856 274 1932 τοιαύτην
287 1859 436 1927 ἐξικέσθαι·
456 1865 508 1936 τῆς
523 1861 578 1942 γάρ
596 1860 647 1937 την
667 1858 784 1934 δεκάτην
800 1863 855 1918 τῶν
873 1885 940 1937 χρη-

145 1943 239 2019 μάτων
256 1946 363 2007 ἰδέσθαι
377 1949 438 2008 ἐστὶ
452 1951 490 2007 ἐτι
505 1952 550 2007 καὶ
566 1955 593 2011 ἐς
610 1949 674 2008 τόδε
689 1948 773 2006 παντὶ
785 1951 823 2024 τῷ
836 1949 940 2022 βουλο·

144 2031 225 2109 μένῳ,
256 2032 334 2093 οῦδὲν
367 2035 409 2093 δεῖ
435 2036 548 2117 μεγάλα
574 2040 601 2096 οἱ
626 2036 757 2114 χρήματα
790 2034 939 2094 ἀναθεῖναι·

146 2117 305 2196 ἐπεθύμησε
330 2122 385 2203 γάρ
411 2124 545 2187 Ῥοδῶπις
570 2125 710 2201 μνημήϊον
737 2127 837 2199 ἑωυτῆς
857 2128 886 2182 ἐν
904 2128 940 2202 τῇ

144 2205 263 2266 Ἑλλάδι
277 2212 489 2281 καταλιπέσθαι,
503 2214 609 2288 ποίημα
622 2214 798 2288 ποιησαμένη
811 2215 894 2271 τοῦτο
906 2212 939 2271 τῦ

145 2294 185 2372 μη
202 2298 332 2376 τυγχάνει
351 2299 430 2378 ἄλλῳ
450 2301 629 2377 ἐξευρημένον
649 2302 695 2358 καὶ
714 2299 892 2376 ἀνακείμενον
912 2305 940 2359 ἐν

146 2385 201 2461 ἱρῷ,
212 2389 294 2444 τοῦτο
307 2386 446 2447 α’ναθεῖναι
457 2393 484 2450 ἐς
495 2388 626 2463 Δελφοῦς
638 2387 817 2465 μνημόσυνον
830 2391 940 2462 ἑωυτῆς·

145 2475 195 2545 τῆς
213 2471 250 2531 ῶν
263 2473 377 2549 δεκάτης
393 2480 448 2535 τῶν
465 2476 614 2554 χρημάτων
630 2477 806 2552 ποιησαμένη
820 2474 940 2550 όβελοῦς

145 2560 303 2637 βουπόρους
332 2563 458 2626 πολλοῦς
487 2564 639 2641 σιδηρέους,
666 2564 736 2624 ὅσον
768 2563 897 2642 ἐνεχώρεε
920 2561 940 2640 ἡ

146 2646 246 2724 δεκάτη
270 2653 304 2720 οἱ,
329 2649 476 2727 άπέπεμπε
499 2657 526 2715 ἐς
547 2652 687 2728 Δελφούς·
715 2652 742 2711 οἳ
763 2653 809 2710 καὶ
832 2656 880 2711 νῦν
900 2653 941 2711 ἐτι

146 2737 323 2796 συννενέαται
335 2737 436 2799 ὄπισθε
453 2741 504 2816 μὲν
521 2744 571 2798 τοῦ
588 2743 688 2819 βωμοῦ
701 2739 752 2800 τόν
768 2742 836 2798 Χῖοι
847 2738 939 2800 άνέθε·

145 2847 209 2891 σαν,
224 2822 317 2884 άντίον
330 2826 359 2885 δὲ
373 2826 457 2887 αὐτοῦ
470 2831 520 2887 τοῦ
534 2833 608 2903 νηοῦ.
652 2829 785 2904 φιλέουσι
802 2827 834 2887 δέ
846 2853 898 2891 κως
911 2832 940 2890 ἐν

145 2913 181 2988 τῇ
194 2912 338 2990 Ναυκράτι
351 2914 532 2992 ἐπαφρόδιτοι
544 2917 674 2996 γίνεσθαι
688 2920 717 2976 αἶ
729 2919 843 2992 ἑταῖραι·
856 2921 939 2976 τοῦτο

144 2998 265 3080 μὲνγὰρ
285 3000 362 3077 αῦτη,
377 3006 427 3077 τῆς
444 3004 508 3079 πέρι
526 3004 639 3085 λέγεται
657 3003 703 3064 ὅδε
720 3003 736 3064 ό
755 3003 850 3085 λόγος,
870 3002 939 3063 οὕτω

139 3083 179 3161 δή
202 3112 230 3147 τι
252 3089 350 3167 κλεινὴ
375 3090 482 3172 ἐγένετο
505 3091 540 3154 ῶς
563 3094 609 3151 καὶ
630 3091 731 3155 πάντες
753 3094 780 3151 οἱ
800 3090 940 3167 Ἕλληνες

131 3170 288 3244 Ῥοδώπιος
308 3180 342 3242 τό
364 3178 476 3260 οῦνομα
495 3181 640 3260 ἐξέμαθον·
673 3183 758 3239 τοῦτο
776 3179 812 3236 δε
825 3178 938 3252 ῦστεηον

116 3260 235 3342 rafim,
260 3274 302 3351 τῇ
322 3268 441 3351 οῦνομα
461 3269 498 3350 ἦν
515 3270 673 3351 Ἀρχιδίκη
694 3264 824 3340 ἀοίδιμος
840 3262 896 3319 &VR
911 3261 958 3333 ¹³31*
