2040 3464
86 106 227 170 Ill-116]
397 109 624 156 ΜΕΛΠΟΜΕΝΗ,
839 114 885 160 325

84 191 172 247 ταῦτα
185 187 255 265 πρός
265 185 330 250 τοὺς
343 187 468 250 λοιπούς·
482 193 518 266 τῇ
532 188 561 246 δὲ
575 188 716 268 δευτεραίῃ
728 187 801 264 ἦλθε
815 196 842 254 ἐς
853 191 887 251 τό

85 276 187 353 χωρίον
201 273 284 338 αὑτός
297 300 327 334 τε
342 271 430 344 οὗτος,
442 277 487 333 καὶ
502 277 595 352 ἕτερον
607 275 668 357 ἦγε,
679 279 724 335 καὶ
737 277 789 352 τήν
801 278 887 354 Ἀμα-

85 363 151 434 ζόνα
166 361 227 441 εὗρε
242 364 370 439 δευτέρην
384 363 470 439 αὑτήν
483 364 686 440 ὑπομένουσαν·
709 369 734 424 οἳ
748 357 777 424 δέ
791 368 887 425 λοιποὶ

84 453 224 526 νεηνίσκοι
241 449 277 513 αῖς
293 449 427 511 ἐπύθοντο
443 456 531 511 ταῦτα
548 452 593 510 καὶ
607 452 685 512 αὐτοὶ
699 454 887 514 ἐκτιλώσαντο

83 539 134 602 τάς
148 539 249 601 λοιπάς
258 543 314 598 τῶν
326 538 493 615 Ἀμαζόνων,
532 539 613 598 Μετά
628 541 665 613 δὲ,
680 542 867 617 συμμίξαντες
877 544 934 601 114

83 627 119 686 τά
140 627 317 705 στρατόπεδα
338 628 428 686 οἴκεον
449 626 526 703 ὁμοῦ,
542 631 659 708 γυναῖκα
680 630 749 707 ἔχων
770 629 887 692 ἕκαστος

84 714 188 792 ταύτην
206 720 241 794 τῇ
257 714 289 774 τό
306 719 416 792 πρῶτον
433 716 597 793 συνεμίχθη·
618 716 670 791 τὴν
683 717 713 774 δὲ
726 717 822 792 φωνήν
834 717 886 793 τὴν

82 805 135 878 μὲν
157 809 211 863 τῶν
232 807 368 884 γυναικῶν
390 805 417 861 οἱ
439 802 534 879 ἄνδρες
555 801 604 862 οὑκ
626 804 752 863 ἐδυνέατο
774 806 882 881 μαθεῖν,

83 890 135 966 τ’ἡν
149 892 178 950 δὲ
191 896 245 950 τῶν
259 890 365 967 άνδρῶν
378 895 407 950 αἱ
424 895 551 972 γυναῖκες
569 892 740 968 συνέλαβον.
783 895 842 951 ἐπεὶ
856 893 885 952 δὲ

84 985 208 1055 συνῆκαν
230 979 372 1054 ἀλλήλων,
388 979 485 1048 ἔλεξαν
497 979 567 1056 πρὺς
580 979 629 1042 τοῖς
648 979 804 1057 Ἀμαζόνας
819 981 886 1040 τάδε

84 1071 112 1126 οῖ
133 1067 237 1144 ἅνδρες·
260 1078 277 1103 “
286 1067 353 1144 ἡμῖν
376 1069 431 1126 εἶσὶ
452 1070 504 1144 μὲν
524 1069 624 1137 τοκέες,
641 1069 696 1127 εἰσὶ
716 1069 746 1127 δὲ
764 1069 884 1144 κτήσεις·

82 1157 132 1214 νῦν
151 1155 186 1216 ὧν
202 1158 301 1233 μηκέτι
319 1160 425 1215 πλεῦνα
443 1155 545 1234 χρόνον
561 1155 627 1231 ζόην
644 1154 752 1230 τοιήνδε
771 1158 884 1234 ἔχωμεν·

83 1242 150 1300 ἀλλ’
165 1243 334 1306 ἀπελθόντες
348 1249 376 1304 ἐς
388 1242 421 1302 τὺ
436 1245 547 1318 πλῆθος
559 1243 734 1318 διαιτώμεθα·
755 1248 886 1323 γυναῖκας

83 1330 113 1388 δὲ
136 1333 233 1408 ἕξομεν
253 1331 346 1407 ὑμέας,
361 1333 407 1390 καὶ
425 1330 560 1408 οὑδαμέας
576 1329 691 1393 ὄλλας.”
733 1333 760 1389 αῖ
774 1331 804 1389 δὲ
816 1331 886 1408 πρός

82 1424 171 1477 ταῦτα
189 1420 285 1488 ἔλεξαν
299 1419 374 1478 τάδε·
396 1430 413 1455 “
422 1419 501 1495 ἡμεῖς
514 1418 564 1478 οὑκ
578 1417 612 1478 ἂν
626 1419 775 1495 δυναίμεθα
789 1421 886 1480 οἰκέειν

82 1507 154 1583 μετοὶ
168 1512 223 1567 τοῖν
236 1507 373 1584 ὑμετέρων
387 1512 531 1588 γυναικῶν·
546 1506 578 1566 οὑ
591 1506 646 1586 γάρ
656 1507 691 1566 τά
703 1507 773 1566 αὑτά
784 1506 885 1584 νόμαια

82 1594 149 1670 ἡμῖν
163 1621 193 1654 τε
208 1596 253 1654 καὶ
267 1597 376 1674 κείνῃσί
388 1602 458 1655 ἐστι·
479 1595 559 1671 ἡμεῖς
570 1599 622 1672 μὲν
634 1595 782 1671 τοξεύομέν
794 1622 825 1654 τε
839 1596 885 1654 καὶ

84 1682 266 1759 οἷκοντίζομεν
283 1686 329 1742 καὶ
349 1683 532 1760 ἱππαζόμεθα,
548 1685 615 1764 ἔργα
633 1684 663 1742 δὲ
675 1683 821 1764 γυναικήῖα
834 1683 884 1742 οὑκ

83 1771 233 1846 ἐμάθομεν·
262 1776 291 1831 αἱ
304 1772 333 1830 δὲ
346 1771 475 1847 ὑμέτεραι
487 1776 613 1853 γυναῖκες
626 1772 729 1831 τούτων
740 1775 792 1848 μὲν
805 1771 884 1832 οὐδὲν

81 1864 137 1918 τῶν
158 1859 238 1935 ἡμεῖς
260 1861 444 1935 κατελέξαμεν
464 1865 584 1929 ποιεῦσι,
603 1860 669 1940 ἔργα
690 1861 719 1918 δὲ
738 1860 884 1940 γυναικήῖα

83 1948 245 2027 ἐργάζονται
259 1950 394 2024 μένουσαι
405 1953 434 2007 ἐν
447 1951 515 2026 τῇσι
526 1947 658 2027 ἁμάξῃσι,
669 1947 724 2007 οὔτ’
736 1949 781 2007 ἐπὶ
796 1948 883 2025 θήρην

83 2038 177 2094 ἰοῦσαι
191 2035 253 2094 οὔτε
267 2035 344 2115 ἄλλῃ
359 2035 476 2113 οὐδαμῇ·
491 2035 542 2094 οὑκ
556 2034 589 2095 ἂν
602 2035 638 2095 ὧν
652 2036 802 2112 δυναίμεθα
816 2037 883 2094 ἐκεί-

83 2149 149 2200 νῃσι
163 2125 370 2200 συμφέρεσθαι.
399 2123 464 2182 ἀλλ’
477 2128 499 2182 εἰ
512 2123 657 2199 βούλεσθε
667 2129 797 2204 γυναῖκας
811 2125 884 2202 ἔχειν

82 2209 170 2286 ἡμέας
190 2213 236 2269 καὶ
258 2212 360 2270 δοκέειν
382 2211 451 2271 εἶναι
473 2211 649 2280 δικαιότατοι,
664 2210 791 2273 ἐλθόντες
806 2212 882 2287 παρά

82 2298 147 2360 τοὺς
159 2301 257 2361 τοκέας
270 2299 429 2377 ἀπολάχετε
442 2303 497 2358 τῶν
515 2299 660 2374 κτημάτων
678 2299 710 2356 τό
723 2300 816 2374 μέρος·
838 2300 883 2357 καὶ

83 2388 177 2445 ἔπειτα
191 2387 319 2450 ἐλθόντες
329 2389 459 2463 οἰκέωμεν
469 2387 515 2446 ἐπὶ
525 2386 616 2462 ἡμέων
627 2385 753 2445 αὑτέων·”
772 2385 863 2445 Ἐπεί·
875 2388 930 2445 115

84 2477 166 2535 θοντο
184 2477 229 2534 καὶ
246 2477 382 2550 ἐποίησαν
399 2480 487 2536 ταῦτα
506 2477 532 2533 οἱ
546 2475 694 2549 νεηνίσκοι.
737 2476 798 2533 ἐπεί
808 2501 839 2533 τε
853 2475 883 2533 δὲ

83 2563 275 2643 ἀπολαχόντες
297 2569 352 2623 τῶν
376 2563 521 2639 κτημάτων
544 2562 576 2622 τὺ
601 2561 768 2637 ἐπιβάλλον,
794 2561 883 2638 ἦλθον

82 2652 174 2712 ὀπίσω
188 2651 265 2727 παρά
278 2651 327 2715 τοῖς
340 2651 502 2727 Ἀμαζόνας,
519 2651 615 2720 ἔλεξαν
630 2653 658 2709 αἱ
674 2655 800 2730 γυναῖκες
813 2650 883 2727 πρὺς

82 2739 182 2802 αὑτοὺς
202 2739 276 2798 τάδε·
299 2751 315 2774 “
323 2739 411 2815 ἡμέας
432 2741 488 2817 ἔχει
509 2739 604 2814 φόβος
623 2764 653 2796 τε
672 2739 718 2796 καὶ
731 2739 798 2810 δέος,
814 2738 882 2801 ὅκως

82 2829 138 2906 χρὴ
158 2829 255 2887 οἰκέειν
275 2834 304 2887 ἐν
320 2829 388 2906 τῷδε
401 2832 438 2905 τῷ
455 2827 543 2906 χώρῳ,
557 2830 640 2885 τοῦτο
653 2828 704 2901 μὲν
717 2825 802 2902 ὑμέας
814 2826 882 2885 α’πο-

82 2916 263 2992 στερησάσας
276 2917 408 2992 πατέρων,
418 2920 500 2974 τοῦτο
515 2915 543 2974 δὲ
556 2915 606 2989 τὴν
620 2919 673 2996 γῆν
687 2915 737 2989 τὴν
748 2914 882 2990 ὑμετέρην

82 3004 279 3080 δηλησαμένας
301 3004 408 3063 πολλά·
436 3002 502 3062 ἀλλ’
524 3005 585 3061 ἐπεί
606 3030 636 3062 τε
660 3003 769 3072 ἀξιοῦτε
792 3002 880 3079 ἡμέας

81 3097 214 3174 γυναῖκας
233 3093 312 3171 ἐχειν,
327 3091 393 3150 τάδε
411 3093 518 3150 ποιέετε
531 3089 590 3167 ἅμα
603 3090 678 3167 ἡμῖν·
701 3091 807 3167 φέρετε,
823 3091 853 3160 ἐξ
871 3126 882 3135 -

82 3181 242 3256 ναστέωμεν
256 3186 286 3238 ἐκ
298 3184 348 3256 τὴς
361 3184 414 3262 γῆς
426 3179 525 3256 τῆσδε,
540 3179 587 3238 καὶ
599 3177 897 3256 περήσαντεςῖόνιίω

77 3269 207 3346 ποταμόν
221 3269 382 3347 οἶκέωμεν·”
423 3269 602 3332 Ἐπεῖθοντο
619 3269 669 3328 καλ
680 3269 780 3325 ‘mim
793 3264 826 3317 οἳ
838 3251 981 3393 υἱὛΧΧἾ
