2040 3464
117 148 209 212 7-11]
470 147 584 196 κιαιο.
899 150 915 196 ι

116 228 293 287 συνεκδύεται
309 229 355 286 καὶ
371 227 423 304 τήν
439 227 506 287 αἰδῶ
522 227 603 308 γυνή.
642 226 733 286 πάλαι
748 226 778 286 δὲ
792 226 829 286 τά
843 226 917 287 καλά

116 313 287 391 ἀνθρώποισι
298 315 448 392 ἐξεύρηται,
463 319 493 374 ἐκ
506 319 561 375 τῶν
573 313 722 391 μανθάνειν
733 314 782 374 δεῖ·
797 319 827 374 ἐν
838 317 917 374 τοῖσι

117 400 146 460 ἐν
163 401 227 462 πόδε
243 403 313 472 ἐστὶ,
330 403 461 462 σκοπέειν
477 401 540 462 τινά
554 401 591 461 τοὶ
606 405 716 460 ἑωυτοῦ·
738 406 791 483 ἐγω
809 401 839 460 δὲ
855 401 914 460 πεί-

115 489 227 565 θομαιέ
228 489 318 566 κείνην
332 490 401 549 ειναι
413 489 527 549 πασέων
538 493 674 569 γυναικῶν
688 488 852 598 καλλίστην,
867 489 917 548 καί

113 601 166 634 σεο
179 575 276 652 δέομαι
293 601 333 653 μη
325 575 498 636 δέεσθαι’
480 573 616 652 ανόμων.”
655 574 742 633 ‘O
709 601 760 651 μεν
773 575 808 651 δή
821 578 943 657 λέγων9

112 669 227 724 τοιαῦτα
250 662 419 744 άπεμάχετο,
441 663 582 741 ἀρρωδέων
604 662 645 738 μή
665 688 693 722 τι
713 690 739 722 οι
730 662 845 733 “ἐ’ξ
811 665 914 724 αυτέων

112 753 225 833 γένηται
239 751 332 811 κακόν·
349 751 405 812 ὁδέ
418 751 666 828 ἅμείβετοτοῖσδε·
684 761 701 786 “
711 749 810 827 θάρσει
823 751 910 833 Γύγη·
964 756 967 825 ξ

111 840 158 898 καὶ
175 838 217 915 μή
234 840 328 915 φοβεῦ
347 838 420 916 μήτε
438 843 494 915 ἐμὲ,
511 837 547 902 ώς
566 865 618 898 σεο
637 838 808 914 πειρώμενον
822 838 911 920 λόγον

111 925 198 996 τόνδε,
216 927 288 1003 μήτε
305 931 422 1006 γυναῖκα
442 925 493 1002 τήν
514 925 591 1004 ἐμήν,
607 925 648 1003 μα’
665 952 693 985 τι
712 952 757 986 τοι
777 926 808 996 ἐξ
827 926 913 1005 αὐτῆς

110 1014 224 1093 γένηται
236 1013 361 1090 βλάβος·
379 1013 469 1093 ἀρχήν
479 1013 533 1095 γάρ
548 1012 601 1095 ἐγώ
614 1012 817 1093 μηχανήσομαι
831 1012 909 1085 οὕτω,

111 1100 185 1161 ὥστε
201 1101 273 1179 μηδὲ
288 1103 389 1179 μαθεῖν
406 1128 454 1178 μιν
470 1101 611 1178 ὀφθεῖσαν
627 1100 682 1161 ῦπό
702 1105 763 1161 σεῦ·
784 1100 838 1185 ἐγώ
854 1102 910 1183 γάρ

110 1214 145 1248 σε
159 1194 187 1252 ἐς
199 1189 232 1249 τό
247 1190 349 1266 οἴκημα
362 1194 392 1249 ἐν
403 1192 443 1268 τῷ
456 1188 615 1266 κοιμώμεθα
625 1188 728 1249 ὄπισθε
740 1193 789 1265 τῆς
800 1188 908 1272 α’νσιγο-

109 1277 193 1353 μένης
206 1276 291 1353 θύρης
304 1276 411 1353 στήσω
427 1276 498 1353 μετὰ
508 1276 531 1336 δ’
545 1279 594 1354 ἐμὲ
604 1276 758 1336 ἐσελθόντα
770 1278 909 1355 παρέσται

110 1389 156 1423 και
145 1363 194 1440 ή
214 1363 284 1446 γυνή
304 1390 323 1440 η
315 1363 431 1440 ἐμή’
418 1391 446 1427 ες
466 1367 567 1424 κοῖτον.
589 1368 676 1423 κεῖται
696 1364 725 1422 δὲ
749 1363 838 1446 οἷγχοῦ
857 1369 909 1440 τῆς

108 1451 209 1511 ἐσόδου
233 1450 382 1529 θρόνος·’
369 1453 415 1511 επὶ
440 1456 540 1512 τοῦτον
562 1455 618 1511 τῶν
642 1451 755 1528 ἱματίων
782 1450 853 1511 κατά
880 1453 909 1513 ἐν

109 1539 228 1600 ἕκαστον
244 1538 396 1599 ἐκδύνουσα
413 1538 503 1615 θήσει,
519 1539 564 1597 καὶ
583 1537 641 1597 κατ’
658 1537 789 1645 ήσυχίην
796 1540 909 1615 πολλήν

108 1627 220 1704 παρέξει
239 1651 284 1686 τοι
304 1626 472 1702 θεήσασθαι.
515 1625 598 1686 ἐπεάν
617 1624 682 1685 δὲ’
665 1652 720 1730 απρ
738 1651 784 1685 τοι
776 1626 907 1703 θρόνου

107 1715 208 1793 στείχη
223 1714 268 1774 ἐπὶ
280 1714 332 1790 τήν
346 1713 427 1791 εύνήν
440 1713 511 1773 κατά
525 1713 613 1774 νώτου
628 1739 660 1773 τε
676 1711 760 1790 αὐτῆς
763 1714 847 1825 γένη,
859 1715 907 1775 σοὶ

106 1802 214 1878 μελέτω
233 1829 267 1863 το
259 1801 449 1862 ἐνθεῦτεν’
433 1828 502 1865 οκως
522 1801 564 1907 μή
585 1827 620 1861 σε
643 1800 787 1881 ὅψεται”
762 1829 838 1862 ιοντα
859 1801 905 1861 διαὶ

106 1889 218 1966 θυρέων.
219 1888 235 1908 ”
274 1888 356 1948 ‘O
322 1916 375 1967 μεν
388 1889 467 1965 δή,
446 1916 482 1952 ως
498 1889 548 1948 οῦκ
564 1889 677 1949 ἐδύνατο
690 1888 952 2000 &amye'ewfflO
871 1917 906 1966 ην

106 1979 224 2053 ἑτοῖμος
241 2004 258 2037 ο
250 1975 301 2036 δέ
316 1977 513 2052 Κανδαύλης’
499 2003 560 2036 επει
549 1976 702 2037 ἐδόκεε“’
681 2003 737 2054 ωρη
750 1980 801 2053 τῆς
814 1979 906 2054 κοίτης

105 2063 183 2135 εἶναι,
193 2062 283 2146 ἤγαγε
295 2064 345 2125 τόν
355 2063 447 2146 Γύγεα
460 2069 488 2127 ἐς
500 2064 533 2125 τό
545 2064 655 2140 οἴκημα·
675 2066 721 2123 καὶ
734 2063 805 2141 μετοὶ
817 2070 905 2125 ταῦτα

104 2149 203 2211 αῦτίκα
212 2156 305 2230 παρῆν
314 2151 388 2228 καὶῆ
401 2151 481 2233 γυνή·
496 2152 672 2212 ἐσελθοῦσαν
681 2151 711 2211 δὲ
721 2153 767 2210 καὶ
776 2153 904 2214 τιθεῖσαν

102 2238 139 2297 τά
149 2239 249 2316 εἵματα
263 2240 370 2315 ἐθηεῖτο
384 2239 400 2300 ὁ
411 2241 511 2320 Γύγης·
529 2239 564 2302 ὥς
574 2239 603 2298 δὲ
617 2237 687 2299 κατά
697 2238 784 2300 νώτου
795 2240 903 2320 ἐγένετο

104 2325 200 2403 ἰούσης
220 2329 270 2402 τῆς
287 2325 417 2407 γυναικός
434 2332 463 2390 ἐς
481 2325 534 2403 τήν
552 2328 654 2402 κοίτην,
667 2325 784 2389 ῦπεκδῦς
801 2325 902 2406 ἐχώρεε

103 2414 163 2484 ἔξω·
184 2414 231 2475 καὶ
246 2413 267 2491 ἦ
283 2414 353 2496 γυνή
373 2417 461 2493 ε’πορᾷ
477 2440 527 2490 μιν
543 2413 658 2484 ἐξιόντα,
671 2415 804 2491 μαθοῦσα
822 2415 852 2474 δὲ
869 2415 902 2475 τό

102 2503 218 2578 ποιηθὲν
238 2507 268 2562 ἐκ
288 2506 339 2562 τοῦ
357 2501 456 2579 ἀνδρός
475 2501 538 2562 οὔτε
556 2501 699 2579 ἅνέβωσεν
718 2503 903 2582 αἰσχυνθεῖσα

102 2587 166 2649 οὔτε
191 2590 266 2659 ἔδοξε
291 2590 413 2667 μαθέειν,
438 2595 467 2649 ἐν
492 2588 546 2669 νόιρ
569 2591 675 2669 ἔχουσα
698 2590 830 2650 τίσεσθαι
852 2588 902 2650 τόν

102 2677 278 2737 Κανδαύλεα·
300 2676 376 2756 παρά
393 2675 449 2759 γάρ
462 2681 538 2736 τοῖσι
553 2678 680 2747 Λυδοῖσι,
694 2676 797 2756 σχεδόν
810 2677 840 2736 δὲ
856 2678 902 2736 καὶ

100 2764 178 2842 παρά
190 2769 266 2824 τοῖσι
282 2763 402 2824 άλλοισι
415 2763 602 2841 βαρβάροισι,
616 2765 662 2823 καὶ
678 2763 763 2841 ἄνδρα
779 2764 902 2840 ὀφθῆναι

100 2851 207 2932 γυμνόν
227 2857 254 2915 ἐς
274 2851 410 2931 αἰσχύνην
429 2852 557 2933 μεγάλην
575 2853 664 2928 φέρει.
705 2852 776 2911 Τότε
793 2853 845 2928 μὲν
866 2851 944 2928 δήΙῙ

100 2937 186 3002 οὕτως
204 2937 283 2999 οῦδὲν
300 2938 457 3015 δηλώσασα
476 2938 598 3018 ήσυχίην
619 2939 685 3018 εἶχε·
707 2938 743 3003 ώς
763 2939 792 2998 δὲ
811 2937 901 3016 η’μέρη

99 3025 223 3107 τάχιστα
242 3026 375 3138 ἐγεγόνεε,
395 3031 451 3087 τών
472 3029 596 3087 οἰκετέων
616 3027 680 3090 τοῦς
696 3026 825 3104 μάλιστα
842 3026 899 3103 ὥρα

99 3113 217 3178 πιστοῦς
238 3112 332 3177 ἐόντας
352 3140 438 3193 εωυτη
459 3114 585 3190 ἑτοίμους
602 3115 792 3190 ποιησαμένη,
805 3112 910 3172 ἐκάλεε

98 3201 260 3284 τόνΓύγεα·
274 3228 291 3263 ο
284 3201 335 3263 δὲ
349 3200 429 3266 οῦδὲν
443 3201 595 3266 δοκέων
563 3200 653 3280 αυτῆν
667 3228 725 3263 ταν
739 3199 932 3308 πρηγῷἒνςωυ

90 3288 272 3364 ἐπιστασθαι,
285 3291 361 3372 ἦλθε
373 3294 466 3358 καλεο
469 3322 566 3376 μενος
583 3289 724 3355 ἐώθεε
685 3315 750 3372 γαρ
762 3312 815 3348 και
793 3279 966 3358 τροπῆς,
