2040 3464
933 37 942 56 Ι

124 112 172 160 τοι
430 113 613 161 Ἧνοιονον
862 109 922 175 [lv.

124 189 224 251 θυσίας
241 191 378 254 ἐπετείους
393 191 573 270 προσάγουσι
591 188 742 265 προβάτων
762 190 809 248 καὶ
826 190 923 261 ἵππων,

124 277 171 334 καὶ
188 276 221 350 δη
239 279 284 335 καὶ
304 278 392 337 τοῖσδ’
407 280 447 337 ἐτι
467 278 544 336 πλέω
565 277 664 336 θύουσι
678 275 696 350 ἢ
710 280 788 335 τοῖσι
808 275 924 335 άλλοισι

87 412 91 419 .
124 363 223 422 θεοῖσι·
244 363 328 427 ὅσους
347 365 369 423 δ’
386 363 420 424 ἂν
435 370 491 424 τῶν
506 364 651 440 πολεμίων
671 362 847 444 ζωγρήσωσι,
866 363 921 422 ἀπό

123 455 178 509 τῶν
199 451 295 511 ἔκατάν
316 451 421 529 ἀνδρῶν
437 451 524 528 ἀνδρα
540 452 587 510 ἕνα
607 450 714 519 θύουσι,
728 450 823 530 τρόπῳ
837 450 870 510 ού
887 457 924 528 τῷ

125 537 197 616 αὐτῷ
217 537 238 615 ᾧ
259 540 304 596 καὶ
323 539 359 597 τά
379 539 520 616 πρόβατα,
542 537 608 596 ἀλλ’
629 538 748 615 ἑτεροίῳ·
770 537 856 597 ἐπεάν
870 538 924 619 γάρ

126 625 201 685 οἶνον
224 627 411 685 ἐπισπείσωσι
435 626 504 685 κατά
531 630 586 685 τῶν
612 626 766 700 κεφαλέων,
789 625 924 700 ἀποσφά-

125 713 206 784 ζουσι
225 713 289 776 τοῦς
309 713 469 790 ἀνθρώπους
489 720 516 777 ἐς
537 713 631 792 άγγος,
645 713 691 770 καὶ
711 713 806 770 ἔπειτα
826 711 925 772 ἀνενεί·

126 825 222 863 καντες
234 800 289 859 ἀνω
303 802 349 859 ἐπὶ
361 801 411 860 τάν
423 800 508 882 ὄγκον
522 805 577 860 τῶν
594 799 741 879 φρυγάνων
756 802 926 878 καταχέουσι

126 887 158 947 τά
172 889 241 962 αἷμα
255 893 304 947 τοῦ
318 887 468 950 ἀκινάκεος·
490 887 544 948 ἀνω
557 890 609 964 μὲν
623 887 656 962 δή
677 889 816 964 φορέουσι
832 893 925 946 τοῦτο·

125 974 198 1032 κάτω
219 976 340 1052 δὲπαρά
357 976 389 1035 τά
412 974 472 1052 ἱράν
492 980 603 1035 ποιεῦσι
621 975 696 1033 τάδε·
717 978 773 1034 τῶν
794 974 926 1050 ἀποσφα-

124 1063 226 1142 γέντων
242 1063 347 1139 ἀνδρῶν
362 1063 426 1126 τούς
447 1063 551 1132 δε,ιοῦς
573 1062 661 1138 ὤμους
680 1061 787 1124 πάντας
801 1060 926 1138 ἀποτάμ-

126 1175 218 1212 νοντες
232 1150 285 1208 σύν
298 1155 366 1228 τῇσι
381 1151 465 1228 χερσὶ
483 1156 511 1213 ἐς
528 1150 577 1210 τάν
593 1150 662 1225 ἠέρα
679 1153 753 1218 ἱεῖσι,
768 1151 816 1208 καὶ
832 1151 925 1209 ἔπειτα

126 1239 173 1295 καὶ
185 1237 221 1296 τοὶ
235 1237 311 1295 ἄλλα
324 1236 491 1314 ἀπέρξαντες
506 1237 581 1314 ἱρήῖα
594 1237 843 1296 ἀπαλλάσσονται·
864 1239 925 1315 χεὶρ

78 1327 115 1384 63
128 1325 156 1382 δὲ
175 1330 210 1403 τῇ
231 1323 265 1383 άν
285 1325 360 1403 πέσῃ
381 1325 479 1394 κέεται,
494 1327 539 1382 καὶ
559 1326 642 1402 χωρὶς
660 1324 676 1383 ὁ
697 1324 801 1402 νεκρός·
822 1327 925 1385 Θυσίαι
990 1363 992 1370 1

128 1412 177 1487 μέν
195 1438 242 1471 νυν
261 1409 344 1470 αὗταί
363 1418 419 1488 σφι
440 1414 614 1481 κατεοπέασι,
629 1411 678 1470 ύσὶ
716 1415 729 1470 ὲ
749 1410 828 1471 οὗτοι
848 1413 925 1472 οὐδὲν

127 1501 280 1574 νομίζουσι·
315 1499 377 1560 οὐδὲ
400 1501 512 1577 τρέφειν
537 1505 566 1559 ἐν
585 1504 620 1578 τῇ
640 1499 718 1578 χώρῃ
738 1499 770 1559 τά
792 1499 925 1576 παράπαν

126 1588 252 1647 λέέλουσι.

80 1677 115 1730 0?
167 1675 209 1732 Τοὶ
235 1674 258 1733 δ’
286 1681 314 1739 ἐς
339 1677 465 1753 πόλεμον
491 1683 591 1755 ἔχοντα
617 1674 670 1734 ὧδέ
695 1681 752 1750 σφι
779 1675 925 1735 διακέεται·

128 1762 210 1822 ίττεάν
232 1762 282 1822 τάν
307 1769 417 1841 πρῶτον
437 1766 523 1841 ἀνδρα
543 1763 694 1840 καταβάλῃ
715 1762 785 1838 ἀνὴρ
807 1765 925 1840 Σκύθης,

129 1855 177 1908 τοῦ
198 1851 313 1926 αἵματος
340 1854 455 1927 ἐμπίνει·
491 1851 575 1914 ὅσους
595 1850 618 1909 δ’
639 1849 673 1909 ἂν
693 1850 821 1929 φονεύσῃ
843 1857 873 1910 ἐν
892 1857 926 1929 τῇ

131 1936 212 2014 μάχη,
233 1940 336 1998 τούτων
362 1939 412 2003 τάς
433 1939 558 2014 κεφαλάς
579 1938 716 2014 ἀποφέρει
735 1943 775 2016 τῷ
794 1941 926 2014 βασιλέϊ·

128 2025 270 2086 ἀπενείκας
282 2029 333 2101 μὲν
345 2026 399 2106 γάρ
415 2027 542 2102 κεφαλὴν
554 2030 605 2102 τῆς
617 2026 699 2101 ληίης
711 2027 927 2102 μεταλαμβάνει

128 2112 178 2186 την
191 2109 225 2169 ἂν
237 2112 360 2188 λάβωσι,
370 2115 410 2189 μη
425 2116 527 2176 ἐνείκας
540 2114 570 2172 δὲ
584 2111 625 2172 οὗ·
642 2112 783 2189 ἀποδείρει
796 2114 828 2172 δὲ
842 2114 927 2189 αύτην

128 2198 219 2277 τρόπῳ
238 2201 342 2278 τοιῷδε·
363 2201 521 2277 περιτομών
541 2201 633 2280 κύκλῳ
652 2202 717 2276 περὶ
737 2200 773 2259 τοὶ
794 2200 860 2272 ὦτα,
882 2204 925 2260 καί

127 2287 288 2363 λαβόμενος
305 2293 355 2364 τῆς
375 2294 500 2364 κεφαλῆς
517 2290 625 2348 ἐκσείει·
646 2289 718 2364 μετά
734 2288 772 2358 δὲ,
787 2291 928 2364 σαρκίσας

128 2375 199 2449 βοάς
218 2381 326 2454 πλευρῇ
347 2376 424 2453 δέψει
443 2381 511 2455 τῇσι
530 2377 622 2455 χερσί·
662 2375 787 2456 ὀργήσος
809 2377 840 2436 δὲ
860 2375 927 2437 αύτό

127 2463 176 2521 ἀτε
196 2464 397 2542 χειρόμακτρον
417 2465 536 2539 ἔκτηται·
558 2469 587 2522 ἐκ
608 2464 638 2522 δὲ
657 2469 713 2522 τῶν
732 2468 859 2542 χαλινῶν
878 2471 928 2525 ’τοῦ

129 2552 214 2610 ἵππου
240 2551 290 2610 τὸν
315 2551 396 2614 αὐτὸς
416 2551 533 2622 ἐλαύνει,
561 2557 591 2611 ἐκ
617 2550 717 2610 τούτου
738 2551 861 2623 ἐξάπτει,
871 2548 928 2614 ’καὶ

126 2639 291 2720 ἀγάλλεται·
306 2639 336 2701 ὃς
348 2639 403 2719 γάρ
418 2638 451 2698 ἂν
464 2644 587 2700 πλεῖστα
601 2639 723 2716 δέρματα
736 2640 928 2718 χειρόμακτρα

85 2745 89 2754 ·
128 2729 186 2805 ἔχῃ,
204 2726 273 2803 ἀνὴρ
292 2726 406 2803 ἀριστος
422 2725 502 2789 οὗτος
519 2729 649 2804 κέκριται·
670 2728 777 2786 πολλοὶ
793 2728 824 2786 δὲ
838 2729 929 2788 αύτῶν

127 2821 158 2875 ἐκ
170 2820 224 2875 τῶν
234 2815 430 2891 ἀποδερμάτων
444 2817 489 2873 καὶ
503 2817 621 2893 χλαίνας
632 2816 793 2875 ἐπείνυσθαι
804 2821 928 2887 ποιεῦσι,

128 2902 332 2980 συρράπτοντες
354 2903 474 2979 κατάπερ
495 2905 605 2979 βαίτας·
639 2903 745 2960 πολλοὶ
767 2903 798 2962 δέ
823 2903 929 2983 ἀνδρῶν

128 2993 234 3068 ἐχθρῶν
246 2990 296 3053 τοὶς
310 2990 400 3060 δεξιάς
411 2996 496 3070 χέρας
508 2995 610 3066 νεκρῶν
620 2989 718 3049 ἐόντων
732 2989 929 3068 ἀποδείραντες

122 3077 237 3139 αύτοῑσι
255 3077 339 3150 ὄνυξι,
353 3079 513 3154 καλύπτρας
527 3082 583 3138 τῶν
599 3078 758 3154 φαρετρέων
774 3084 929 3141 ποιεῦνται·

110 3166 207 3247 ὃῷμα
226 3169 257 3232 δὲ
278 3167 431 3250 ἀνθρώπου
455 3164 502 3227 καλ
521 3167 597 3247 παχὺ
620 3167 666 3225 καλ
680 3166 812 3240 ’λαμπρὸν
825 3167 864 3242 ἦν
876 3167 929 3247 ἀρα

99 3258 222 3337 σχεδόν
249 3260 408 3343 δερμάτων
427 3257 545 3322 πάντων
567 3258 771 3335 λομπρδτατῦν
787 3251 947 3324 ‘WW
