2040 3464
87 105 194 169 ιυ-ιι]
421 107 553 155 emm.
839 111 887 155 ιιι

86 185 213 260 Μέμφιν,
228 185 333 260 έπεμπε
346 184 399 244 οἶνιὶ
414 184 542 261 ποταμόν
557 185 719 262 Καμβύσης
735 185 784 245 νέα
796 191 881 245 Mv‘n¹

84 273 203 347 ληναίην
229 271 335 347 κήρυκα
355 271 481 352 ἄγουσαν
502 272 588 348 ἄνδρα
615 273 739 348 Πέρσην,
764 276 792 334 ἒς
818 270 885 349 ὄμο-

83 360 184 438 λογίην
193 359 418 435 προκαλεόμενος
431 361 608 440 Αἰγυπτίους·
625 364 652 418 οἶ
665 360 703 430 δὲ,
718 359 821 419 ἐπείτε
832 359 886 435 τὴν

84 446 132 506 νέα
155 446 214 505 ἴδον
238 448 414 506 ἐσελθοῦσαν
441 453 469 510 ἐς
494 447 546 523 τὴν
573 449 700 522 Μέμφιν,
725 448 885 526 ε’κχυθέντες

83 533 164 596 α’λέες
177 537 207 591 ἐκ
220 539 270 593 τοῦ
282 535 396 612 τείχεος,
410 534 462 608 τήν
474 560 506 593 τε
522 536 571 594 νέα
588 534 748 610 διέφθειραν
761 536 808 592 καὶ
819 533 883 598 τούς

82 619 185 698 ἄνδρας
209 621 394 701 κρεουργηδὸν
421 621 629 684 διασπάσαντες
655 621 773 698 ἐφόρεον
798 627 826 684 ές
849 621 884 681 τό

82 711 181 786 τεῖχος.
225 709 272 767 καὶ
286 708 436 788 Αἰγύπτιοι
455 711 507 786 μὲν
526 709 598 784 μετὰ
616 712 701 767 τοῦτο
720 708 883 784 πολιορκεύ-

82 820 169 872 μενοι,
183 794 275 874 χρόνῳ
293 796 488 872 παρέστησαν·
509 799 536 854 οἱ
554 796 584 855 δὲ
598 796 751 873 προσεχέες
769 797 883 871 Λίβυες,

83 882 224 946 δείσαντες
241 883 278 941 τοὶ
295 884 360 959 περὶ
378 882 429 943 τόν
448 885 590 964 Αἴγυπτον
606 883 750 963 γεγονότα,
767 884 884 960 παρέδο·

82 995 139 1029 σαν
151 971 244 1046 σφέας
262 969 361 1033 αὐτοὺς
380 969 512 1049 οἷμαχητί·
535 972 580 1029 καὶ
598 970 689 1048 φόρον
703 997 734 1031 τε
750 970 882 1040 ἐτάξαντο

83 1059 131 1116 καὶ
146 1059 221 1136 δῶρα
239 1060 371 1134 ἔπεμπον.
414 1058 450 1120 ὣς
465 1058 495 1117 δὲ
512 1063 665 1135 Κυρηναῖοι
683 1059 729 1116 καὶ
746 1062 882 1135 Βαρκαῖοι

82 1145 224 1208 δείσαντες
244 1145 344 1221 ὁμοίως
364 1144 396 1227 [d
417 1147 463 1204 καὶ
484 1149 510 1204 οἱ
530 1147 643 1221 Λίβυες,
658 1146 737 1222 ἕτερα
756 1145 883 1227 τοιαῦτα]

83 1232 227 1308 ἐποίησαν,
243 1232 406 1308 Καμβύσης
419 1234 448 1292 δὲ
461 1232 498 1292 τοὶ
510 1236 561 1308 μὲν
574 1234 651 1309 παραὶ
660 1232 775 1309 Λιβύων
788 1232 882 1292 ἐλθόν-

81 1346 119 1379 τα
132 1322 206 1397 δῶρα
217 1321 398 1396 φιλοφρόνως
412 1321 531 1390 ἐδέξατο,
541 1321 577 1379 τα
591 1321 620 1378 δὲ
633 1321 709 1397 παρὰ
720 1321 883 1397 Κυρηναίων

82 1407 237 1484 ἀπικόμενα
249 1408 396 1485 μεμφθεὶς,
411 1409 447 1472 οἷς
463 1409 525 1484 ἐμοὶ
539 1408 634 1478 δοκέει,
648 1408 692 1468 ὅτι
710 1408 744 1483 ἦν
758 1408 882 1488 ὀλίγα-

82 1496 210 1572 ἕπεμψαν
235 1496 290 1576 γὰρ
318 1496 352 1570 δὴ
379 1497 564 1571 πεντηκοσίας
589 1497 674 1572 μνέας
700 1495 832 1576 ἀργυρίου
856 1498 883 1554 οἱ

83 1583 379 1659 Κυρηναῖοι-ταύτας
412 1582 613 1661 δρασσόμενος,
641 1583 801 1662 αὐτοχειρίῃ
830 1583 882 1642 διέ-

82 1675 232 1749 σπειρετῇ
247 1675 376 1746 στρατιῇ.
539 1734 548 1755 ’
630 1728 634 1736 ,

122 1756 231 1836 Ἡμέρη
245 1759 274 1816 δὲ
293 1758 393 1836 δεκάτῃ
412 1755 460 1815 ἀπ’
478 1754 512 1832 ἧς
528 1758 676 1834 παρέλαβε
694 1757 727 1817 τό
744 1761 836 1836 τεῖχος
848 1757 928 1820 τόΜ

83 1850 113 1904 ε’ν
126 1846 228 1921 Μέμφι
243 1845 413 1921 Καμβύσης,
428 1845 544 1907 κατίσας
561 1851 588 1908 ἒς
602 1846 635 1904 τὸ
654 1845 823 1922 προάστειον
836 1847 882 1906 ε’πὶ

82 1932 159 2011 λιίμῃ
184 1932 234 1992 τόν
265 1932 394 2008 βασιλέα
421 1936 476 1991 τῶν
504 1934 661 2013 Αἰγυπτίων
690 1933 880 2010 Ψαμμήνιτον,

82 2019 299 2096 βασιλεύσαντα
311 2023 400 2096 μῆνας
414 2019 452 2089 ἓξ,
465 2023 565 2080 τοῦτον
580 2022 704 2091 κατίσας,
718 2022 771 2081 σόν
784 2020 881 2082 ἄλλοι·

82 2133 115 2166 σι
131 2109 310 2188 Αἰγυπτίοισι
325 2107 481 2184 διεπειρᾶτο
498 2107 583 2167 αὐτοῦ
600 2112 650 2184 τῆς
669 2114 767 2187 ψυχῆς,
781 2111 882 2169 ποιέων

83 2195 184 2254 τοιάδε.
225 2196 341 2256 στείλας
367 2193 452 2253 αὐτοῦ
471 2193 523 2269 τὴν
544 2196 681 2276 θυγατέρα
701 2198 800 2273 ε’σθῆτι
820 2198 880 2256 δου·

82 2283 158 2360 ληίῃ,
170 2283 306 2358 ἐξέπεμπε
317 2281 359 2341 ἐπ’
370 2281 441 2358 ὕδωρ
456 2282 575 2360 ἔχουσαν
585 2283 706 2359 ὐδρήῖον·
720 2285 878 2360 συνέπεμπε

83 2370 113 2428 δὲ
139 2371 185 2429 καὶ
212 2370 303 2433 ἄλλος
329 2370 489 2446 παρθένους,
516 2370 656 2439 α’πολέξος
689 2371 793 2446 ἀνδρῶν
825 2375 881 2431 τῶν

82 2456 204 2534 πρώτων,
218 2457 319 2534 ὁμοίως
333 2458 506 2533 ἐσταλμένας
518 2462 553 2535 τῇ
565 2462 616 2516 τοῦ
628 2459 776 2533 βασιλέος·
801 2458 836 2521 ὦς
849 2459 879 2517 δὲ

83 2547 142 2624 βοῇ
168 2571 199 2605 τε
226 2547 272 2604 καὶ
293 2545 427 2622 κλαυθμῷ
450 2548 582 2621 παρῆσαν
604 2549 634 2603 αἶ
655 2546 788 2620 παρθένοι
810 2546 880 2605 κατὰ

84 2633 148 2696 τούς
160 2634 287 2710 πατέρας,
303 2637 329 2691 οἱ
347 2635 398 2708 μὲν
414 2630 499 2690 ἄλλοι
517 2633 633 2708 πατέρες
650 2633 775 2707 α’νεβόων
788 2660 819 2692 τε
833 2635 880 2692 καὶ

83 2719 253 2790 ἀντέκλαιον,
281 2721 405 2797 ὁρέοντες
430 2719 467 2778 τοὶ
489 2720 571 2779 τέκνα
594 2720 777 2796 κεκακωμένα·
811 2720 827 2780 ὁ
850 2722 879 2781 δὲ

83 2809 263 2885 Ψαμμήνιτος
283 2808 404 2886 προῖδιδν
421 2807 466 2865 καὶ
484 2808 588 2882 μαθών,
610 2810 692 2882 ἔκυψε
708 2813 735 2870 ἐς
750 2808 801 2884 την
815 2812 881 2890 γῆν·

82 2897 328 2974 παρεξελθουσέων
343 2897 373 2954 δὲ
392 2899 447 2955 τῶν
467 2894 637 2973 ὑδροφόρων,
652 2893 765 2973 δεύτεραί
784 2899 811 2955 οἱ
831 2898 882 2958 τόν

82 2985 170 3043 παῖδα
188 2986 292 3061 ἔπεμπε
309 2982 368 3060 μετ’
381 2982 477 3042 ἄλλων
493 2984 650 3062 Αἰγυπτίων
670 2983 816 3061 δισχιλίων
829 2986 881 3061 τήν

82 3071 170 3147 αὐτην
186 3071 298 3148 ἡλικίην
316 3071 442 3149 ε’χόντων,
455 3068 521 3131 τους
534 3095 565 3128 τε
582 3069 699 3148 αὐχένας
715 3070 791 3150 κόλιη
809 3073 883 3132 δεδε-

82 3159 182 3236 μένους
198 3160 244 3217 καὶ
261 3158 296 3217 τά
310 3158 449 3236 Ι’στόματα
470 3159 757 3240 ἐγκεχαλινωμένους·
794 3158 909 3238 ’έιηουτο

74 3247 106 3303 δέ
130 3245 232 3321 ποινήν
255 3247 388 3314 τίσοντες
410 3251 625 3328 Μυτιληναίων
645 3253 734 3313 τοῖσι
758 3252 789 3308 ἐν
808 3245 938 3316 ww.
