<?xml version="1.0" encoding="UTF-8"?>
<!DOCTYPE html PUBLIC "-//W3C//DTD XHTML 1.0 Transitional//EN"
    "http://www.w3.org/TR/xhtml1/DTD/xhtml1-transitional.dtd">
<html xmlns="http://www.w3.org/1999/xhtml" xml:lang="en" lang="en">
 <head>
  <title>
</title>
<meta http-equiv="Content-Type" content="text/html;charset=utf-8" />
  <meta name='ocr-system' content='tesseract 3.04.00' />
  <meta name='ocr-capabilities' content='ocr_page ocr_carea ocr_par ocr_line ocrx_word'/>
</head>
<body>
  <div class='ocr_page' id='page_1' title='image "./recensuitjoseph00herogoog_0059.png"; bbox 0 0 2040 3464; ppageno 0'>
   <div class='ocr_carea' id='block_1_1' title="bbox 48 113 953 3336">
    <p class='ocr_par' dir='ltr' id='par_1_1' title="bbox 48 113 953 3336">
     <span class='ocr_line' id='line_1_1' title="bbox 133 113 929 178; baseline 0.005 -19"><span class='ocrx_word' id='word_1_1' title='bbox 133 113 164 159; x_wconf 71' lang='lat'>24</span> <span class='ocrx_word' id='word_1_2' title='bbox 441 115 622 163; x_wconf 74' lang='lat' dir='ltr'>‘HPOAOTOT</span> <span class='ocrx_word' id='word_1_3' title='bbox 894 114 929 178; x_wconf 70' lang='grc' dir='ltr'>[Ι.</span> 
     </span>
     <span class='ocr_line' id='line_1_2' title="bbox 133 191 931 269; baseline 0 -19"><span class='ocrx_word' id='word_1_4' title='bbox 133 194 218 250; x_wconf 76' lang='grc' dir='ltr'>ταῦτα</span> <span class='ocrx_word' id='word_1_5' title='bbox 238 191 407 268; x_wconf 78' lang='grc' dir='ltr'>ἐπειρώτεον.</span> <span class='ocrx_word' id='word_1_6' title='bbox 448 193 549 252; x_wconf 80' lang='grc' dir='ltr'>τῶνδὲ</span> <span class='ocrx_word' id='word_1_7' title='bbox 565 193 704 269; x_wconf 70' lang='grc' dir='ltr'>μαντηίων</span> <span class='ocrx_word' id='word_1_8' title='bbox 722 191 887 268; x_wconf 79' lang='grc' dir='ltr'>ἀμφοτέρων</span> <span class='ocrx_word' id='word_1_9' title='bbox 905 196 931 256; x_wconf 89' lang='grc' dir='ltr'>ἐς</span> 
     </span>
     <span class='ocr_line' id='line_1_3' title="bbox 134 277 931 359; baseline 0.003 -23"><span class='ocrx_word' id='word_1_10' title='bbox 134 277 220 336; x_wconf 77' lang='grc' dir='ltr'>τάυτό</span> <span class='ocrx_word' id='word_1_11' title='bbox 237 282 266 336; x_wconf 81' lang='grc' dir='ltr'>αἱ</span> <span class='ocrx_word' id='word_1_12' title='bbox 281 283 389 358; x_wconf 80' lang='grc' dir='ltr'>γνῶμαι</span> <span class='ocrx_word' id='word_1_13' title='bbox 405 280 586 356; x_wconf 80' lang='grc' dir='ltr'>συνέδραμον,</span> <span class='ocrx_word' id='word_1_14' title='bbox 599 281 791 359; x_wconf 76' lang='grc' dir='ltr'>προλέγουσαι</span> <span class='ocrx_word' id='word_1_15' title='bbox 807 280 931 357; x_wconf 92' lang='grc' dir='ltr'>Κροίσῳ,</span> 
     </span>
     <span class='ocr_line' id='line_1_4' title="bbox 134 362 931 447; baseline 0.004 -24"><span class='ocrx_word' id='word_1_16' title='bbox 134 362 166 440; x_wconf 73' lang='grc' dir='ltr'>ἢν</span> <span class='ocrx_word' id='word_1_17' title='bbox 189 365 372 441; x_wconf 79' lang='grc' dir='ltr'>στρατεύηται</span> <span class='ocrx_word' id='word_1_18' title='bbox 397 368 443 426; x_wconf 80' lang='grc' dir='ltr'>ἐπὶ</span> <span class='ocrx_word' id='word_1_19' title='bbox 468 368 591 443; x_wconf 90' lang='grc' dir='ltr'>Πέρσας,</span> <span class='ocrx_word' id='word_1_20' title='bbox 615 366 741 447; x_wconf 77' lang='grc' dir='ltr'>μεγάλην</span> <span class='ocrx_word' id='word_1_21' title='bbox 768 365 857 445; x_wconf 84' lang='grc' dir='ltr'>οἷρχήν</span> <span class='ocrx_word' id='word_1_22' title='bbox 882 393 931 443; x_wconf 92' lang='grc' dir='ltr'>μιν</span> 
     </span>
     <span class='ocr_line' id='line_1_5' title="bbox 135 453 930 530; baseline 0.005 -20"><span class='ocrx_word' id='word_1_23' title='bbox 135 457 297 512; x_wconf 86' lang='grc' dir='ltr'>καταλῦσαι.</span> <span class='ocrx_word' id='word_1_24' title='bbox 338 453 402 517; x_wconf 71' lang='grc' dir='ltr'>τούς</span> <span class='ocrx_word' id='word_1_25' title='bbox 423 455 452 514; x_wconf 86' lang='grc' dir='ltr'>δὲ</span> <span class='ocrx_word' id='word_1_26' title='bbox 469 454 614 530; x_wconf 80' lang='grc' dir='ltr'>Ἑλλήνων</span> <span class='ocrx_word' id='word_1_27' title='bbox 632 453 835 518; x_wconf 79' lang='grc' dir='ltr'>δυνατωτάτους</span> <span class='ocrx_word' id='word_1_28' title='bbox 851 480 930 514; x_wconf 83' lang='grc' dir='ltr'>συνε·</span> 
     </span>
     <span class='ocr_line' id='line_1_6' title="bbox 133 539 782 619; baseline 0.002 -20"><span class='ocrx_word' id='word_1_29' title='bbox 133 539 269 616; x_wconf 76' lang='grc' dir='ltr'>θούλευάν</span> <span class='ocrx_word' id='word_1_30' title='bbox 282 545 309 600; x_wconf 89' lang='grc' dir='ltr'>οἱ</span> <span class='ocrx_word' id='word_1_31' title='bbox 322 541 467 619; x_wconf 83' lang='grc' dir='ltr'>ἐξευρόντα</span> <span class='ocrx_word' id='word_1_32' title='bbox 481 543 582 617; x_wconf 90' lang='grc' dir='ltr'>φίλους</span> <span class='ocrx_word' id='word_1_33' title='bbox 595 542 782 619; x_wconf 78' lang='grc' dir='ltr'>προσθέσθαι.</span> 
     </span>
     <span class='ocr_line' id='line_1_7' title="bbox 82 627 929 707; baseline 0.005 -22"><span class='ocrx_word' id='word_1_34' title='bbox 82 629 121 688; x_wconf 68' lang='grc' dir='ltr'>δέ</span> <span class='ocrx_word' id='word_1_35' title='bbox 170 627 252 687; x_wconf 85' lang='grc' dir='ltr'>Ἐπεί</span> <span class='ocrx_word' id='word_1_36' title='bbox 262 655 293 688; x_wconf 89' lang='grc' dir='ltr'>τε</span> <span class='ocrx_word' id='word_1_37' title='bbox 306 629 335 688; x_wconf 84' lang='grc' dir='ltr'>δὲ</span> <span class='ocrx_word' id='word_1_38' title='bbox 351 628 542 707; x_wconf 78' lang='grc' dir='ltr'>άνενειχθέντα</span> <span class='ocrx_word' id='word_1_39' title='bbox 558 627 594 688; x_wconf 78' lang='grc' dir='ltr'>τά</span> <span class='ocrx_word' id='word_1_40' title='bbox 610 629 764 705; x_wconf 83' lang='grc' dir='ltr'>θεοπρόπια</span> <span class='ocrx_word' id='word_1_41' title='bbox 779 627 896 688; x_wconf 79' lang='grc' dir='ltr'>ἐπύθετο</span> <span class='ocrx_word' id='word_1_42' title='bbox 913 629 929 689; x_wconf 79' lang='grc' dir='ltr'>ὁ</span> 
     </span>
     <span class='ocr_line' id='line_1_8' title="bbox 130 714 928 796; baseline 0.001 -20"><span class='ocrx_word' id='word_1_43' title='bbox 130 719 263 792; x_wconf 82' lang='grc' dir='ltr'>Κροῖσος,</span> <span class='ocrx_word' id='word_1_44' title='bbox 274 715 419 793; x_wconf 73' lang='grc' dir='ltr'>ὖπερήσθη</span> <span class='ocrx_word' id='word_1_45' title='bbox 433 743 464 777; x_wconf 92' lang='grc' dir='ltr'>τε</span> <span class='ocrx_word' id='word_1_46' title='bbox 476 722 552 776; x_wconf 85' lang='grc' dir='ltr'>τοῖσι</span> <span class='ocrx_word' id='word_1_47' title='bbox 565 718 772 795; x_wconf 85' lang='grc' dir='ltr'>χρηστηρίοισι·</span> <span class='ocrx_word' id='word_1_48' title='bbox 789 714 885 796; x_wconf 91' lang='grc' dir='ltr'>πάγχυ</span> <span class='ocrx_word' id='word_1_49' title='bbox 897 743 928 777; x_wconf 86' lang='grc' dir='ltr'>τε</span> 
     </span>
     <span class='ocr_line' id='line_1_9' title="bbox 129 803 928 881; baseline -0.004 -17"><span class='ocrx_word' id='word_1_50' title='bbox 129 804 250 866; x_wconf 73' lang='grc' dir='ltr'>ι’λπίσας</span> <span class='ocrx_word' id='word_1_51' title='bbox 268 803 436 864; x_wconf 82' lang='grc' dir='ltr'>καταλύσειν</span> <span class='ocrx_word' id='word_1_52' title='bbox 453 803 505 879; x_wconf 76' lang='grc' dir='ltr'>την</span> <span class='ocrx_word' id='word_1_53' title='bbox 524 804 618 880; x_wconf 77' lang='grc' dir='ltr'>Κύρου</span> <span class='ocrx_word' id='word_1_54' title='bbox 635 803 801 880; x_wconf 84' lang='grc' dir='ltr'>βασιληίην,</span> <span class='ocrx_word' id='word_1_55' title='bbox 815 805 928 881; x_wconf 80' lang='grc' dir='ltr'>πέμψας</span> 
     </span>
     <span class='ocr_line' id='line_1_10' title="bbox 129 890 927 969; baseline 0.001 -19"><span class='ocrx_word' id='word_1_56' title='bbox 129 890 205 954; x_wconf 76' lang='grc' dir='ltr'>αὖτις</span> <span class='ocrx_word' id='word_1_57' title='bbox 221 896 248 954; x_wconf 83' lang='grc' dir='ltr'>ἐς</span> <span class='ocrx_word' id='word_1_58' title='bbox 263 891 350 951; x_wconf 69' lang='grc' dir='ltr'>Πυθο)</span> <span class='ocrx_word' id='word_1_59' title='bbox 368 891 500 968; x_wconf 77' lang='grc' dir='ltr'>Δελφοῦς</span> <span class='ocrx_word' id='word_1_60' title='bbox 516 892 652 969; x_wconf 81' lang='grc' dir='ltr'>δωρέεται,</span> <span class='ocrx_word' id='word_1_61' title='bbox 668 891 823 968; x_wconf 83' lang='grc' dir='ltr'>πυθόμενος</span> <span class='ocrx_word' id='word_1_62' title='bbox 838 890 927 951; x_wconf 81' lang='grc' dir='ltr'>αὐτῶν</span> 
     </span>
     <span class='ocr_line' id='line_1_11' title="bbox 48 976 925 1057; baseline -0.007 -18"><span class='ocrx_word' id='word_1_63' title='bbox 48 985 51 989; x_wconf 69' lang='grc'><strong>’</strong></span> <span class='ocrx_word' id='word_1_64' title='bbox 132 977 160 1039; x_wconf 72' lang='grc' dir='ltr'>ιδ</span> <span class='ocrx_word' id='word_1_65' title='bbox 171 982 286 1053; x_wconf 81' lang='grc' dir='ltr'>πλῆθος,</span> <span class='ocrx_word' id='word_1_66' title='bbox 298 976 357 1038; x_wconf 84' lang='grc' dir='ltr'>κατ’</span> <span class='ocrx_word' id='word_1_67' title='bbox 368 977 454 1056; x_wconf 76' lang='grc' dir='ltr'>ἄνδρα</span> <span class='ocrx_word' id='word_1_68' title='bbox 463 977 512 1038; x_wconf 76' lang='grc' dir='ltr'>δύο</span> <span class='ocrx_word' id='word_1_69' title='bbox 523 983 663 1055; x_wconf 81' lang='grc' dir='ltr'>στατῆρσι</span> <span class='ocrx_word' id='word_1_70' title='bbox 677 980 795 1038; x_wconf 79' lang='grc' dir='ltr'>ἕκαστον</span> <span class='ocrx_word' id='word_1_71' title='bbox 808 984 925 1057; x_wconf 84' lang='grc' dir='ltr'>χρυσοῦ.</span> 
     </span>
     <span class='ocr_line' id='line_1_12' title="bbox 131 1064 927 1145; baseline 0 -21"><span class='ocrx_word' id='word_1_72' title='bbox 131 1067 241 1141; x_wconf 89' lang='grc' dir='ltr'>Δελφοὶ</span> <span class='ocrx_word' id='word_1_73' title='bbox 255 1067 284 1124; x_wconf 84' lang='grc' dir='ltr'>δὲ</span> <span class='ocrx_word' id='word_1_74' title='bbox 300 1064 361 1127; x_wconf 77' lang='grc' dir='ltr'>ἀντὶ</span> <span class='ocrx_word' id='word_1_75' title='bbox 377 1067 480 1125; x_wconf 82' lang='grc' dir='ltr'>τούτων</span> <span class='ocrx_word' id='word_1_76' title='bbox 498 1065 597 1126; x_wconf 81' lang='grc' dir='ltr'>έδοσαν</span> <span class='ocrx_word' id='word_1_77' title='bbox 614 1066 729 1145; x_wconf 78' lang='grc' dir='ltr'>Κροίσῳ</span> <span class='ocrx_word' id='word_1_78' title='bbox 745 1067 792 1124; x_wconf 85' lang='grc' dir='ltr'>καὶ</span> <span class='ocrx_word' id='word_1_79' title='bbox 806 1065 927 1125; x_wconf 82' lang='grc' dir='ltr'>Λυδοῖσι</span> 
     </span>
     <span class='ocr_line' id='line_1_13' title="bbox 133 1153 927 1230; baseline 0.003 -19"><span class='ocrx_word' id='word_1_80' title='bbox 133 1154 320 1230; x_wconf 79' lang='grc' dir='ltr'>προμαντηίην</span> <span class='ocrx_word' id='word_1_81' title='bbox 333 1154 379 1212; x_wconf 89' lang='grc' dir='ltr'>καὶ</span> <span class='ocrx_word' id='word_1_82' title='bbox 392 1153 518 1230; x_wconf 78' lang='grc' dir='ltr'>ἀτελείην</span> <span class='ocrx_word' id='word_1_83' title='bbox 534 1154 580 1212; x_wconf 88' lang='grc' dir='ltr'>καὶ</span> <span class='ocrx_word' id='word_1_84' title='bbox 594 1153 750 1230; x_wconf 87' lang='grc' dir='ltr'>προεδρίην,</span> <span class='ocrx_word' id='word_1_85' title='bbox 764 1153 811 1212; x_wconf 81' lang='grc' dir='ltr'>καὶ</span> <span class='ocrx_word' id='word_1_86' title='bbox 827 1153 927 1222; x_wconf 81' lang='grc' dir='ltr'>ἐξεῖναι</span> 
     </span>
     <span class='ocr_line' id='line_1_14' title="bbox 128 1240 926 1322; baseline -0.001 -20"><span class='ocrx_word' id='word_1_87' title='bbox 128 1244 166 1319; x_wconf 74' lang='grc' dir='ltr'>τῷ</span> <span class='ocrx_word' id='word_1_88' title='bbox 182 1241 347 1320; x_wconf 79' lang='grc' dir='ltr'>βουλομένῳ</span> <span class='ocrx_word' id='word_1_89' title='bbox 364 1240 453 1302; x_wconf 80' lang='grc' dir='ltr'>αὐτῶν</span> <span class='ocrx_word' id='word_1_90' title='bbox 471 1241 603 1322; x_wconf 90' lang='grc' dir='ltr'>γενέσθαι</span> <span class='ocrx_word' id='word_1_91' title='bbox 625 1241 742 1316; x_wconf 83' lang='grc' dir='ltr'>Δελφόν</span> <span class='ocrx_word' id='word_1_92' title='bbox 764 1245 792 1304; x_wconf 83' lang='grc' dir='ltr'>ἐς</span> <span class='ocrx_word' id='word_1_93' title='bbox 811 1240 861 1300; x_wconf 80' lang='grc' dir='ltr'>τὸν</span> <span class='ocrx_word' id='word_1_94' title='bbox 882 1240 926 1302; x_wconf 81' lang='grc' dir='ltr'>οἷεὶ</span> 
     </span>
     <span class='ocr_line' id='line_1_15' title="bbox 79 1327 924 1410; baseline 0.002 -24"><span class='ocrx_word' id='word_1_95' title='bbox 79 1329 117 1386; x_wconf 72' lang='grc'>55</span> <span class='ocrx_word' id='word_1_96' title='bbox 126 1327 237 1410; x_wconf 85' lang='grc' dir='ltr'>χρόνον.</span> <span class='ocrx_word' id='word_1_97' title='bbox 278 1327 484 1406; x_wconf 83' lang='grc' dir='ltr'>Δωρησάμενος</span> <span class='ocrx_word' id='word_1_98' title='bbox 497 1329 527 1388; x_wconf 85' lang='grc' dir='ltr'>δὲ</span> <span class='ocrx_word' id='word_1_99' title='bbox 539 1328 602 1391; x_wconf 70' lang='grc' dir='ltr'>τούς</span> <span class='ocrx_word' id='word_1_100' title='bbox 616 1329 748 1404; x_wconf 77' lang='grc' dir='ltr'>Δελφούς</span> <span class='ocrx_word' id='word_1_101' title='bbox 761 1328 776 1388; x_wconf 79' lang='grc' dir='ltr'>ὁ</span> <span class='ocrx_word' id='word_1_102' title='bbox 790 1332 924 1405; x_wconf 84' lang='grc' dir='ltr'>Κροῖσος,</span> 
     </span>
     <span class='ocr_line' id='line_1_16' title="bbox 127 1414 925 1496; baseline 0.005 -23"><span class='ocrx_word' id='word_1_103' title='bbox 127 1415 358 1494; x_wconf 83' lang='grc' dir='ltr'>ἐχρηστηριάζετο</span> <span class='ocrx_word' id='word_1_104' title='bbox 371 1415 404 1476; x_wconf 73' lang='grc' dir='ltr'>τά</span> <span class='ocrx_word' id='word_1_105' title='bbox 416 1416 519 1492; x_wconf 88' lang='grc' dir='ltr'>τρίτον.</span> <span class='ocrx_word' id='word_1_106' title='bbox 554 1418 615 1475; x_wconf 90' lang='grc' dir='ltr'>ἐπεί</span> <span class='ocrx_word' id='word_1_107' title='bbox 624 1442 656 1475; x_wconf 91' lang='grc' dir='ltr'>τε</span> <span class='ocrx_word' id='word_1_108' title='bbox 667 1417 722 1496; x_wconf 79' lang='grc' dir='ltr'>γάρ</span> <span class='ocrx_word' id='word_1_109' title='bbox 733 1414 766 1491; x_wconf 72' lang='grc' dir='ltr'>δη</span> <span class='ocrx_word' id='word_1_110' title='bbox 776 1417 925 1492; x_wconf 85' lang='grc' dir='ltr'>παρέλαβε</span> 
     </span>
     <span class='ocr_line' id='line_1_17' title="bbox 125 1503 953 1581; baseline 0.001 -18"><span class='ocrx_word' id='word_1_111' title='bbox 125 1509 175 1563; x_wconf 86' lang='grc' dir='ltr'>τοῦ</span> <span class='ocrx_word' id='word_1_112' title='bbox 187 1505 320 1581; x_wconf 77' lang='grc' dir='ltr'>μαντηίου</span> <span class='ocrx_word' id='word_1_113' title='bbox 333 1503 478 1580; x_wconf 82' lang='grc' dir='ltr'>α’ληθηίην,</span> <span class='ocrx_word' id='word_1_114' title='bbox 489 1504 650 1580; x_wconf 82' lang='grc' dir='ltr'>ἐνεφορέετο</span> <span class='ocrx_word' id='word_1_115' title='bbox 664 1503 757 1562; x_wconf 78' lang='grc' dir='ltr'>αὐτοῦ.</span> <span class='ocrx_word' id='word_1_116' title='bbox 791 1504 925 1580; x_wconf 70' lang='grc' dir='ltr'>ἐπειρώτα</span> <span class='ocrx_word' id='word_1_117' title='bbox 951 1577 953 1580; x_wconf 22' lang='grc' dir='ltr'>Ι</span> 
     </span>
     <span class='ocr_line' id='line_1_18' title="bbox 126 1591 924 1670; baseline 0 -20"><span class='ocrx_word' id='word_1_118' title='bbox 126 1591 155 1650; x_wconf 78' lang='grc' dir='ltr'>δὲ</span> <span class='ocrx_word' id='word_1_119' title='bbox 168 1592 233 1650; x_wconf 84' lang='grc' dir='ltr'>τάδε</span> <span class='ocrx_word' id='word_1_120' title='bbox 245 1591 524 1670; x_wconf 79' lang='grc' dir='ltr'>χρηστηριαζόμενος,</span> <span class='ocrx_word' id='word_1_121' title='bbox 537 1592 561 1650; x_wconf 80' lang='grc' dir='ltr'>εἴ</span> <span class='ocrx_word' id='word_1_122' title='bbox 574 1595 601 1651; x_wconf 87' lang='grc' dir='ltr'>οἱ</span> <span class='ocrx_word' id='word_1_123' title='bbox 614 1592 799 1670; x_wconf 85' lang='grc' dir='ltr'>πολυχρόνιος</span> <span class='ocrx_word' id='word_1_124' title='bbox 812 1591 924 1669; x_wconf 82' lang='grc' dir='ltr'>έσταιῆ</span> 
     </span>
     <span class='ocr_line' id='line_1_19' title="bbox 126 1678 694 1758; baseline 0 -20"><span class='ocrx_word' id='word_1_125' title='bbox 126 1681 289 1758; x_wconf 87' lang='grc' dir='ltr'>μουναρχίη.</span> <span class='ocrx_word' id='word_1_126' title='bbox 329 1679 348 1755; x_wconf 82' lang='grc' dir='ltr'><em>ἦ</em></span> <span class='ocrx_word' id='word_1_127' title='bbox 362 1681 391 1738; x_wconf 85' lang='grc' dir='ltr'>δὲ</span> <span class='ocrx_word' id='word_1_128' title='bbox 405 1680 497 1754; x_wconf 87' lang='grc' dir='ltr'>Πυθίη</span> <span class='ocrx_word' id='word_1_129' title='bbox 512 1683 538 1738; x_wconf 89' lang='grc' dir='ltr'>οἱ</span> <span class='ocrx_word' id='word_1_130' title='bbox 551 1684 608 1758; x_wconf 75' lang='grc' dir='ltr'>χρᾷ</span> <span class='ocrx_word' id='word_1_131' title='bbox 619 1678 694 1738; x_wconf 87' lang='grc' dir='ltr'>τάδε·</span> 
     </span>
     <span class='ocr_line' id='line_1_20' title="bbox 170 1788 830 1854; baseline 0.002 -14"><span class='ocrx_word' id='word_1_132' title='bbox 170 1792 241 1840; x_wconf 83' lang='grc' dir='ltr'>Ἀλλ’</span> <span class='ocrx_word' id='word_1_133' title='bbox 260 1788 296 1840; x_wconf 71' lang='grc' dir='ltr'>ὅτ’</span> <span class='ocrx_word' id='word_1_134' title='bbox 312 1791 342 1840; x_wconf 71' lang='grc' dir='ltr'>ἂν</span> <span class='ocrx_word' id='word_1_135' title='bbox 359 1793 452 1850; x_wconf 74' lang='grc' dir='ltr'>ἡμίονος</span> <span class='ocrx_word' id='word_1_136' title='bbox 469 1794 583 1854; x_wconf 78' lang='grc' dir='ltr'>βασιλεὺς</span> <span class='ocrx_word' id='word_1_137' title='bbox 600 1793 705 1852; x_wconf 86' lang='grc' dir='ltr'>Μήδοισι</span> <span class='ocrx_word' id='word_1_138' title='bbox 721 1794 830 1854; x_wconf 80' lang='grc' dir='ltr'>γένηται,</span> 
     </span>
     <span class='ocr_line' id='line_1_21' title="bbox 174 1864 857 1928; baseline 0.003 -17"><span class='ocrx_word' id='word_1_139' title='bbox 174 1866 213 1911; x_wconf 77' lang='grc' dir='ltr'>καὶ</span> <span class='ocrx_word' id='word_1_140' title='bbox 229 1864 292 1923; x_wconf 80' lang='grc' dir='ltr'>τότε,</span> <span class='ocrx_word' id='word_1_141' title='bbox 310 1865 373 1912; x_wconf 82' lang='grc' dir='ltr'>Λυδὲ</span> <span class='ocrx_word' id='word_1_142' title='bbox 390 1866 503 1926; x_wconf 64' lang='grc' dir='ltr'>ποδαβρέ,</span> <span class='ocrx_word' id='word_1_143' title='bbox 520 1866 679 1925; x_wconf 78' lang='grc' dir='ltr'>πολυψήφιδα</span> <span class='ocrx_word' id='word_1_144' title='bbox 698 1865 752 1926; x_wconf 86' lang='grc' dir='ltr'>παρΙ</span> <span class='ocrx_word' id='word_1_145' title='bbox 767 1868 857 1928; x_wconf 82' lang='grc' dir='ltr'>Ἕρμον</span> 
     </span>
     <span class='ocr_line' id='line_1_22' title="bbox 174 1936 831 1998; baseline 0.003 -16"><span class='ocrx_word' id='word_1_146' title='bbox 174 1938 277 1996; x_wconf 83' lang='grc' dir='ltr'>φεύγειν,</span> <span class='ocrx_word' id='word_1_147' title='bbox 296 1937 356 1997; x_wconf 75' lang='grc' dir='ltr'>μηδὲ</span> <span class='ocrx_word' id='word_1_148' title='bbox 372 1937 456 1995; x_wconf 81' lang='grc' dir='ltr'>μένειν,</span> <span class='ocrx_word' id='word_1_149' title='bbox 474 1936 529 1994; x_wconf 77' lang='grc' dir='ltr'>μηδ’</span> <span class='ocrx_word' id='word_1_150' title='bbox 544 1937 661 1984; x_wconf 79' lang='grc' dir='ltr'>αἰδεῖσθαι</span> <span class='ocrx_word' id='word_1_151' title='bbox 679 1939 749 1985; x_wconf 81' lang='grc' dir='ltr'>κακὸς</span> <span class='ocrx_word' id='word_1_152' title='bbox 766 1939 831 1998; x_wconf 69' lang='grc' dir='ltr'>εἶναι,</span> 
     </span>
     <span class='ocr_line' id='line_1_23' title="bbox 77 2027 922 2107; baseline 0.008 -21"><span class='ocrx_word' id='word_1_153' title='bbox 77 2027 255 2088; x_wconf 77' lang='grc' dir='ltr'>56Τοάτοισι</span> <span class='ocrx_word' id='word_1_154' title='bbox 271 2029 386 2088; x_wconf 83' lang='grc' dir='ltr'>ἐλθοῦσι</span> <span class='ocrx_word' id='word_1_155' title='bbox 400 2034 477 2089; x_wconf 81' lang='grc' dir='ltr'>τοῖσι</span> <span class='ocrx_word' id='word_1_156' title='bbox 493 2032 573 2090; x_wconf 86' lang='grc' dir='ltr'>ἔπεσι</span> <span class='ocrx_word' id='word_1_157' title='bbox 589 2030 606 2090; x_wconf 82' lang='grc' dir='ltr'>ὁ</span> <span class='ocrx_word' id='word_1_158' title='bbox 623 2035 748 2107; x_wconf 86' lang='grc' dir='ltr'>Κροῖσος</span> <span class='ocrx_word' id='word_1_159' title='bbox 766 2031 877 2092; x_wconf 85' lang='grc' dir='ltr'>πολλάν</span> <span class='ocrx_word' id='word_1_160' title='bbox 893 2058 922 2093; x_wconf 88' lang='grc' dir='ltr'>τι</span> 
     </span>
     <span class='ocr_line' id='line_1_24' title="bbox 123 2116 922 2196; baseline 0.006 -21"><span class='ocrx_word' id='word_1_161' title='bbox 123 2116 251 2194; x_wconf 83' lang='grc' dir='ltr'>μάλιστα</span> <span class='ocrx_word' id='word_1_162' title='bbox 263 2117 371 2177; x_wconf 86' lang='grc' dir='ltr'>πάντων</span> <span class='ocrx_word' id='word_1_163' title='bbox 384 2116 468 2193; x_wconf 85' lang='grc' dir='ltr'>ἥσθη,</span> <span class='ocrx_word' id='word_1_164' title='bbox 484 2119 602 2190; x_wconf 85' lang='grc' dir='ltr'>ἐλπίζων</span> <span class='ocrx_word' id='word_1_165' title='bbox 613 2118 730 2194; x_wconf 76' lang='grc' dir='ltr'>ἡμίονον</span> <span class='ocrx_word' id='word_1_166' title='bbox 743 2118 849 2196; x_wconf 74' lang='grc' dir='ltr'>οὐδαμοὶ</span> <span class='ocrx_word' id='word_1_167' title='bbox 863 2120 922 2180; x_wconf 71' lang='grc' dir='ltr'>ἄντ’</span> 
     </span>
     <span class='ocr_line' id='line_1_25' title="bbox 125 2203 921 2283; baseline 0.006 -20"><span class='ocrx_word' id='word_1_168' title='bbox 125 2203 223 2282; x_wconf 79' lang='grc' dir='ltr'>άνδρὸς</span> <span class='ocrx_word' id='word_1_169' title='bbox 240 2205 425 2281; x_wconf 81' lang='grc' dir='ltr'>βασιλεύσειν</span> <span class='ocrx_word' id='word_1_170' title='bbox 443 2206 556 2283; x_wconf 79' lang='grc' dir='ltr'>Μήδων·</span> <span class='ocrx_word' id='word_1_171' title='bbox 578 2205 634 2265; x_wconf 78' lang='grc' dir='ltr'>οὐδ’</span> <span class='ocrx_word' id='word_1_172' title='bbox 652 2206 688 2266; x_wconf 78' lang='grc' dir='ltr'>ὦν</span> <span class='ocrx_word' id='word_1_173' title='bbox 706 2206 797 2276; x_wconf 70' lang='grc' dir='ltr'>αὐτάς,</span> <span class='ocrx_word' id='word_1_174' title='bbox 816 2207 878 2266; x_wconf 77' lang='grc' dir='ltr'>οὐδὲ</span> <span class='ocrx_word' id='word_1_175' title='bbox 894 2212 921 2268; x_wconf 88' lang='grc' dir='ltr'>οἶ</span> 
     </span>
     <span class='ocr_line' id='line_1_26' title="bbox 125 2292 921 2372; baseline 0.006 -21"><span class='ocrx_word' id='word_1_176' title='bbox 125 2293 156 2360; x_wconf 78' lang='grc' dir='ltr'>ἐξ</span> <span class='ocrx_word' id='word_1_177' title='bbox 168 2292 259 2362; x_wconf 77' lang='grc' dir='ltr'>αὐτοῦ,</span> <span class='ocrx_word' id='word_1_178' title='bbox 270 2293 432 2353; x_wconf 82' lang='grc' dir='ltr'>παύσεσθαί</span> <span class='ocrx_word' id='word_1_179' title='bbox 443 2320 506 2354; x_wconf 89' lang='grc' dir='ltr'>κοτε</span> <span class='ocrx_word' id='word_1_180' title='bbox 517 2298 568 2370; x_wconf 79' lang='grc' dir='ltr'>τῆς</span> <span class='ocrx_word' id='word_1_181' title='bbox 581 2293 678 2372; x_wconf 84' lang='grc' dir='ltr'>α’ρχῆς.</span> <span class='ocrx_word' id='word_1_182' title='bbox 711 2295 782 2370; x_wconf 79' lang='grc' dir='ltr'>μετά</span> <span class='ocrx_word' id='word_1_183' title='bbox 795 2295 921 2355; x_wconf 81' lang='grc' dir='ltr'>δὲταῦτα</span> 
     </span>
     <span class='ocr_line' id='line_1_27' title="bbox 123 2380 920 2457; baseline 0.004 -19"><span class='ocrx_word' id='word_1_184' title='bbox 123 2380 265 2456; x_wconf 84' lang='grc' dir='ltr'>ἐφρόντιζε</span> <span class='ocrx_word' id='word_1_185' title='bbox 279 2383 417 2457; x_wconf 78' lang='grc' dir='ltr'>ἱστορέων,</span> <span class='ocrx_word' id='word_1_186' title='bbox 431 2381 495 2445; x_wconf 73' lang='grc' dir='ltr'>τούς</span> <span class='ocrx_word' id='word_1_187' title='bbox 508 2380 542 2442; x_wconf 81' lang='grc' dir='ltr'>ἂν</span> <span class='ocrx_word' id='word_1_188' title='bbox 556 2382 701 2457; x_wconf 82' lang='grc' dir='ltr'>Ἑλλήνων</span> <span class='ocrx_word' id='word_1_189' title='bbox 718 2383 920 2448; x_wconf 86' lang='grc' dir='ltr'>δυνατωτάτους</span> 
     </span>
     <span class='ocr_line' id='line_1_28' title="bbox 123 2468 920 2546; baseline 0.009 -21"><span class='ocrx_word' id='word_1_190' title='bbox 123 2468 218 2531; x_wconf 84' lang='grc' dir='ltr'>ἐόντας</span> <span class='ocrx_word' id='word_1_191' title='bbox 232 2469 442 2546; x_wconf 80' lang='grc' dir='ltr'>προσκτήσαιτο</span> <span class='ocrx_word' id='word_1_192' title='bbox 459 2470 570 2545; x_wconf 89' lang='grc' dir='ltr'>φίλους.</span> <span class='ocrx_word' id='word_1_193' title='bbox 612 2471 744 2546; x_wconf 85' lang='grc' dir='ltr'>ἱστορέων</span> <span class='ocrx_word' id='word_1_194' title='bbox 762 2471 791 2529; x_wconf 83' lang='grc' dir='ltr'>δὲ</span> <span class='ocrx_word' id='word_1_195' title='bbox 810 2470 920 2545; x_wconf 77' lang='grc' dir='ltr'>εὕρισκε</span> 
     </span>
     <span class='ocr_line' id='line_1_29' title="bbox 122 2556 919 2636; baseline 0.009 -23"><span class='ocrx_word' id='word_1_196' title='bbox 122 2556 354 2636; x_wconf 84' lang='grc' dir='ltr'>Λακεδαιμονίους</span> <span class='ocrx_word' id='word_1_197' title='bbox 367 2558 413 2616; x_wconf 85' lang='grc' dir='ltr'>καὶ</span> <span class='ocrx_word' id='word_1_198' title='bbox 423 2556 587 2632; x_wconf 85' lang='grc' dir='ltr'>Ἀθηναίους</span> <span class='ocrx_word' id='word_1_199' title='bbox 600 2559 778 2635; x_wconf 84' lang='grc' dir='ltr'>προέχοντας,</span> <span class='ocrx_word' id='word_1_200' title='bbox 791 2558 856 2620; x_wconf 77' lang='grc' dir='ltr'>τούς</span> <span class='ocrx_word' id='word_1_201' title='bbox 868 2561 919 2635; x_wconf 76' lang='grc' dir='ltr'>μὲν</span> 
     </span>
     <span class='ocr_line' id='line_1_30' title="bbox 121 2645 920 2726; baseline 0.005 -25"><span class='ocrx_word' id='word_1_202' title='bbox 121 2647 172 2702; x_wconf 80' lang='grc' dir='ltr'>τοῦ</span> <span class='ocrx_word' id='word_1_203' title='bbox 191 2652 314 2722; x_wconf 80' lang='grc' dir='ltr'>Δωρικοῦ</span> <span class='ocrx_word' id='word_1_204' title='bbox 335 2650 434 2726; x_wconf 84' lang='grc' dir='ltr'>γένεος,</span> <span class='ocrx_word' id='word_1_205' title='bbox 452 2645 517 2708; x_wconf 76' lang='grc' dir='ltr'>τούς</span> <span class='ocrx_word' id='word_1_206' title='bbox 538 2646 567 2703; x_wconf 81' lang='grc' dir='ltr'>δὲ</span> <span class='ocrx_word' id='word_1_207' title='bbox 588 2649 637 2704; x_wconf 84' lang='grc' dir='ltr'>τοῦ</span> <span class='ocrx_word' id='word_1_208' title='bbox 659 2645 791 2704; x_wconf 78' lang='grc' dir='ltr'>Ἰωνικοῦ.</span> <span class='ocrx_word' id='word_1_209' title='bbox 831 2650 920 2706; x_wconf 78' lang='grc' dir='ltr'>ταῦτα</span> 
     </span>
     <span class='ocr_line' id='line_1_31' title="bbox 121 2730 920 2812; baseline 0.006 -23"><span class='ocrx_word' id='word_1_210' title='bbox 121 2731 176 2810; x_wconf 80' lang='grc' dir='ltr'>γάρ</span> <span class='ocrx_word' id='word_1_211' title='bbox 194 2730 229 2807; x_wconf 84' lang='grc' dir='ltr'>ἦν</span> <span class='ocrx_word' id='word_1_212' title='bbox 245 2734 281 2791; x_wconf 79' lang='grc' dir='ltr'>τά</span> <span class='ocrx_word' id='word_1_213' title='bbox 298 2734 498 2808; x_wconf 86' lang='grc' dir='ltr'>προκεκριμένα</span> <span class='ocrx_word' id='word_1_214' title='bbox 518 2732 551 2793; x_wconf 83' lang='grc' dir='ltr'>τὸ</span> <span class='ocrx_word' id='word_1_215' title='bbox 573 2733 698 2812; x_wconf 86' lang='grc' dir='ltr'>οἷρχαῖον,</span> <span class='ocrx_word' id='word_1_216' title='bbox 713 2733 793 2793; x_wconf 87' lang='grc' dir='ltr'>ἐόντα</span> <span class='ocrx_word' id='word_1_217' title='bbox 813 2732 846 2792; x_wconf 74' lang='grc' dir='ltr'>τά</span> <span class='ocrx_word' id='word_1_218' title='bbox 867 2737 920 2810; x_wconf 79' lang='grc' dir='ltr'>μὲν</span> 
     </span>
     <span class='ocr_line' id='line_1_32' title="bbox 125 2818 920 2900; baseline 0.008 -24"><span class='ocrx_word' id='word_1_219' title='bbox 125 2818 305 2900; x_wconf 73' lang='grc' dir='ltr'>Πελασγικὸν</span> <span class='ocrx_word' id='word_1_220' title='bbox 331 2819 363 2878; x_wconf 77' lang='grc' dir='ltr'>τά</span> <span class='ocrx_word' id='word_1_221' title='bbox 388 2821 417 2878; x_wconf 83' lang='grc' dir='ltr'>δὲ</span> <span class='ocrx_word' id='word_1_222' title='bbox 440 2819 607 2896; x_wconf 80' lang='grc' dir='ltr'>Ἑλληνικόν</span> <span class='ocrx_word' id='word_1_223' title='bbox 631 2822 716 2883; x_wconf 83' lang='grc' dir='ltr'>έθνος·</span> <span class='ocrx_word' id='word_1_224' title='bbox 743 2821 789 2879; x_wconf 86' lang='grc' dir='ltr'>καὶ</span> <span class='ocrx_word' id='word_1_225' title='bbox 811 2820 844 2880; x_wconf 80' lang='grc' dir='ltr'>τὸ</span> <span class='ocrx_word' id='word_1_226' title='bbox 867 2824 920 2897; x_wconf 80' lang='grc' dir='ltr'>μὲν</span> 
     </span>
     <span class='ocr_line' id='line_1_33' title="bbox 123 2901 917 2986; baseline 0.008 -24"><span class='ocrx_word' id='word_1_227' title='bbox 123 2901 228 2984; x_wconf 69' lang='grc' dir='ltr'>οὐδαμῆ</span> <span class='ocrx_word' id='word_1_228' title='bbox 247 2934 284 2966; x_wconf 93' lang='grc' dir='ltr'>κω</span> <span class='ocrx_word' id='word_1_229' title='bbox 303 2907 458 2985; x_wconf 78' lang='grc' dir='ltr'>ἐξεχάρησε</span> <span class='ocrx_word' id='word_1_230' title='bbox 478 2907 511 2967; x_wconf 78' lang='grc' dir='ltr'>τά</span> <span class='ocrx_word' id='word_1_231' title='bbox 533 2909 562 2966; x_wconf 84' lang='grc' dir='ltr'>δὲ</span> <span class='ocrx_word' id='word_1_232' title='bbox 583 2907 800 2984; x_wconf 85' lang='grc' dir='ltr'>πολυπλάνητον</span> <span class='ocrx_word' id='word_1_233' title='bbox 821 2907 917 2986; x_wconf 86' lang='grc' dir='ltr'>κάρτα·</span> 
     </span>
     <span class='ocr_line' id='line_1_34' title="bbox 123 2996 919 3105; baseline 0.004 -53"><span class='ocrx_word' id='word_1_234' title='bbox 123 2996 168 3052; x_wconf 87' lang='grc' dir='ltr'>ἐπὶ</span> <span class='ocrx_word' id='word_1_235' title='bbox 185 2998 236 3070; x_wconf 80' lang='grc' dir='ltr'>μὲν</span> <span class='ocrx_word' id='word_1_236' title='bbox 253 3022 308 3074; x_wconf 90' lang='grc' dir='ltr'>γαρ</span> <span class='ocrx_word' id='word_1_237' title='bbox 325 2996 514 3057; x_wconf 85' lang='grc' dir='ltr'>Δευκαλίωνος</span> <span class='ocrx_word' id='word_1_238' title='bbox 535 2996 727 3072; x_wconf 79' lang='grc' dir='ltr'>βασιλῆος</span> <span class='ocrx_word' id='word_1_239' title='bbox 700 3022 771 3055; x_wconf 90' lang='grc' dir='ltr'>οικεε</span> <span class='ocrx_word' id='word_1_240' title='bbox 792 3001 846 3076; x_wconf 74' lang='grc' dir='ltr'>γῆν</span> <span class='ocrx_word' id='word_1_241' title='bbox 867 3023 919 3105; x_wconf 88' lang='grc' dir='ltr'>την</span> 
     </span>
     <span class='ocr_line' id='line_1_35' title="bbox 120 3081 919 3159; baseline 0.008 -23"><span class='ocrx_word' id='word_1_242' title='bbox 120 3082 282 3140; x_wconf 37' lang='grc' dir='ltr'>ΦθιῶτινΝ</span> <span class='ocrx_word' id='word_1_243' title='bbox 269 3109 314 3140; x_wconf 87' lang='grc' dir='ltr'>επι</span> <span class='ocrx_word' id='word_1_244' title='bbox 304 3082 361 3140; x_wconf 86' lang='grc' dir='ltr'>δὲ</span> <span class='ocrx_word' id='word_1_245' title='bbox 380 3081 478 3158; x_wconf 91' lang='grc' dir='ltr'>Δωρου</span> <span class='ocrx_word' id='word_1_246' title='bbox 494 3086 545 3140; x_wconf 83' lang='grc' dir='ltr'>τοῦ</span> <span class='ocrx_word' id='word_1_247' title='bbox 558 3081 707 3157; x_wconf 87' lang='grc' dir='ltr'>Ελληνος,</span> <span class='ocrx_word' id='word_1_248' title='bbox 723 3082 775 3158; x_wconf 71' lang='grc' dir='ltr'>τὴν</span> <span class='ocrx_word' id='word_1_249' title='bbox 792 3083 919 3144; x_wconf 72' lang='grc' dir='ltr'>ΰπὸν</span> <span class='ocrx_word' id='word_1_250' title='bbox 866 3110 919 3159; x_wconf 88' lang='grc' dir='ltr'>την</span> 
     </span>
     <span class='ocr_line' id='line_1_36' title="bbox 100 3161 920 3248; baseline 0.01 -26.109"><span class='ocrx_word' id='word_1_251' title='bbox 100 3161 219 3224; x_wconf 76' lang='grc' dir='ltr'>Ὀσσαν</span> <span class='ocrx_word' id='word_1_252' title='bbox 230 3193 265 3226; x_wconf 87' lang='grc' dir='ltr'>τε</span> <span class='ocrx_word' id='word_1_253' title='bbox 276 3170 325 3227; x_wconf 81' lang='grc' dir='ltr'>καί</span> <span class='ocrx_word' id='word_1_254' title='bbox 342 3195 394 3229; x_wconf 92' lang='grc' dir='ltr'>τον</span> <span class='ocrx_word' id='word_1_255' title='bbox 414 3166 572 3247; x_wconf 90' lang='grc' dir='ltr'>Ουλυμπον</span> <span class='ocrx_word' id='word_1_256' title='bbox 589 3168 692 3248; x_wconf 81' lang='grc' dir='ltr'>χώρην,</span> <span class='ocrx_word' id='word_1_257' title='bbox 707 3172 917 3244; x_wconf 77' lang='grc' dir='ltr'>καλεομένην</span> <span class='ocrx_word' id='word_1_258' title='bbox 889 3194 920 3231; x_wconf 72' lang='grc' dir='ltr'>οε</span> 
     </span>
     <span class='ocr_line' id='line_1_37' title="bbox 80 3240 937 3336; baseline 0.022 -30.202"><span class='ocrx_word' id='word_1_259' title='bbox 80 3240 312 3313; x_wconf 68' lang='grc' dir='ltr'>Ἱστιαιῶτιν’</span> <span class='ocrx_word' id='word_1_260' title='bbox 294 3283 330 3316; x_wconf 85' lang='grc' dir='ltr'>εκ</span> <span class='ocrx_word' id='word_1_261' title='bbox 345 3258 429 3318; x_wconf 86' lang='grc' dir='ltr'>δὲ</span> <span class='ocrx_word' id='word_1_262' title='bbox 388 3284 444 3336; x_wconf 85' lang='grc' dir='ltr'>της</span> <span class='ocrx_word' id='word_1_263' title='bbox 456 3257 562 3321; x_wconf 78' lang='grc' dir='ltr'>ι·Ιστια</span> <span class='ocrx_word' id='word_1_264' title='bbox 565 3256 696 3321; x_wconf 77' lang='grc' dir='ltr'>ώτιδος</span> <span class='ocrx_word' id='word_1_265' title='bbox 680 3282 714 3318; x_wconf 74' lang='grc' dir='ltr'>ως</span> <span class='ocrx_word' id='word_1_266' title='bbox 736 3243 937 3324; x_wconf 49' lang='lat' dir='ltr'>{gavamm</span> 
     </span>
    </p>
   </div>
   <div class='ocr_carea' id='block_1_2' title="bbox 0 0 1024 3464">
    <p class='ocr_par' dir='ltr' id='par_1_2' title="bbox 0 0 1024 3464">
     <span class='ocr_line' id='line_1_38' title="bbox 0 0 1024 3464; baseline 0 2"><span class='ocrx_word' id='word_1_267' title='bbox 0 0 1024 3464; x_wconf 95' lang='lat' dir='ltr'> </span> 
     </span>
    </p>
   </div>
  </div>
 </body>
</html>
