2040 3464
143 115 191 162 150
447 112 628 161 ἯΡΟΔΟΤΟΤ
887 108 940 174 [Π.

141 194 232 251 λωτοῦ
244 191 344 271 τούτου
361 191 486 268 ἐδωδίμη,
501 191 546 250 καὶ
564 189 719 271 ἐγγλύσσει
734 189 878 259 ἐπιεικέως,
894 189 941 250 ἐόν

143 279 323 359 στρογγύλον
335 279 458 359 μέγαθος
472 277 542 337 κατά
556 282 658 354 μῆλον.
689 277 793 336 ἔστιδὲ
807 277 852 335 καὶ
863 276 940 336 ἄλλα

141 366 234 442 κρίνεα
249 367 357 442 ῥόδοισι
377 369 508 444 ἐμφερέα,
524 372 552 427 ἐν
564 371 603 445 τῷ
615 370 731 444 ποταμῷ
743 365 877 446 γινόμενα
894 367 940 424 καὶ

140 459 236 523 ταῦτα,
248 455 279 523 ἐξ
292 452 328 514 ὧν
341 453 358 513 ὀ
372 455 477 530 καρπός
491 459 519 514 ἐν
533 453 609 532 ἀλλῃ
624 454 724 512 κάλυκι
737 454 940 533 παραφυομένῃ

141 547 171 601 ἐκ
184 547 234 617 τὴς
247 543 323 617 ῥίζης
331 542 445 621 γίνεται,
457 542 540 621 κηρίῳ
551 545 670 617 σφηκῶν
680 541 754 616 ἰδέην
763 540 938 617 ὁμοιότατον·

141 635 170 689 ἐν
192 629 280 709 τούτῳ
300 629 408 706 τρωκτά
429 629 499 689 όσον
521 655 552 688 τε
573 629 663 704 πυρὴν
685 630 780 703 ἐλαίης
801 628 939 709 ἐγγίνεται

140 718 241 796 συχνοί·
262 716 396 797 τρώγεται
411 717 440 775 δέ
456 717 501 807 ῃαὶ
516 716 613 776 ἀπαλά
626 721 715 775 ταῦτα
731 718 777 774 καὶ
790 715 853 774 αὖα.
887 717 939 792 τὴν

140 805 171 864 δέ
190 806 306 881 βύβλον
324 804 376 878 τὴν
397 805 518 864 ἐπέτειον
535 805 691 884 γινομένην,
709 803 794 863 ἐπεάν
811 803 937 863 ἀνασπά·

140 917 215 951 σωσι
228 897 258 950 ἐκ
271 897 326 951 τῶν
340 893 431 961 ἑλέων,
445 893 480 951 τοὶ
493 895 544 968 μὲν
558 891 613 950 ἅνω
629 891 715 966 αύτὴς
732 891 938 967 ἀποτάμνοντες

142 985 168 1042 ἐς
183 979 258 1038 ἄλλο
272 1005 298 1036 τι
315 978 461 1055 τράπουσι,
475 979 508 1038 τό
528 980 557 1038 δὲ
576 979 648 1038 κάτω
666 980 850 1055 λελειμμένον
868 979 938 1040 ὅσον

139 1093 171 1126 τε
187 1068 232 1126 ἐπὶ
246 1070 339 1144 πῆχυν
354 1067 502 1147 τρώγουσι,
517 1067 563 1125 καὶ
581 1067 732 1125 πωλέουσι·
755 1066 781 1124 οἳ
798 1067 828 1124 δὲ
841 1064 875 1126 ἂν
892 1070 938 1128 καὶ

140 1155 227 1232 κάρτα
250 1154 410 1230 βούλωνται
433 1159 544 1233 χρηστῇ
568 1159 603 1233 τῇ
626 1153 732 1232 βύβλῳ
752 1156 887 1233 χρᾶσθαι,
909 1161 938 1216 ἐν

139 1243 264 1321 κλιβάνῳ
284 1243 413 1318 διαφανέϊ
431 1244 481 1302 πνί
497 1269 574 1305 αντες
592 1242 662 1301 ούτω
678 1241 827 1322 τρώγουσι.
861 1246 888 1302 οἱ
908 1245 940 1303 δέ

138 1357 210 1394 τινες
234 1330 323 1390 αύτών
348 1331 416 1400 ζῶσι
443 1331 499 1389 ἀπό
523 1334 577 1390 τών
603 1330 703 1407 ἰχθύων
726 1330 844 1405 μούνων·
873 1332 938 1395 τούς

140 1419 224 1478 ἐπεάν
244 1418 359 1494 λάβωσι
379 1419 424 1476 καὶ
445 1419 562 1488 ἐξέλωσι
582 1418 633 1492 τὴν
654 1419 773 1493 κοιλίην,
792 1418 938 1479 αύαίνουσι

140 1505 209 1583 πρός
221 1506 303 1582 ἥλιον
317 1507 363 1565 καὶ
377 1509 471 1565 ἔπειτα
485 1506 567 1568 αύους
582 1506 676 1567 ἐόντας
691 1507 839 1565 σιτέονται,

94 1595 130 1654 93
181 1599 217 1653 Οἱ
238 1596 267 1653 δέ
285 1594 376 1672 ἰχθύες
393 1599 419 1653 οἱ
436 1594 563 1675 ἀγελαῖοι
581 1599 609 1652 ἐν
625 1596 677 1668 μὲν
691 1598 767 1653 τοῖσι
783 1598 937 1670 ποταμοῖσι

140 1681 173 1742 ού
191 1683 271 1758 μάλα
286 1684 419 1762 γίνονται·
440 1681 607 1758 τρεφόμενοι
628 1681 657 1738 δὲ
678 1687 706 1739 ἐν
721 1685 789 1759 τῇσι
809 1682 936 1759 λίμνῃσι,

139 1771 231 1830 τοιάδε
240 1775 360 1829 ποιεῦσι·
376 1770 458 1829 ἐπεάν
466 1776 558 1845 σφεας
567 1770 629 1848 ἐσίῃ
641 1769 753 1844 οἶστρος
762 1769 936 1840 κυΐσκεσθαι,

140 1856 278 1937 ἀγεληδόν
292 1857 451 1916 ἐκπλώουσι
467 1863 494 1919 ἐς
509 1858 561 1932 τὴν
578 1857 739 1917 θάλασσαν·
760 1857 891 1938 ἡγέονται
908 1859 937 1917 δὲ

140 1950 166 2004 οἱ
183 1948 291 2022 ἔρσενες
307 1943 520 2022 ἀπορραίνοντες
532 1950 583 2005 τοῦ
600 1947 694 2021 θοροῦ·
716 1948 744 2003 αἱ
758 1944 787 2003 δὲ
805 1944 937 2021 ἑπόμεναι

140 2033 339 2102 ἀνακάπτουσι,
364 2034 411 2091 καὶ
434 2034 464 2102 ἐξ
487 2032 573 2093 αύτοῦ
598 2034 766 2092 κυίσκονται·
797 2033 881 2093 ἐπεάν
908 2036 937 2093 δὲ

139 2121 258 2197 πλήρεες
270 2120 403 2200 γένωνται
414 2126 442 2180 ἐν
452 2125 487 2199 τῇ
497 2120 640 2198 θαλάσσῃ,
652 2118 833 2179 ἀναπλώουσι
847 2119 938 2181 ὀπίσω

141 2215 168 2272 ἐς
190 2209 260 2285 ἤθεα
282 2209 318 2268 τοὶ
342 2213 447 2268 ἑωυτῶν
469 2210 592 2268 ἕκαστοι.
633 2209 764 2288 ἡγέονται
786 2210 883 2284 μέντοι
904 2237 938 2290 γε

140 2296 231 2356 ούκέτι
242 2301 267 2356 οἱ
281 2297 367 2366 αι’τοὶ,
377 2297 454 2355 ἀλλά
464 2301 518 2357 τῶν
529 2297 636 2372 θηλέων
645 2297 752 2375 γίνεται
762 2296 782 2372 ἡ
793 2296 938 2376 ἡγεμονίη·

139 2385 288 2466 ἡγεύμεναι
307 2387 337 2443 δὲ
355 2383 501 2465 ἀγεληδόν,
516 2387 628 2443 ποιείσι
647 2382 772 2459 οἷόνπερ
786 2386 895 2444 ἐποίευν
912 2389 939 2446 οἶ

139 2476 256 2551 ἔρσενες·
283 2477 338 2533 τῶν
358 2474 412 2554 γάρ
435 2472 494 2532 ώών
514 2471 716 2548 ἀπορραίνουσι
743 2471 802 2530 κατ’
823 2472 937 2554 ὀλίγους

138 2566 194 2622 τῶν
218 2563 394 2642 κέγχρων,οί
415 2561 444 2618 δέ
465 2562 573 2636 ἐρσενες
594 2560 777 2619 καταπίνουσι
798 2560 937 2637 ἑπόμενοι·

139 2652 195 2710 εἰσὶ
208 2652 238 2709 δέ
252 2655 278 2709 οἱ
292 2655 405 2730 κέγχροι
421 2646 498 2707 οὗτοι
515 2647 616 2726 ἰχθύες·
639 2652 669 2706 ἐκ
688 2648 717 2706 δὲ
732 2652 787 2707 τῶν
799 2674 938 2730 περιγινο·

137 2741 226 2814 μένων
240 2739 284 2796 καὶ
298 2736 339 2814 μὴ
354 2737 577 2812 καταπινομένων
590 2735 714 2816 κέγχρων
727 2739 755 2795 οἱ
769 2737 938 2813 τρεφόμενοι

140 2826 231 2904 ἰχθύες
249 2827 382 2907 γίνονται.
416 2823 443 2883 οἳ
460 2823 482 2882 δ’
496 2822 530 2883 ἂν
546 2823 636 2883 αὐτῶν
655 2823 748 2883 ἀλώσι
767 2825 937 2889 ἐκπλώοντες

138 2921 165 2978 ἐς
182 2914 342 2982 θάλασσαν,
360 2913 507 2989 φαίνονται
523 2913 700 2988 τετριμμένοι
715 2911 751 2971 τοὶ
768 2918 937 2990 ἐπαριστεριί

138 3007 193 3062 τῶν
219 3003 372 3077 κεφαλέων·
404 3000 431 3058 οἳ
456 2998 480 3058 δ’
503 2997 537 3058 ἂν
560 2999 652 3059 ὀπίσω
676 2999 877 3071 ἀναπλώοντες,
901 3002 938 3062 τά

128 3090 257 3158 ἕπιδεξῖἀ
276 3089 453 3167 τετρίφαται·
473 3086 621 3166 πάσχουσι
640 3088 670 3146 δέ
689 3092 778 3147 ταῦτα
798 3088 843 3148 διά
863 3088 896 3148 τό
914 3115 937 3147 ε·

112 3176 253 3254 {rojam
262 3183 316 3254 τῆς
323 3183 377 3262 γῆς
387 3177 432 3241 ἐπ’
441 3176 581 3258 ἀριστερὰ
590 3175 790 3238 καταπλώουσι
797 3175 938 3239 ἐςθάλασ·

94 3283 171 3322 σαν·
192 3269 248 3326 καί
259 3267 477 3338 ἀναπλώοιτες
496 3269 605 3341 ὀπίσω,
618 3272 672 3346 τῆς
689 3264 778 3340 αὖτῆς
794 3263 959 3340 ἆντέχῦνω
