2040 3464
102 112 211 172 27-30]
455 113 567 162 κκυιο.
872 115 903 162 ιι

97 187 197 260 Ἴωνες,
207 191 331 268 Δωριέες,
341 191 462 260 Αἰολέες,
472 191 640 268 Πάμφυλοι·
656 192 902 271 κατεστραμμένων
911 195 949 254 29

102 276 132 336 δὲ
150 276 261 348 τούτων,
281 277 326 336 καὶ
346 281 607 356 προσεπικτωμένου
628 281 754 356 Κροίσου
774 281 901 351 Λυδοῖσι,

101 363 275 426 ἀπικνέονται
291 370 318 428 ἐς
336 364 436 442 Σάρδις
453 365 630 443 ἀκμαζούσας
646 367 757 447 πλούτῳ
770 366 856 426 ἄλλοι
871 393 903 427 τε

100 455 129 513 οἱ
146 451 245 516 πάντες
264 457 294 511 ἐκ
310 456 361 528 τῆς
376 451 515 516 Ἑλλάδος
533 455 679 529 σοφισταὶ,
694 454 720 513 οἳ
737 459 837 515 τοῦτον
852 455 902 516 τόν

99 539 201 618 χρόνον
209 539 358 620 ἐτύγχανον
367 537 464 609 ἐόντες,
474 539 510 602 οἷς
519 540 634 605 ἕκαστος
643 540 730 601 αὐτῶν
736 541 900 611 ἀπικνέοιτο,

101 629 147 686 καὶ
169 626 204 703 δή
226 628 272 685 καὶ
294 625 391 690 Σόλων
411 626 480 704 άνήρ
500 627 654 704 Ἀθηναῖος,
675 628 706 692 ὃς
726 629 902 705 Ἀθηναίοισι

99 714 201 792 νόμους
211 713 363 774 κελεύσασι
372 712 502 789 ποιήσας,
511 714 674 793 ἀπεδήμησε
684 718 744 775 ἐτεα
754 717 819 776 δέκα
831 716 900 775 κατά

101 804 214 880 θεωρίης
226 802 372 880 πρόφασιν
386 802 540 871 ἐκπλεύσας,
556 803 599 863 ἵνα
613 803 647 878 δή
664 803 704 880 μή
716 830 778 863 τινα
790 808 844 862 τῶν
856 803 901 863 νό-

99 917 159 964 μων
171 889 336 971 ἀναγκασθῇ
348 893 436 948 λῦσαι
448 894 504 948 τῶν
518 891 605 949 ἔθετο·
626 890 704 950 αὐτοὶ
716 891 771 971 γάρ
785 890 833 950 ούκ
846 891 902 949 οἶοί

99 1004 130 1038 τε
143 977 218 1054 ἦσαν
231 976 298 1037 ufir&
311 980 430 1052 ποιῆσαι
442 975 594 1052 Ἀθηναῖοι·
615 977 735 1054 ὁρκίοισι
746 977 801 1058 γάρ
813 978 898 1058 μεγά-

99 1071 179 1125 λοισι
193 1065 361 1144 κατείχοντο,
375 1065 441 1123 δέκα
457 1064 519 1123 ἐτεα
535 1064 694 1144 χρήσεσθαι
707 1064 818 1142 νόμοισι
834 1066 898 1128 τούς

99 1153 133 1214 ἅν
150 1159 206 1229 σφι
224 1151 321 1218 Σόλων
337 1153 428 1228 θῆται.
450 1151 546 1211 Αὐτῶν
562 1152 595 1227 δή
613 1152 649 1212 ὧν
666 1151 768 1212 τούτων
785 1154 831 1211 καὶ
849 1154 945 1227 τήςδΟ

100 1242 213 1318 θεωρίης
236 1237 393 1315 ἐκδημήσας
415 1237 431 1298 ὁ
456 1238 553 1303 Σόλων
576 1239 684 1309 εἵνεκεν,
709 1246 736 1302 ἐς
758 1241 899 1320 Αἴγυπτον

99 1327 213 1388 οἷπίκετο
232 1327 309 1404 παρὰ
322 1326 457 1403 Ἀμασιν,
475 1327 521 1384 καὶ
539 1326 572 1401 δή
590 1328 635 1385 καὶ
656 1333 683 1390 ἐς
704 1325 803 1403 Σάρδις
821 1324 898 1402 παρά

100 1421 235 1493 Κροῖσον·
256 1413 421 1491 ἀπικόμενος
433 1414 463 1473 δὲ
480 1414 621 1484 ἐξεινίζετο
635 1420 663 1473 ἐν
675 1417 751 1472 τοῖσι
763 1414 898 1488 βασιληί·

99 1529 159 1564 οισι
167 1502 221 1563 ὑπό
231 1507 280 1562 τοῦ
289 1503 424 1579 Κροίσου·
437 1501 508 1578 μετὰ
517 1501 554 1571 δὲ,
563 1501 652 1579 ήμέρη
660 1503 737 1579 τρίτη
745 1499 763 1576 ἦ
771 1498 896 1578 τετάρτη,

99 1590 282 1654 κελεύσαντος
298 1590 425 1668 Κροίσου
440 1588 490 1647 τόν
506 1587 622 1653 Σόλωνα
640 1587 804 1664 θεράποντες
822 1612 897 1663 περι·

98 1683 170 1759 ἦγον
188 1678 258 1738 κατὰ
272 1677 336 1741 τούς
354 1675 517 1753 θησαυρούς,
535 1677 581 1733 καὶ
598 1676 790 1734 ἐπεδείκνυσαν
807 1673 898 1734 πάντα

99 1767 180 1827 ε’όντα
196 1764 308 1846 μεγάλα
324 1791 355 1824 τε
376 1765 422 1823 καὶ
442 1763 540 1839 ὄλβια·
562 1762 733 1841 θεησάμενον
750 1761 781 1820 δέ
796 1788 845 1839 μιν
861 1761 898 1821 τά

98 1852 190 1913 πάντα
202 1854 248 1911 καὶ
258 1851 441 1930 σκεψάμενον,
454 1851 489 1914 ὥς
502 1854 528 1910 οἱ
542 1850 612 1909 κατά
625 1849 718 1927 καιρόν
726 1849 744 1906 ι’
747 1876 770 1919 ν,
782 1851 869 1925 εἴρετο
880 1848 897 1907 ὅ

99 1945 225 2018 Κροῖσος
238 1939 313 1999 τάδε·
334 1940 425 2009 “idve
436 1939 574 2014 Ἀθηναῖε,
587 1937 651 2015 παρ’
664 1937 751 2014 ήμέας
766 1937 820 2017 γάρ
833 1937 897 2012 περὶ

98 2030 150 2088 σέο
167 2027 253 2108 λόγος
273 2025 386 2085 ἀπῖκται
405 2025 522 2095 πολλός,
539 2026 585 2084 καὶ
605 2027 710 2101 σοφίης
730 2025 830 2083 εἵνεκεν
846 2028 898 2099 τῆς

98 2120 153 2192 οῆς
166 2115 213 2174 καὶ
225 2114 340 2189 πλάνης,
352 2112 387 2177 ὦς
401 2113 583 2188 φιλοσοφέων
596 2117 650 2194 γῆν
662 2110 773 2187 πολλήν
783 2112 896 2188 θεωρίης

98 2205 200 2263 εἵνεκεν
222 2201 404 2277 ἐπελήλυθας·
428 2205 477 2260 νῦν
500 2199 536 2260 ὧν
559 2199 651 2277 ἵμερος
671 2199 831 2276 ἐπείρεσθαί
847 2225 897 2275 μοι

98 2292 212 2367 ἐπῆλθε,
224 2290 250 2349 εἴ
260 2314 322 2349 τινα
333 2287 386 2364 ήδη
396 2287 506 2347 πάντων
519 2287 586 2350 εἶδες
599 2285 773 2362 ὀλβιώτατον
778 2285 801 2355 ;”
818 2285 833 2345 ὁ
846 2289 898 2362 μὲν

98 2379 216 2448 ἐλπίζων
226 2376 296 2436 εἶναι
309 2375 456 2452 ἀνθρώπων
467 2374 647 2450 ὀλβιώτατος,
658 2378 745 2433 ταῦτα
756 2373 897 2450 ἐπειρώτα·

99 2465 196 2532 Σόλων
208 2465 238 2524 δὲ
251 2462 328 2524 ου’δέν
339 2461 539 2524 ὑποθωπεύσας
555 2460 633 2520 ἀλλὰ
648 2466 687 2540 τῷ
704 2461 775 2521 ἐόντι
787 2461 896 2539 χρησά-

97 2578 180 2629 μενος
199 2553 286 2632 λέγει·
308 2549 351 2609 “ὦ
365 2552 498 2625 βασιλεῦ,
512 2549 622 2608 Τέλλον
637 2548 809 2624 Ἀθηναῖον·”
830 2549 899 2608 αἶπο-

98 2638 248 2717 θωυμόσας
257 2638 287 2697 δὲ
300 2641 424 2715 Κροῖσος
435 2636 468 2696 τό
482 2638 583 2715 λεχθὲν
602 2636 688 2713 εἴρετο
702 2636 899 2712 ἐπιστρεφέως·

98 2728 182 2805 “κοίῃ
192 2725 226 2802 δή
236 2727 334 2804 κρίνεις
343 2725 453 2784 Τέλλον
463 2719 532 2782 εἶναι
542 2722 748 2798 ὀλβιώτατον;”
762 2723 778 2782 ό
790 2724 819 2781 δὲ
830 2722 899 2781 εἶπε·

99 2814 229 2892 ’(Τέλλιρ,
247 2816 330 2872 τοῦτο
347 2814 406 2889 μὲν,
422 2816 474 2886 τῆς
491 2811 590 2873 πόλιος
608 2810 637 2869 εὖ
655 2809 786 2885 ἡκούσης,
803 2810 898 2872 παῖδες

98 2901 173 2978 ἦσαν
193 2900 278 2959 καλοί
294 2925 326 2958 τε
346 2898 471 2979 κάγαθοὶ,
491 2899 539 2956 καί
557 2905 613 2974 σφι
634 2897 687 2956 εἶδε
707 2896 797 2956 ἅπασι
817 2897 900 2956 τέκνα

99 2986 263 3069 ἐκγενόμενα
283 2987 329 3045 καὶ
344 2986 436 3046 πάντα
455 2987 671 3063 παραμείναντα·
691 2988 773 3043 τοῦτο
794 2984 900 3053 δὲ,τοῦ

98 3077 166 3152 βίου
185 3074 214 3133 εὗ
232 3072 328 3149 ἥκοντι
346 3073 382 3136 οἷς
398 3072 434 3132 τά
450 3071 515 3149 παρ’
531 3072 607 3148 ήμῖν,
625 3070 741 3145 τελευτή
763 3075 814 3129 τοῦ
838 3072 908 3146 βίου

98 3160 283 3241 λαμπροτάτη
303 3161 457 3244 ἐπεγένετο·
482 3161 640 3245 γενομένης
660 3158 720 3240 γδρ
736 3157 938 3232 'mmmm

126 3249 136 3271 Ι

241 3248 247 3270 λ
315 3248 322 3272 ἱ

88 3275 184 3328 ΜΧῚΙῖ
190 3275 262 3329 προς
271 3275 338 3317 70ῡῖ
346 3250 560 3337 ἀστυγείτονας
571 3249 785 3315 ἐν’ἳιλευαῖνι,
793 3236 965 3320 §affixus
