<?xml version="1.0" encoding="UTF-8"?>
<!DOCTYPE html PUBLIC "-//W3C//DTD XHTML 1.0 Transitional//EN"
    "http://www.w3.org/TR/xhtml1/DTD/xhtml1-transitional.dtd">
<html xmlns="http://www.w3.org/1999/xhtml" xml:lang="en" lang="en">
 <head>
  <title>
</title>
<meta http-equiv="Content-Type" content="text/html;charset=utf-8" />
  <meta name='ocr-system' content='tesseract 3.04.00' />
  <meta name='ocr-capabilities' content='ocr_page ocr_carea ocr_par ocr_line ocrx_word'/>
</head>
<body>
  <div class='ocr_page' id='page_1' title='image "./recensuitjoseph00herogoog_0297.png"; bbox 0 0 2040 3464; ppageno 0'>
   <div class='ocr_carea' id='block_1_1' title="bbox 57 107 944 3348">
    <p class='ocr_par' dir='ltr' id='par_1_1' title="bbox 57 107 944 3348">
     <span class='ocr_line' id='line_1_1' title="bbox 137 107 939 172; baseline 0 -14"><span class='ocrx_word' id='word_1_1' title='bbox 137 112 183 158; x_wconf 80' lang='grc' dir='ltr'>ιω</span> <span class='ocrx_word' id='word_1_2' title='bbox 442 110 626 159; x_wconf 73' lang='grc' dir='ltr'>ἀνοΔοτοτ</span> <span class='ocrx_word' id='word_1_3' title='bbox 871 107 939 172; x_wconf 86' lang='lat'>[111.</span> 
     </span>
     <span class='ocr_line' id='line_1_2' title="bbox 137 183 941 264; baseline 0 -19"><span class='ocrx_word' id='word_1_4' title='bbox 137 187 250 263; x_wconf 88' lang='grc' dir='ltr'>λόμενα,</span> <span class='ocrx_word' id='word_1_5' title='bbox 275 189 372 248; x_wconf 81' lang='grc' dir='ltr'>κτείνει</span> <span class='ocrx_word' id='word_1_6' title='bbox 393 215 442 264; x_wconf 90' lang='grc' dir='ltr'>μιν</span> <span class='ocrx_word' id='word_1_7' title='bbox 463 188 554 247; x_wconf 81' lang='grc' dir='ltr'>ὀπίσω</span> <span class='ocrx_word' id='word_1_8' title='bbox 576 185 767 263; x_wconf 79' lang='grc' dir='ltr'>κομιζόμενον,</span> <span class='ocrx_word' id='word_1_9' title='bbox 790 183 894 261; x_wconf 75' lang='grc' dir='ltr'>ἄνδρας</span> <span class='ocrx_word' id='word_1_10' title='bbox 915 189 941 246; x_wconf 78' lang='grc' dir='ltr'>οἶ</span> 
     </span>
     <span class='ocr_line' id='line_1_3' title="bbox 137 271 942 352; baseline 0 -19"><span class='ocrx_word' id='word_1_11' title='bbox 137 276 253 338; x_wconf 79' lang='grc' dir='ltr'>ίπείσας</span> <span class='ocrx_word' id='word_1_12' title='bbox 270 275 328 334; x_wconf 86' lang='grc' dir='ltr'>κατ’</span> <span class='ocrx_word' id='word_1_13' title='bbox 342 276 414 346; x_wconf 80' lang='grc' dir='ltr'>ὁδόν,</span> <span class='ocrx_word' id='word_1_14' title='bbox 432 275 595 336; x_wconf 77' lang='grc' dir='ltr'>ἀποκτείνας</span> <span class='ocrx_word' id='word_1_15' title='bbox 612 275 643 333; x_wconf 85' lang='grc' dir='ltr'>δέ</span> <span class='ocrx_word' id='word_1_16' title='bbox 658 300 708 349; x_wconf 88' lang='grc' dir='ltr'>μιν</span> <span class='ocrx_word' id='word_1_17' title='bbox 722 272 849 349; x_wconf 75' lang='grc' dir='ltr'>ἠφάνισε</span> <span class='ocrx_word' id='word_1_18' title='bbox 867 271 942 352; x_wconf 66' lang='grc' dir='ltr'>αὐτῷ</span> 
     </span>
     <span class='ocr_line' id='line_1_4' title="bbox 92 361 941 441; baseline -0.001 -20"><span class='ocrx_word' id='word_1_19' title='bbox 92 365 242 440; x_wconf 78' lang='grc' dir='ltr'>127ἷππῳ.</span> <span class='ocrx_word' id='word_1_20' title='bbox 286 368 403 439; x_wconf 81' lang='grc' dir='ltr'>Δαρεῖος</span> <span class='ocrx_word' id='word_1_21' title='bbox 424 363 453 421; x_wconf 85' lang='grc' dir='ltr'>δὲ</span> <span class='ocrx_word' id='word_1_22' title='bbox 474 363 509 425; x_wconf 73' lang='grc' dir='ltr'>ὥς</span> <span class='ocrx_word' id='word_1_23' title='bbox 530 365 598 441; x_wconf 82' lang='grc' dir='ltr'>ἔσχε</span> <span class='ocrx_word' id='word_1_24' title='bbox 617 362 670 437; x_wconf 77' lang='grc' dir='ltr'>τήν</span> <span class='ocrx_word' id='word_1_25' title='bbox 690 361 788 440; x_wconf 71' lang='grc' dir='ltr'>ἀρχὴν,</span> <span class='ocrx_word' id='word_1_26' title='bbox 806 361 941 438; x_wconf 80' lang='grc' dir='ltr'>ἐπεθύμεε</span> 
     </span>
     <span class='ocr_line' id='line_1_5' title="bbox 135 447 941 527; baseline -0.004 -16"><span class='ocrx_word' id='word_1_27' title='bbox 135 451 184 511; x_wconf 81' lang='grc' dir='ltr'>τόν</span> <span class='ocrx_word' id='word_1_28' title='bbox 202 451 332 527; x_wconf 81' lang='grc' dir='ltr'>Ὀροίτεα</span> <span class='ocrx_word' id='word_1_29' title='bbox 349 451 494 519; x_wconf 82' lang='grc' dir='ltr'>τίσασθαι,</span> <span class='ocrx_word' id='word_1_30' title='bbox 513 450 624 511; x_wconf 90' lang='grc' dir='ltr'>πάντων</span> <span class='ocrx_word' id='word_1_31' title='bbox 640 476 672 509; x_wconf 88' lang='grc' dir='ltr'>τε</span> <span class='ocrx_word' id='word_1_32' title='bbox 690 452 745 508; x_wconf 78' lang='grc' dir='ltr'>τῶν</span> <span class='ocrx_word' id='word_1_33' title='bbox 762 447 941 523; x_wconf 71' lang='grc' dir='ltr'>ἀδικημάτων</span> 
     </span>
     <span class='ocr_line' id='line_1_6' title="bbox 137 535 940 614; baseline -0.001 -17"><span class='ocrx_word' id='word_1_34' title='bbox 137 539 237 598; x_wconf 83' lang='grc' dir='ltr'>εἵνεκεν</span> <span class='ocrx_word' id='word_1_35' title='bbox 250 539 296 597; x_wconf 86' lang='grc' dir='ltr'>καὶ</span> <span class='ocrx_word' id='word_1_36' title='bbox 308 538 437 614; x_wconf 90' lang='grc' dir='ltr'>μάλιστα</span> <span class='ocrx_word' id='word_1_37' title='bbox 451 537 641 614; x_wconf 88' lang='grc' dir='ltr'>Μιτραβάτεω</span> <span class='ocrx_word' id='word_1_38' title='bbox 656 538 702 595; x_wconf 90' lang='grc' dir='ltr'>καὶ</span> <span class='ocrx_word' id='word_1_39' title='bbox 714 540 765 596; x_wconf 79' lang='grc' dir='ltr'>τοῦ</span> <span class='ocrx_word' id='word_1_40' title='bbox 777 535 890 598; x_wconf 83' lang='grc' dir='ltr'>παιδός·</span> <span class='ocrx_word' id='word_1_41' title='bbox 909 542 940 596; x_wconf 86' lang='grc' dir='ltr'>ἐκ</span> 
     </span>
     <span class='ocr_line' id='line_1_7' title="bbox 134 622 940 703; baseline 0.002 -19"><span class='ocrx_word' id='word_1_42' title='bbox 134 629 186 703; x_wconf 84' lang='grc' dir='ltr'>μὲν</span> <span class='ocrx_word' id='word_1_43' title='bbox 210 625 244 700; x_wconf 73' lang='grc' dir='ltr'>δή</span> <span class='ocrx_word' id='word_1_44' title='bbox 268 630 318 701; x_wconf 85' lang='grc' dir='ltr'>τῆς</span> <span class='ocrx_word' id='word_1_45' title='bbox 342 627 427 699; x_wconf 79' lang='grc' dir='ltr'>ἰθείης</span> <span class='ocrx_word' id='word_1_46' title='bbox 450 626 572 701; x_wconf 81' lang='grc' dir='ltr'>στρατόν</span> <span class='ocrx_word' id='word_1_47' title='bbox 596 625 638 684; x_wconf 86' lang='grc' dir='ltr'>ἐπ’</span> <span class='ocrx_word' id='word_1_48' title='bbox 662 623 746 684; x_wconf 78' lang='grc' dir='ltr'>αὐτόν</span> <span class='ocrx_word' id='word_1_49' title='bbox 770 623 822 683; x_wconf 88' lang='grc' dir='ltr'>ούκ</span> <span class='ocrx_word' id='word_1_50' title='bbox 846 622 940 686; x_wconf 83' lang='grc' dir='ltr'>ἐδόκεε</span> 
     </span>
     <span class='ocr_line' id='line_1_8' title="bbox 134 709 940 793; baseline 0.001 -21"><span class='ocrx_word' id='word_1_51' title='bbox 134 715 261 791; x_wconf 82' lang='grc' dir='ltr'>πέμπειν,</span> <span class='ocrx_word' id='word_1_52' title='bbox 289 713 338 773; x_wconf 79' lang='grc' dir='ltr'>ἅτε</span> <span class='ocrx_word' id='word_1_53' title='bbox 366 709 509 773; x_wconf 80' lang='grc' dir='ltr'>οἰδεόντων</span> <span class='ocrx_word' id='word_1_54' title='bbox 534 713 575 772; x_wconf 81' lang='grc' dir='ltr'>ἔτι</span> <span class='ocrx_word' id='word_1_55' title='bbox 604 717 659 773; x_wconf 76' lang='grc' dir='ltr'>τῶν</span> <span class='ocrx_word' id='word_1_56' title='bbox 685 711 864 793; x_wconf 78' lang='grc' dir='ltr'>πρηγμάτων,</span> <span class='ocrx_word' id='word_1_57' title='bbox 892 714 940 774; x_wconf 77' lang='grc' dir='ltr'>καὶ</span> 
     </span>
     <span class='ocr_line' id='line_1_9' title="bbox 135 799 940 881; baseline 0.001 -20"><span class='ocrx_word' id='word_1_58' title='bbox 135 803 235 862; x_wconf 88' lang='grc' dir='ltr'>νεωστὶ</span> <span class='ocrx_word' id='word_1_59' title='bbox 253 803 322 880; x_wconf 80' lang='grc' dir='ltr'>ἔχων</span> <span class='ocrx_word' id='word_1_60' title='bbox 338 801 390 876; x_wconf 71' lang='grc' dir='ltr'>τήν</span> <span class='ocrx_word' id='word_1_61' title='bbox 410 802 508 879; x_wconf 73' lang='grc' dir='ltr'>ἀρχὴν,</span> <span class='ocrx_word' id='word_1_62' title='bbox 526 802 573 859; x_wconf 88' lang='grc' dir='ltr'>καὶ</span> <span class='ocrx_word' id='word_1_63' title='bbox 591 800 642 860; x_wconf 80' lang='grc' dir='ltr'>τόν</span> <span class='ocrx_word' id='word_1_64' title='bbox 661 801 792 876; x_wconf 85' lang='grc' dir='ltr'>Ὀροίτεα</span> <span class='ocrx_word' id='word_1_65' title='bbox 808 799 940 881; x_wconf 81' lang='grc' dir='ltr'>μεγάλην</span> 
     </span>
     <span class='ocr_line' id='line_1_10' title="bbox 135 888 937 967; baseline -0.005 -18"><span class='ocrx_word' id='word_1_66' title='bbox 135 890 188 964; x_wconf 67' lang='grc' dir='ltr'>τήν</span> <span class='ocrx_word' id='word_1_67' title='bbox 205 889 289 967; x_wconf 77' lang='grc' dir='ltr'>ἰσχύν</span> <span class='ocrx_word' id='word_1_68' title='bbox 302 888 508 965; x_wconf 86' lang='grc' dir='ltr'>πυνθανόμενος</span> <span class='ocrx_word' id='word_1_69' title='bbox 525 890 606 965; x_wconf 85' lang='grc' dir='ltr'>ἔχειν·</span> <span class='ocrx_word' id='word_1_70' title='bbox 627 888 677 948; x_wconf 83' lang='grc' dir='ltr'>τόν</span> <span class='ocrx_word' id='word_1_71' title='bbox 692 890 781 966; x_wconf 82' lang='grc' dir='ltr'>χίλιοι</span> <span class='ocrx_word' id='word_1_72' title='bbox 799 890 851 962; x_wconf 75' lang='grc' dir='ltr'>μὲν</span> <span class='ocrx_word' id='word_1_73' title='bbox 864 894 937 965; x_wconf 85' lang='grc' dir='ltr'>Περ-</span> 
     </span>
     <span class='ocr_line' id='line_1_11' title="bbox 131 975 939 1055; baseline 0 -19"><span class='ocrx_word' id='word_1_74' title='bbox 131 979 204 1036; x_wconf 92' lang='grc' dir='ltr'>σέων</span> <span class='ocrx_word' id='word_1_75' title='bbox 218 977 412 1054; x_wconf 83' lang='grc' dir='ltr'>ἐδορυφόρεον,</span> <span class='ocrx_word' id='word_1_76' title='bbox 426 975 484 1054; x_wconf 84' lang='grc' dir='ltr'>εἶχε</span> <span class='ocrx_word' id='word_1_77' title='bbox 501 977 530 1035; x_wconf 81' lang='grc' dir='ltr'>δὲ</span> <span class='ocrx_word' id='word_1_78' title='bbox 546 976 632 1052; x_wconf 82' lang='grc' dir='ltr'>νομόν</span> <span class='ocrx_word' id='word_1_79' title='bbox 645 976 694 1036; x_wconf 89' lang='grc' dir='ltr'>τόν</span> <span class='ocrx_word' id='word_1_80' title='bbox 707 1001 738 1034; x_wconf 87' lang='grc' dir='ltr'>τε</span> <span class='ocrx_word' id='word_1_81' title='bbox 754 975 877 1055; x_wconf 77' lang='grc' dir='ltr'>Φρύγιον</span> <span class='ocrx_word' id='word_1_82' title='bbox 891 977 939 1036; x_wconf 82' lang='grc' dir='ltr'>καὶ</span> 
     </span>
     <span class='ocr_line' id='line_1_12' title="bbox 132 1061 936 1140; baseline 0 -16"><span class='ocrx_word' id='word_1_83' title='bbox 132 1065 236 1124; x_wconf 81' lang='grc' dir='ltr'>Λύδιον</span> <span class='ocrx_word' id='word_1_84' title='bbox 256 1066 302 1122; x_wconf 84' lang='grc' dir='ltr'>καὶ</span> <span class='ocrx_word' id='word_1_85' title='bbox 319 1063 449 1124; x_wconf 84' lang='grc' dir='ltr'>Ἰωνικόν·</span> <span class='ocrx_word' id='word_1_86' title='bbox 470 1064 540 1140; x_wconf 82' lang='grc' dir='ltr'>πρός</span> <span class='ocrx_word' id='word_1_87' title='bbox 559 1069 647 1123; x_wconf 81' lang='grc' dir='ltr'>ταῦτα</span> <span class='ocrx_word' id='word_1_88' title='bbox 667 1063 702 1138; x_wconf 75' lang='grc' dir='ltr'>δη</span> <span class='ocrx_word' id='word_1_89' title='bbox 721 1061 758 1123; x_wconf 79' lang='grc' dir='ltr'>ὦν</span> <span class='ocrx_word' id='word_1_90' title='bbox 777 1062 794 1121; x_wconf 93' lang='lat'>6</span> <span class='ocrx_word' id='word_1_91' title='bbox 814 1068 936 1140; x_wconf 80' lang='grc' dir='ltr'>Δαρεῖος</span> 
     </span>
     <span class='ocr_line' id='line_1_13' title="bbox 131 1150 937 1232; baseline 0 -21"><span class='ocrx_word' id='word_1_92' title='bbox 131 1152 197 1212; x_wconf 85' lang='grc' dir='ltr'>τάδε</span> <span class='ocrx_word' id='word_1_93' title='bbox 211 1150 419 1231; x_wconf 78' lang='grc' dir='ltr'>ἐμηχανήσατο·</span> <span class='ocrx_word' id='word_1_94' title='bbox 440 1151 620 1232; x_wconf 80' lang='grc' dir='ltr'>συγκαλέσας</span> <span class='ocrx_word' id='word_1_95' title='bbox 634 1152 769 1226; x_wconf 89' lang='grc' dir='ltr'>Περσέων</span> <span class='ocrx_word' id='word_1_96' title='bbox 782 1151 848 1213; x_wconf 78' lang='grc' dir='ltr'>τούς</span> <span class='ocrx_word' id='word_1_97' title='bbox 864 1152 937 1211; x_wconf 74' lang='grc' dir='ltr'>δοκι-</span> 
     </span>
     <span class='ocr_line' id='line_1_14' title="bbox 132 1237 936 1320; baseline 0.002 -22"><span class='ocrx_word' id='word_1_98' title='bbox 132 1240 281 1316; x_wconf 85' lang='grc' dir='ltr'>μωτάτους,</span> <span class='ocrx_word' id='word_1_99' title='bbox 297 1241 378 1320; x_wconf 79' lang='grc' dir='ltr'>ἐλεγέ</span> <span class='ocrx_word' id='word_1_100' title='bbox 396 1247 452 1315; x_wconf 86' lang='grc' dir='ltr'>σφι</span> <span class='ocrx_word' id='word_1_101' title='bbox 465 1240 539 1299; x_wconf 84' lang='grc' dir='ltr'>τάδε·</span> <span class='ocrx_word' id='word_1_102' title='bbox 564 1238 612 1297; x_wconf 85' lang='grc' dir='ltr'>“ὦ</span> <span class='ocrx_word' id='word_1_103' title='bbox 629 1240 749 1314; x_wconf 79' lang='grc' dir='ltr'>Πέρσαι,</span> <span class='ocrx_word' id='word_1_104' title='bbox 767 1239 810 1302; x_wconf 89' lang='grc' dir='ltr'>τίς</span> <span class='ocrx_word' id='word_1_105' title='bbox 829 1237 865 1299; x_wconf 81' lang='grc' dir='ltr'>ἅν</span> <span class='ocrx_word' id='word_1_106' title='bbox 885 1267 936 1315; x_wconf 86' lang='grc' dir='ltr'>μοι</span> 
     </span>
     <span class='ocr_line' id='line_1_15' title="bbox 131 1327 937 1407; baseline -0.001 -19"><span class='ocrx_word' id='word_1_107' title='bbox 131 1333 214 1388; x_wconf 81' lang='grc' dir='ltr'>τοῦτο</span> <span class='ocrx_word' id='word_1_108' title='bbox 227 1328 317 1404; x_wconf 85' lang='grc' dir='ltr'>ύμέων</span> <span class='ocrx_word' id='word_1_109' title='bbox 330 1327 456 1390; x_wconf 74' lang='grc' dir='ltr'>ὑποστάς</span> <span class='ocrx_word' id='word_1_110' title='bbox 469 1328 639 1387; x_wconf 86' lang='grc' dir='ltr'>ἐπιτελέσειε</span> <span class='ocrx_word' id='word_1_111' title='bbox 653 1327 752 1406; x_wconf 84' lang='grc' dir='ltr'>σοφίη,</span> <span class='ocrx_word' id='word_1_112' title='bbox 767 1327 813 1386; x_wconf 86' lang='grc' dir='ltr'>καὶ</span> <span class='ocrx_word' id='word_1_113' title='bbox 826 1327 868 1403; x_wconf 79' lang='grc' dir='ltr'>μή</span> <span class='ocrx_word' id='word_1_114' title='bbox 881 1330 937 1407; x_wconf 85' lang='grc' dir='ltr'>βίη</span> 
     </span>
     <span class='ocr_line' id='line_1_16' title="bbox 131 1415 937 1496; baseline 0.002 -21"><span class='ocrx_word' id='word_1_115' title='bbox 131 1442 162 1476; x_wconf 90' lang='grc' dir='ltr'>τε</span> <span class='ocrx_word' id='word_1_116' title='bbox 183 1417 228 1474; x_wconf 86' lang='grc' dir='ltr'>καὶ</span> <span class='ocrx_word' id='word_1_117' title='bbox 248 1416 357 1495; x_wconf 66' lang='grc' dir='ltr'>ὁμίλῳ,</span> <span class='ocrx_word' id='word_1_118' title='bbox 380 1416 459 1495; x_wconf 81' lang='grc' dir='ltr'>(ἔνθα</span> <span class='ocrx_word' id='word_1_119' title='bbox 478 1415 534 1495; x_wconf 79' lang='grc' dir='ltr'>γάρ</span> <span class='ocrx_word' id='word_1_120' title='bbox 554 1417 660 1491; x_wconf 82' lang='grc' dir='ltr'>σοφίης</span> <span class='ocrx_word' id='word_1_121' title='bbox 681 1416 743 1484; x_wconf 84' lang='grc' dir='ltr'>δέει,</span> <span class='ocrx_word' id='word_1_122' title='bbox 765 1416 832 1490; x_wconf 86' lang='grc' dir='ltr'>βίης</span> <span class='ocrx_word' id='word_1_123' title='bbox 854 1417 937 1496; x_wconf 84' lang='grc' dir='ltr'>ἔργον</span> 
     </span>
     <span class='ocr_line' id='line_1_17' title="bbox 134 1501 937 1584; baseline 0.002 -22"><span class='ocrx_word' id='word_1_124' title='bbox 134 1503 234 1583; x_wconf 73' lang='grc' dir='ltr'>οὐδέν)</span> <span class='ocrx_word' id='word_1_125' title='bbox 255 1503 345 1579; x_wconf 74' lang='grc' dir='ltr'>ὑμέων</span> <span class='ocrx_word' id='word_1_126' title='bbox 358 1503 392 1578; x_wconf 75' lang='grc' dir='ltr'>δὴ</span> <span class='ocrx_word' id='word_1_127' title='bbox 406 1502 443 1563; x_wconf 84' lang='grc' dir='ltr'>ὦν</span> <span class='ocrx_word' id='word_1_128' title='bbox 456 1505 498 1565; x_wconf 85' lang='grc' dir='ltr'>τίς</span> <span class='ocrx_word' id='word_1_129' title='bbox 510 1529 560 1580; x_wconf 91' lang='grc' dir='ltr'>μοι</span> <span class='ocrx_word' id='word_1_130' title='bbox 572 1502 703 1580; x_wconf 83' lang='grc' dir='ltr'>Ὀροίτεα</span> <span class='ocrx_word' id='word_1_131' title='bbox 716 1501 734 1579; x_wconf 84' lang='grc' dir='ltr'>ἢ</span> <span class='ocrx_word' id='word_1_132' title='bbox 749 1503 854 1574; x_wconf 80' lang='grc' dir='ltr'>ζώοντα</span> <span class='ocrx_word' id='word_1_133' title='bbox 867 1504 937 1584; x_wconf 86' lang='grc' dir='ltr'>αἶγά-</span> 
     </span>
     <span class='ocr_line' id='line_1_18' title="bbox 131 1590 937 1672; baseline 0.002 -24"><span class='ocrx_word' id='word_1_134' title='bbox 131 1617 185 1672; x_wconf 85' lang='grc' dir='ltr'>γοι,</span> <span class='ocrx_word' id='word_1_135' title='bbox 210 1591 228 1667; x_wconf 81' lang='grc' dir='ltr'>ἢ</span> <span class='ocrx_word' id='word_1_136' title='bbox 252 1591 438 1659; x_wconf 75' lang='grc' dir='ltr'>οἷποκτείνειες</span> <span class='ocrx_word' id='word_1_137' title='bbox 467 1590 497 1654; x_wconf 79' lang='grc' dir='ltr'>ὃς</span> <span class='ocrx_word' id='word_1_138' title='bbox 520 1590 653 1666; x_wconf 77' lang='grc' dir='ltr'>ὠφέλησε</span> <span class='ocrx_word' id='word_1_139' title='bbox 676 1593 728 1666; x_wconf 91' lang='grc' dir='ltr'>μέν</span> <span class='ocrx_word' id='word_1_140' title='bbox 756 1618 793 1649; x_wconf 92' lang='grc' dir='ltr'>κω</span> <span class='ocrx_word' id='word_1_141' title='bbox 817 1593 937 1667; x_wconf 85' lang='grc' dir='ltr'>Πέρσας</span> 
     </span>
     <span class='ocr_line' id='line_1_19' title="bbox 132 1678 936 1759; baseline 0.002 -22"><span class='ocrx_word' id='word_1_142' title='bbox 132 1678 218 1746; x_wconf 83' lang='grc' dir='ltr'>ούδέν,</span> <span class='ocrx_word' id='word_1_143' title='bbox 234 1680 304 1738; x_wconf 88' lang='grc' dir='ltr'>κακοὶ</span> <span class='ocrx_word' id='word_1_144' title='bbox 322 1680 351 1738; x_wconf 81' lang='grc' dir='ltr'>δὲ</span> <span class='ocrx_word' id='word_1_145' title='bbox 369 1678 482 1759; x_wconf 89' lang='grc' dir='ltr'>μεγάλα</span> <span class='ocrx_word' id='word_1_146' title='bbox 500 1680 588 1758; x_wconf 77' lang='grc' dir='ltr'>ἔοργε·</span> <span class='ocrx_word' id='word_1_147' title='bbox 610 1683 693 1738; x_wconf 78' lang='grc' dir='ltr'>τοῦτο</span> <span class='ocrx_word' id='word_1_148' title='bbox 711 1681 763 1755; x_wconf 85' lang='grc' dir='ltr'>μέν</span> <span class='ocrx_word' id='word_1_149' title='bbox 777 1678 825 1737; x_wconf 88' lang='grc' dir='ltr'>δύο</span> <span class='ocrx_word' id='word_1_150' title='bbox 841 1679 936 1755; x_wconf 76' lang='grc' dir='ltr'>ἡμέων</span> 
     </span>
     <span class='ocr_line' id='line_1_20' title="bbox 130 1765 935 1843; baseline 0.004 -19"><span class='ocrx_word' id='word_1_151' title='bbox 130 1766 263 1842; x_wconf 77' lang='grc' dir='ltr'>ἠίστωσε,</span> <span class='ocrx_word' id='word_1_152' title='bbox 275 1767 461 1843; x_wconf 83' lang='grc' dir='ltr'>Μιτροβάτεά</span> <span class='ocrx_word' id='word_1_153' title='bbox 474 1792 505 1825; x_wconf 88' lang='grc' dir='ltr'>τε</span> <span class='ocrx_word' id='word_1_154' title='bbox 518 1768 564 1824; x_wconf 89' lang='grc' dir='ltr'>καὶ</span> <span class='ocrx_word' id='word_1_155' title='bbox 576 1765 626 1826; x_wconf 79' lang='grc' dir='ltr'>τόν</span> <span class='ocrx_word' id='word_1_156' title='bbox 636 1766 723 1826; x_wconf 83' lang='grc' dir='ltr'>παῖδα</span> <span class='ocrx_word' id='word_1_157' title='bbox 736 1765 830 1826; x_wconf 74' lang='grc' dir='ltr'>αὐτοῦ·</span> <span class='ocrx_word' id='word_1_158' title='bbox 850 1767 935 1827; x_wconf 83' lang='grc' dir='ltr'>τοῦτο</span> 
     </span>
     <span class='ocr_line' id='line_1_21' title="bbox 131 1854 935 1931; baseline 0.002 -19"><span class='ocrx_word' id='word_1_159' title='bbox 131 1854 161 1912; x_wconf 83' lang='grc' dir='ltr'>δὲ</span> <span class='ocrx_word' id='word_1_160' title='bbox 175 1857 220 1913; x_wconf 83' lang='grc' dir='ltr'>καὶ</span> <span class='ocrx_word' id='word_1_161' title='bbox 230 1855 295 1917; x_wconf 80' lang='grc' dir='ltr'>τούς</span> <span class='ocrx_word' id='word_1_162' title='bbox 309 1855 514 1918; x_wconf 78' lang='grc' dir='ltr'>ἀνακαλέοντας</span> <span class='ocrx_word' id='word_1_163' title='bbox 528 1854 613 1913; x_wconf 87' lang='grc' dir='ltr'>αύτὸν</span> <span class='ocrx_word' id='word_1_164' title='bbox 626 1855 672 1913; x_wconf 87' lang='grc' dir='ltr'>καὶ</span> <span class='ocrx_word' id='word_1_165' title='bbox 682 1854 877 1931; x_wconf 83' lang='grc' dir='ltr'>πεμπομένους</span> <span class='ocrx_word' id='word_1_166' title='bbox 887 1855 935 1914; x_wconf 73' lang='grc' dir='ltr'>ὑπ’</span> 
     </span>
     <span class='ocr_line' id='line_1_22' title="bbox 132 1941 934 2019; baseline 0.002 -19"><span class='ocrx_word' id='word_1_167' title='bbox 132 1946 198 2018; x_wconf 84' lang='grc' dir='ltr'>ἐμεῦ</span> <span class='ocrx_word' id='word_1_168' title='bbox 215 1945 320 2011; x_wconf 87' lang='grc' dir='ltr'>κτείνει,</span> <span class='ocrx_word' id='word_1_169' title='bbox 334 1941 419 2018; x_wconf 78' lang='grc' dir='ltr'>ὕβριν</span> <span class='ocrx_word' id='word_1_170' title='bbox 435 1942 485 2001; x_wconf 76' lang='grc' dir='ltr'>οὐκ</span> <span class='ocrx_word' id='word_1_171' title='bbox 504 1942 662 2019; x_wconf 81' lang='grc' dir='ltr'>άνοίσχετον</span> <span class='ocrx_word' id='word_1_172' title='bbox 676 1943 792 2017; x_wconf 86' lang='grc' dir='ltr'>φαίνων.</span> <span class='ocrx_word' id='word_1_173' title='bbox 826 1942 894 2018; x_wconf 89' lang='grc' dir='ltr'>πρίν</span> <span class='ocrx_word' id='word_1_174' title='bbox 907 1969 934 2002; x_wconf 89' lang='grc' dir='ltr'>τι</span> 
     </span>
     <span class='ocr_line' id='line_1_23' title="bbox 132 2028 933 2109; baseline 0 -21"><span class='ocrx_word' id='word_1_175' title='bbox 132 2031 168 2089; x_wconf 81' lang='grc' dir='ltr'>ὧν</span> <span class='ocrx_word' id='word_1_176' title='bbox 180 2032 263 2106; x_wconf 82' lang='grc' dir='ltr'>μέζον</span> <span class='ocrx_word' id='word_1_177' title='bbox 274 2030 484 2109; x_wconf 83' lang='grc' dir='ltr'>ἐξεργάσασθαί</span> <span class='ocrx_word' id='word_1_178' title='bbox 493 2055 542 2105; x_wconf 93' lang='grc' dir='ltr'>μιν</span> <span class='ocrx_word' id='word_1_179' title='bbox 555 2031 672 2106; x_wconf 82' lang='grc' dir='ltr'>Πέρσας</span> <span class='ocrx_word' id='word_1_180' title='bbox 685 2028 777 2098; x_wconf 82' lang='grc' dir='ltr'>κακόν,</span> <span class='ocrx_word' id='word_1_181' title='bbox 790 2033 933 2105; x_wconf 88' lang='grc' dir='ltr'>καταλαμ-</span> 
     </span>
     <span class='ocr_line' id='line_1_24' title="bbox 88 2117 935 2196; baseline 0.001 -20"><span class='ocrx_word' id='word_1_182' title='bbox 88 2120 141 2176; x_wconf 75' lang='grc'>128</span> <span class='ocrx_word' id='word_1_183' title='bbox 151 2120 233 2180; x_wconf 90' lang='grc' dir='ltr'>πτέος</span> <span class='ocrx_word' id='word_1_184' title='bbox 259 2119 322 2177; x_wconf 87' lang='grc' dir='ltr'>ἐστὶ</span> <span class='ocrx_word' id='word_1_185' title='bbox 347 2117 415 2192; x_wconf 76' lang='grc' dir='ltr'>ἡμῖν</span> <span class='ocrx_word' id='word_1_186' title='bbox 442 2117 575 2196; x_wconf 75' lang='grc' dir='ltr'>θανάτῳ.”</span> <span class='ocrx_word' id='word_1_187' title='bbox 617 2121 736 2195; x_wconf 83' lang='grc' dir='ltr'>Δαρεῖος</span> <span class='ocrx_word' id='word_1_188' title='bbox 765 2119 819 2192; x_wconf 83' lang='grc' dir='ltr'>μὲν</span> <span class='ocrx_word' id='word_1_189' title='bbox 844 2122 935 2177; x_wconf 74' lang='grc' dir='ltr'>ταίτα</span> 
     </span>
     <span class='ocr_line' id='line_1_25' title="bbox 131 2205 935 2283; baseline 0.002 -19"><span class='ocrx_word' id='word_1_190' title='bbox 131 2206 273 2282; x_wconf 83' lang='grc' dir='ltr'>ἐπειρώτα·</span> <span class='ocrx_word' id='word_1_191' title='bbox 301 2210 340 2283; x_wconf 81' lang='grc' dir='ltr'>τῷ</span> <span class='ocrx_word' id='word_1_192' title='bbox 353 2207 382 2264; x_wconf 87' lang='grc' dir='ltr'>δὲ</span> <span class='ocrx_word' id='word_1_193' title='bbox 397 2205 491 2282; x_wconf 77' lang='grc' dir='ltr'>ἄνδρες</span> <span class='ocrx_word' id='word_1_194' title='bbox 503 2205 652 2282; x_wconf 86' lang='grc' dir='ltr'>τριήκοντα</span> <span class='ocrx_word' id='word_1_195' title='bbox 665 2205 839 2281; x_wconf 82' lang='grc' dir='ltr'>ύπέστησαν,</span> <span class='ocrx_word' id='word_1_196' title='bbox 851 2205 935 2270; x_wconf 82' lang='grc' dir='ltr'>αύτὸς</span> 
     </span>
     <span class='ocr_line' id='line_1_26' title="bbox 132 2293 932 2370; baseline 0.003 -19"><span class='ocrx_word' id='word_1_197' title='bbox 132 2295 248 2356; x_wconf 79' lang='grc' dir='ltr'>ἕκαστος</span> <span class='ocrx_word' id='word_1_198' title='bbox 264 2294 366 2353; x_wconf 88' lang='grc' dir='ltr'>ἐθέλων</span> <span class='ocrx_word' id='word_1_199' title='bbox 379 2295 481 2353; x_wconf 89' lang='grc' dir='ltr'>ποιέειν</span> <span class='ocrx_word' id='word_1_200' title='bbox 496 2299 593 2353; x_wconf 84' lang='grc' dir='ltr'>ταῦτα·</span> <span class='ocrx_word' id='word_1_201' title='bbox 615 2294 753 2370; x_wconf 87' lang='grc' dir='ltr'>ἐρίζοντας</span> <span class='ocrx_word' id='word_1_202' title='bbox 770 2293 800 2352; x_wconf 77' lang='grc' dir='ltr'>δὲ</span> <span class='ocrx_word' id='word_1_203' title='bbox 814 2298 932 2369; x_wconf 84' lang='grc' dir='ltr'>Δαρεῖος</span> 
     </span>
     <span class='ocr_line' id='line_1_27' title="bbox 132 2380 931 2458; baseline 0 -18"><span class='ocrx_word' id='word_1_204' title='bbox 132 2382 329 2458; x_wconf 83' lang='grc' dir='ltr'>κατελάμβανε</span> <span class='ocrx_word' id='word_1_205' title='bbox 351 2380 468 2441; x_wconf 82' lang='grc' dir='ltr'>κελεύων</span> <span class='ocrx_word' id='word_1_206' title='bbox 489 2380 663 2442; x_wconf 87' lang='grc' dir='ltr'>πάλλεσθαι·</span> <span class='ocrx_word' id='word_1_207' title='bbox 684 2382 872 2456; x_wconf 84' lang='grc' dir='ltr'>παλλομένων</span> <span class='ocrx_word' id='word_1_208' title='bbox 893 2382 931 2455; x_wconf 81' lang='grc' dir='ltr'>δὲ,</span> 
     </span>
     <span class='ocr_line' id='line_1_28' title="bbox 131 2469 933 2551; baseline 0.001 -22"><span class='ocrx_word' id='word_1_209' title='bbox 131 2471 266 2550; x_wconf 84' lang='grc' dir='ltr'>λαγχάνει</span> <span class='ocrx_word' id='word_1_210' title='bbox 280 2477 309 2530; x_wconf 91' lang='grc' dir='ltr'>ἐκ</span> <span class='ocrx_word' id='word_1_211' title='bbox 323 2471 432 2530; x_wconf 88' lang='grc' dir='ltr'>πάντων</span> <span class='ocrx_word' id='word_1_212' title='bbox 446 2474 568 2551; x_wconf 83' lang='grc' dir='ltr'>Βαγαῖος</span> <span class='ocrx_word' id='word_1_213' title='bbox 582 2470 597 2529; x_wconf 90' lang='lat'>6</span> <span class='ocrx_word' id='word_1_214' title='bbox 610 2469 772 2547; x_wconf 87' lang='grc' dir='ltr'>Ἀρτόντεω·</span> <span class='ocrx_word' id='word_1_215' title='bbox 790 2469 889 2546; x_wconf 75' lang='grc' dir='ltr'>λαχών</span> <span class='ocrx_word' id='word_1_216' title='bbox 903 2470 933 2530; x_wconf 79' lang='grc' dir='ltr'>δέ</span> 
     </span>
     <span class='ocr_line' id='line_1_29' title="bbox 130 2557 932 2639; baseline 0.001 -23"><span class='ocrx_word' id='word_1_217' title='bbox 130 2558 146 2616; x_wconf 89' lang='lat'>6</span> <span class='ocrx_word' id='word_1_218' title='bbox 161 2564 282 2639; x_wconf 79' lang='grc' dir='ltr'>Βαγαῖος</span> <span class='ocrx_word' id='word_1_219' title='bbox 295 2560 382 2619; x_wconf 90' lang='grc' dir='ltr'>ποιέει</span> <span class='ocrx_word' id='word_1_220' title='bbox 395 2559 497 2617; x_wconf 81' lang='grc' dir='ltr'>τοιάδε·</span> <span class='ocrx_word' id='word_1_221' title='bbox 518 2559 626 2634; x_wconf 80' lang='grc' dir='ltr'>βιβλία</span> <span class='ocrx_word' id='word_1_222' title='bbox 638 2557 818 2638; x_wconf 84' lang='grc' dir='ltr'>γραψάμενος</span> <span class='ocrx_word' id='word_1_223' title='bbox 835 2558 932 2617; x_wconf 77' lang='grc' dir='ltr'>πολλά</span> 
     </span>
     <span class='ocr_line' id='line_1_30' title="bbox 133 2644 934 2726; baseline 0.002 -22"><span class='ocrx_word' id='word_1_224' title='bbox 133 2648 179 2704; x_wconf 84' lang='grc' dir='ltr'>καὶ</span> <span class='ocrx_word' id='word_1_225' title='bbox 193 2648 257 2723; x_wconf 85' lang='grc' dir='ltr'>περὶ</span> <span class='ocrx_word' id='word_1_226' title='bbox 273 2651 389 2706; x_wconf 75' lang='grc' dir='ltr'>πολλῶν</span> <span class='ocrx_word' id='word_1_227' title='bbox 403 2648 502 2724; x_wconf 81' lang='grc' dir='ltr'>ἔχοντα</span> <span class='ocrx_word' id='word_1_228' title='bbox 517 2645 696 2726; x_wconf 88' lang='grc' dir='ltr'>πρηγμάτων,</span> <span class='ocrx_word' id='word_1_229' title='bbox 710 2644 858 2725; x_wconf 79' lang='grc' dir='ltr'>σφρηγῖδά</span> <span class='ocrx_word' id='word_1_230' title='bbox 876 2653 934 2722; x_wconf 83' lang='grc' dir='ltr'>σφι</span> 
     </span>
     <span class='ocr_line' id='line_1_31' title="bbox 132 2731 934 2810; baseline 0 -18"><span class='ocrx_word' id='word_1_231' title='bbox 132 2735 256 2810; x_wconf 82' lang='grc' dir='ltr'>ἐπέβαλε</span> <span class='ocrx_word' id='word_1_232' title='bbox 272 2735 323 2809; x_wconf 75' lang='grc' dir='ltr'>την</span> <span class='ocrx_word' id='word_1_233' title='bbox 344 2735 472 2810; x_wconf 87' lang='grc' dir='ltr'>Δαρείου·</span> <span class='ocrx_word' id='word_1_234' title='bbox 494 2733 565 2810; x_wconf 81' lang='grc' dir='ltr'>μετά</span> <span class='ocrx_word' id='word_1_235' title='bbox 586 2734 623 2802; x_wconf 83' lang='grc' dir='ltr'>δὲ,</span> <span class='ocrx_word' id='word_1_236' title='bbox 641 2731 685 2807; x_wconf 82' lang='grc' dir='ltr'>ἤϊε</span> <span class='ocrx_word' id='word_1_237' title='bbox 706 2734 776 2810; x_wconf 81' lang='grc' dir='ltr'>ἔχων</span> <span class='ocrx_word' id='word_1_238' title='bbox 795 2735 885 2793; x_wconf 83' lang='grc' dir='ltr'>ταῦτα</span> <span class='ocrx_word' id='word_1_239' title='bbox 906 2738 934 2797; x_wconf 84' lang='grc' dir='ltr'>ἐς</span> 
     </span>
     <span class='ocr_line' id='line_1_32' title="bbox 133 2820 934 2899; baseline 0 -19"><span class='ocrx_word' id='word_1_240' title='bbox 133 2823 183 2884; x_wconf 77' lang='grc' dir='ltr'>τός</span> <span class='ocrx_word' id='word_1_241' title='bbox 207 2823 316 2899; x_wconf 78' lang='grc' dir='ltr'>Σάρδις·</span> <span class='ocrx_word' id='word_1_242' title='bbox 344 2821 510 2899; x_wconf 76' lang='grc' dir='ltr'>ἀπικόμενος</span> <span class='ocrx_word' id='word_1_243' title='bbox 534 2821 564 2879; x_wconf 86' lang='grc' dir='ltr'>δὲ</span> <span class='ocrx_word' id='word_1_244' title='bbox 587 2822 633 2879; x_wconf 88' lang='grc' dir='ltr'>καὶ</span> <span class='ocrx_word' id='word_1_245' title='bbox 654 2820 787 2896; x_wconf 88' lang='grc' dir='ltr'>Ὀροίτεω</span> <span class='ocrx_word' id='word_1_246' title='bbox 813 2825 842 2883; x_wconf 90' lang='grc' dir='ltr'>ἐς</span> <span class='ocrx_word' id='word_1_247' title='bbox 868 2820 934 2898; x_wconf 76' lang='grc' dir='ltr'>ὄφιν</span> 
     </span>
     <span class='ocr_line' id='line_1_33' title="bbox 133 2908 934 2984; baseline 0 -16"><span class='ocrx_word' id='word_1_248' title='bbox 133 2909 231 2980; x_wconf 71' lang='grc' dir='ltr'>ἐλθόν,</span> <span class='ocrx_word' id='word_1_249' title='bbox 242 2915 296 2969; x_wconf 80' lang='grc' dir='ltr'>τῶν</span> <span class='ocrx_word' id='word_1_250' title='bbox 308 2911 433 2984; x_wconf 86' lang='grc' dir='ltr'>βιβλίων</span> <span class='ocrx_word' id='word_1_251' title='bbox 444 2910 472 2968; x_wconf 83' lang='grc' dir='ltr'>ἐν</span> <span class='ocrx_word' id='word_1_252' title='bbox 484 2911 601 2967; x_wconf 79' lang='grc' dir='ltr'>ἕκαστον</span> <span class='ocrx_word' id='word_1_253' title='bbox 611 2908 833 2984; x_wconf 77' lang='grc' dir='ltr'>περιαιρεόμενος</span> <span class='ocrx_word' id='word_1_254' title='bbox 844 2908 934 2968; x_wconf 81' lang='grc' dir='ltr'>ἐδίδου</span> 
     </span>
     <span class='ocr_line' id='line_1_34' title="bbox 130 2996 934 3077; baseline 0.001 -22"><span class='ocrx_word' id='word_1_255' title='bbox 130 3001 169 3076; x_wconf 74' lang='grc' dir='ltr'>τῷ</span> <span class='ocrx_word' id='word_1_256' title='bbox 187 3001 388 3077; x_wconf 86' lang='grc' dir='ltr'>γραμματιστῇ</span> <span class='ocrx_word' id='word_1_257' title='bbox 407 3001 446 3074; x_wconf 78' lang='grc' dir='ltr'>τῷ</span> <span class='ocrx_word' id='word_1_258' title='bbox 465 2997 609 3075; x_wconf 81' lang='grc' dir='ltr'>βασιληίῳ</span> <span class='ocrx_word' id='word_1_259' title='bbox 631 2996 821 3075; x_wconf 90' lang='grc' dir='ltr'>ἐπιλέγεσθαι·</span> <span class='ocrx_word' id='word_1_260' title='bbox 843 3023 934 3075; x_wconf 88' lang='grc' dir='ltr'>γραμ·</span> 
     </span>
     <span class='ocr_line' id='line_1_35' title="bbox 120 3083 934 3163; baseline 0 -19"><span class='ocrx_word' id='word_1_261' title='bbox 120 3085 267 3162; x_wconf 82' lang='grc' dir='ltr'>ματιστάς</span> <span class='ocrx_word' id='word_1_262' title='bbox 285 3085 316 3146; x_wconf 79' lang='grc' dir='ltr'>δὲ</span> <span class='ocrx_word' id='word_1_263' title='bbox 332 3085 503 3163; x_wconf 77' lang='grc' dir='ltr'>βασιληίους</span> <span class='ocrx_word' id='word_1_264' title='bbox 519 3087 547 3142; x_wconf 86' lang='grc' dir='ltr'>οἱ</span> <span class='ocrx_word' id='word_1_265' title='bbox 563 3084 664 3144; x_wconf 87' lang='grc' dir='ltr'>πάντες</span> <span class='ocrx_word' id='word_1_266' title='bbox 682 3083 805 3161; x_wconf 78' lang='grc' dir='ltr'>ὕπαρχοι</span> <span class='ocrx_word' id='word_1_267' title='bbox 824 3084 934 3162; x_wconf 84' lang='grc' dir='ltr'>έχουσι·</span> 
     </span>
     <span class='ocr_line' id='line_1_36' title="bbox 57 3169 933 3263; baseline -0.001 -30"><span class='ocrx_word' id='word_1_268' title='bbox 57 3250 63 3263; x_wconf 82' lang='lat'><em>.</em></span> <span class='ocrx_word' id='word_1_269' title='bbox 110 3171 370 3256; x_wconf 77' lang='grc' dir='ltr'>α’ποπειρεαίμενος</span> <span class='ocrx_word' id='word_1_270' title='bbox 384 3175 414 3237; x_wconf 77' lang='grc' dir='ltr'>δὲ</span> <span class='ocrx_word' id='word_1_271' title='bbox 428 3179 484 3236; x_wconf 79' lang='grc' dir='ltr'>τῶν</span> <span class='ocrx_word' id='word_1_272' title='bbox 498 3171 660 3252; x_wconf 74' lang='grc' dir='ltr'>δορυφόρων</span> <span class='ocrx_word' id='word_1_273' title='bbox 675 3171 763 3229; x_wconf 69' lang='grc' dir='ltr'>ἰδἰλοιι</span> <span class='ocrx_word' id='word_1_274' title='bbox 774 3169 812 3228; x_wconf 67' lang='grc' dir='ltr'>τὰ</span> <span class='ocrx_word' id='word_1_275' title='bbox 827 3172 933 3245; x_wconf 80' lang='grc' dir='ltr'>βιβλία</span> 
     </span>
     <span class='ocr_line' id='line_1_37' title="bbox 109 3253 944 3348; baseline -0.016 -25"><span class='ocrx_word' id='word_1_276' title='bbox 109 3261 292 3348; x_wconf 74' lang='grc' dir='ltr'>ίΒαγαῖος,</span> <span class='ocrx_word' id='word_1_277' title='bbox 310 3273 337 3330; x_wconf 80' lang='grc' dir='ltr'>εἰ</span> <span class='ocrx_word' id='word_1_278' title='bbox 361 3265 533 3341; x_wconf 77' lang='grc' dir='ltr'>ἐνδεξαίατο</span> <span class='ocrx_word' id='word_1_279' title='bbox 555 3261 719 3322; x_wconf 69' lang='grc' dir='ltr'>ἀπόστασιν</span> <span class='ocrx_word' id='word_1_280' title='bbox 740 3253 944 3329; x_wconf 52' lang='lat' dir='ltr'>&amp;amum</span> 
     </span>
    </p>
   </div>
   <div class='ocr_carea' id='block_1_2' title="bbox 0 0 1024 3464">
    <p class='ocr_par' dir='ltr' id='par_1_2' title="bbox 0 0 1024 3464">
     <span class='ocr_line' id='line_1_38' title="bbox 0 0 1024 3464; baseline 0 0"><span class='ocrx_word' id='word_1_281' title='bbox 0 0 1024 3464; x_wconf 95' lang='lat' dir='ltr'> </span> 
     </span>
    </p>
   </div>
  </div>
 </body>
</html>
