2040 3464
87 111 197 176 82-87]
415 117 578 166 αππανιιιι.
840 114 888 164 ιιι

87 192 135 250 καὶ
152 191 207 267 τήν
223 193 275 270 μὶν
288 194 513 272 σπουδαιοτάτην
531 195 634 256 αύτέων
653 194 729 270 φασὶ
748 191 826 264 εἶναι,
840 193 890 251 τοῦ

86 278 137 338 οὐκ
151 278 232 340 ὅσιον
244 285 376 358 ποιεῦμαι
388 283 421 342 τό
436 281 541 360 οὔνομα
555 284 601 342 ἐπὶ
613 281 729 360 τοιούτῳ
744 279 889 360 πρήγματι

86 365 241 443 ὀνομάζειν,
257 368 310 445 τήν
328 370 358 428 δὲ
379 371 508 446 δευτέρην
526 369 667 429 δεικνύασι
685 368 889 444 ὑποδεεστέρην

86 479 117 512 τε
132 455 234 530 ταύτης
253 457 299 514 καὶ
316 456 522 534 εὐτελεστέρην,
536 458 589 533 τήν
605 459 634 516 δὲ
650 457 746 533 τρίτην
760 455 888 515 εὐτελεσ-

85 541 181 617 τάτην·
203 543 364 618 φράσαντες
379 545 409 604 δὲ
427 544 613 606 πυνθάνονται
632 544 696 621 παρ’
711 543 800 603 αὐτῶν
817 540 889 601 κατά

86 627 183 703 ἥντινα
201 631 359 705 βούλονταί
366 639 432 709 ’σφι
450 634 642 708 σκευασθῆναι
658 631 708 691 τόν
726 630 840 706 νεκρόν;
862 632 888 689 οἶ

85 720 137 791 μὲν
158 717 192 792 δή
213 718 345 790 ε’κποδιδν,
366 721 460 799 μισθῷ
479 720 716 801 ὁμολογήσαντες,
738 717 887 778 άπαλλάσ·

86 829 195 864 σονται·
223 809 250 865 οἱ
271 807 301 866 δὲ
324 807 542 884 ὑπολειπόμενοι
566 815 595 868 ἐν
619 807 754 884 οἰκήμασι
778 804 828 864 ὧδε
852 804 889 865 τά

86 893 296 953 σπουδαιότατα
308 895 497 974 ταριχεύουσι·
514 901 612 973 πρῶτα
624 898 676 972 μὲν
690 898 796 972 σκολιῷ
809 892 887 968 σιδή-

85 1003 125 1057 ρῳ
139 979 184 1038 διά
202 985 258 1041 τῶν
270 982 437 1059 μυξωτήρων
454 983 586 1064 ἐξάγουσι
604 983 654 1044 τδν
670 984 837 1063 ἐγκέφαλον,
851 979 888 1040 τά

85 1070 138 1142 μὲν
151 1067 235 1127 αύτοῦ
249 1069 320 1129 οὕτω
334 1070 478 1151 ἐξάγοντες
491 1071 526 1129 τά
540 1073 569 1130 δὲ
586 1072 728 1152 ἐγχέοντες
741 1068 887 1146 φάρμακα·

85 1155 157 1229 μετά
175 1156 212 1227 δὲ,
226 1157 297 1236 λίθῳ
316 1159 469 1236 Αἰθιοπικῷ
485 1157 545 1228 ὀξέϊ
562 1159 791 1237 παρασχίσαντες
810 1154 887 1232 παρά

85 1242 137 1317 τήν
150 1243 289 1321 λαπάρην,
305 1246 336 1315 ἐξ
352 1245 388 1306 ὧν
402 1247 478 1305 εἶλον
493 1247 545 1321 τήν
558 1247 667 1322 κοιλίην
680 1249 786 1303 πᾶσαν·
809 1248 887 1301 ε’κκα-

87 1328 219 1406 θήραντες
237 1332 267 1391 δὲ
284 1332 370 1408 αὐτήν
388 1334 435 1392 καὶ
453 1334 636 1409 διηθήσαντες
655 1333 717 1411 οἴνῳ
732 1330 885 1408 φοινικηίῳ,

87 1418 163 1480 αὖτις
177 1420 319 1495 διηθέουσι
333 1420 491 1498 θυμιήμασι
500 1422 717 1498 τετριμμένοισι·
733 1420 827 1476 ἔπειτα
835 1417 888 1492 τήν

86 1505 170 1580 νηδύν
190 1506 316 1584 σμύρνης
337 1507 476 1584 ἀκηράτου
497 1509 687 1586 τετριμμένης,
710 1506 756 1565 καὶ
778 1506 886 1580 κασίης,

87 1594 133 1651 καὶ
149 1597 203 1654 τῶν
216 1593 312 1656 ἄλλων
325 1595 474 1673 θυωμάτων
489 1597 566 1672 πλὴν
579 1599 739 1673 λιβανωτοῦ
757 1591 886 1668 πλήσαν·

85 1707 138 1749 τες,
154 1682 348 1759 συρράπτουσι
362 1683 461 1743 ὀπίσω·
478 1688 567 1744 ταῦτα
579 1686 609 1743 δὲ
622 1683 797 1760 ποιήσαντες,
811 1706 885 1756 ταρι-

85 1768 202 1846 χεύουσι
215 1771 300 1849 λίτρῳ
309 1770 461 1850 κρύψαντες
471 1772 576 1849 η’μέρας
587 1771 789 1848 ἑβδομήκοντα·
802 1771 886 1827 πλεῦ-

86 1882 134 1918 νας
161 1858 191 1915 δὲ
212 1860 331 1917 τουτέων
355 1859 405 1918 οὐκ
429 1861 520 1929 ἔξεστι
542 1860 707 1938 ταριχεύειν.
749 1855 833 1916 ε’πεάν
857 1856 887 1915 δὲ

85 1946 250 2020 παρέλθωσι
274 1950 303 2005 αἱ
324 1947 526 2024 ἑβδομήκοντα,
547 1947 701 2010 λούσαντες
721 1945 771 2006 τόν
791 1944 888 2020 νεκρόν

86 2033 303 2092 κατειλίσσουσι
313 2038 370 2094 πᾶν
379 2035 462 2094 αὐτοῦ
472 2035 505 2095 τό
516 2040 600 2111 σῶμα
609 2034 735 2098 σινδόνος
745 2034 887 2111 βυσσίνης

86 2124 232 2196 τελαμῶσι
249 2125 525 2199 κατατετμημένοισι,
540 2124 720 2202 ύποχρίοντες
737 2127 776 2199 τῷ
790 2119 886 2196 κόμμι·

85 2211 124 2286 τῷ
145 2207 180 2283 δή
199 2208 260 2268 άντὶ
279 2210 385 2285 κόλλης
406 2211 442 2270 τά
459 2210 556 2270 πολλά
575 2213 710 2290 χρέωνται
728 2209 886 2290 Αἰγύπτιοι·

86 2296 211 2356 ε’νθεῦτεν
225 2298 254 2355 δὲ
271 2297 493 2374 παραδεξάμενοί
505 2325 555 2376 μιν
571 2303 597 2358 οἱ
614 2298 811 2376 προσήκοντες,
825 2321 886 2353 ποι-

86 2387 179 2444 εῦνται
192 2383 302 2453 ξύλινον
314 2385 401 2445 τύπον
415 2386 627 2464 ἀνθρωποειδέα·
649 2384 834 2462 ποιησάμενοι
848 2383 886 2452 δὲ,

86 2477 237 2552 ἐσεργνῦσι
249 2471 298 2533 τόν
310 2473 416 2550 νεκρόν·
438 2476 484 2533 καὶ
503 2476 739 2551 κατακληίσαντες
753 2472 823 2532 οίτω
838 2472 886 2546 θη-

84 2560 261 2636 σαυρίζουσι·
288 2559 329 2641 [ἐν
353 2560 483 2638 οἰκήματι
510 2562 623 2642 θηκαίῳ,
648 2561 774 2622 ἱστάντες
801 2557 887 2634 όρθόν

84 2646 156 2723 πρός
168 2650 274 2726 τοῖχον·
291 2648 361 2707 οὕτω
374 2652 425 2724 μὲν
438 2648 502 2713 τούς
515 2650 551 2709 τά
564 2650 795 2708 πολυτελέστατα
806 2670 885 2704 σκευ-

85 2733 186 2805 άζουσι
199 2734 332 2818 νεκρούς]
365 2738 435 2800 Τούς
449 2737 477 2795 δὲ
490 2736 526 2796 τοὶ
538 2739 615 2814 μέσα
627 2735 819 2813 βουλομένους
835 2733 885 2807 τήν
894 2731 928 2791 δῖ

85 2822 117 2881 δὲ
136 2824 324 2900 πολυτεληίην
345 2824 507 2905 φεύγοντας,
530 2826 697 2896 σκευάζουσι
718 2821 778 2882 ὦδε·
804 2820 887 2880 ε’πεάν

85 2910 152 2973 τούς
165 2915 325 2988 κλυστῆρας
339 2912 504 2986 πλήσωνται
521 2919 571 2973 τοῦ
586 2912 641 2972 οἷπδ
660 2913 756 2988 κέδρου
770 2908 885 2982 άλείφα·

85 3024 134 3060 τος
143 3000 298 3078 γινομένου,
309 3004 338 3059 έν
348 2999 385 3058 ὧν
396 3001 524 3077 ἔπλησαν
534 3005 584 3060 τοῦ
595 3004 692 3077 νεκροῦ
706 2998 757 3074 τήν
768 2995 887 3070 κοιλίην,

87 3085 151 3144 οὔτε
170 3084 357 3163 άναταμόντες
374 3086 459 3148 αὐτόν
479 3087 543 3147 οὔτε
564 3088 705 3157 ἐξελόντες
724 3084 776 3161 τήν
796 3083 895 3156 νηδύν,

87 3173 158 3231 κατὰ
172 3173 202 3231 δὲ
213 3172 266 3250 τήν
281 3173 363 3253 ἕδρην
377 3175 584 3256 ἐσηθήσαντες·
610 3178 658 3238 καλ
671 3164 919 3248 ἐπδκαήλδντεςςὶ

76 3257 194 3332 Κλύσμθ
217 3265 269 3340 τῆς
290 3263 390 3328 σ’πίσω
413 3267 497 3344 ὁδοῦ,
519 3266 725 3352 ταριχεύουσι
742 3261 804 3324 τας
820 3269 946 3328 ‘ww'
