2040 3464
92 107 201 174 οο-οο]
435 115 547 162 mm.
860 115 889 160 αι

88 188 189 263 θησαν,
213 189 299 252 πέδας
323 216 355 250 τε
382 192 491 269 ἔχοντες
515 193 566 256 τοὶς
589 194 722 269 ἐφέροντο
744 191 823 250 αὐτοὶ
846 191 893 249 καὶ

89 276 194 355 σχοίνῳ
221 276 471 354 διαμετρησάμενοι
496 279 530 339 τό
553 281 649 339 πεδίον
670 280 703 339 τό
726 279 890 359 Τεγεητέων,

89 361 247 442 ἐργάζοντο.
288 368 318 423 αἱ
334 365 364 424 δὲ
377 366 458 424 πέδαι
475 365 563 435 αὗται,
578 373 607 426 ἐν
620 371 688 445 τῇσι
705 366 838 435 ἐδεδέατο,
853 367 893 424 ἐτι

90 450 136 507 καὶ
153 456 180 514 ἐς
201 455 249 528 ἐμὲ
263 451 339 527 ἦσαν
357 457 429 512 σῶαι
450 459 478 513 ἐν
498 455 586 536 Τεγέη
603 454 667 531 περὶ
686 453 736 514 τόν
756 453 823 530 νηόν
842 457 894 530 τῆς

88 534 190 613 Ἀλέης
200 537 349 614 Ἀθηναίης
362 540 540 617 κρεμάμεναι.

128 624 213 700 1Κατοὶ
225 628 277 701 μὲν
287 626 321 702 δη
335 627 386 687 τόν
398 628 534 706 πρότερον
546 628 674 708 πόλεμον
688 629 824 706 συνεχέως
838 628 891 687 αἶεὶ
901 631 936 689 67

89 716 178 774 κακῶς
192 711 308 773 ἀέθλεον
320 715 392 792 πρός
400 716 466 780 τους
475 716 621 798 Τεγεήτας,
633 716 703 776 κατά
717 716 746 775 δὲ
759 715 809 775 τόν
822 715 892 775 κατά

89 803 218 875 Κροῖσον
232 802 335 880 χρόνον
350 804 397 861 καὶ
411 803 464 879 την
476 803 691 882 Ἀναξανδρίδεώ
707 830 738 863 τε
756 806 802 862 καὶ
817 803 893 880 Ἀρί·

88 913 195 952 στανος
204 890 361 967 βασιληίην
375 897 403 950 ἐν
416 893 610 969 Λακεδαίμονι,
618 892 672 968 ἤδη
683 895 709 951 οἱ
719 894 893 968 Σπαρτιῆται

89 977 286 1054 κατυπέρτεροι
303 983 342 1056 τῷ
358 980 473 1059 πολέμῳ
492 979 666 1061 ἐγεγόνεσαν,
684 979 778 1057 τρόπῳ
795 979 891 1057 τοιῷδε

88 1063 242 1145 γενόμενοι·
263 1065 357 1141 ἐπειδη
372 1068 425 1126 αἰεὶ
437 1071 476 1146 τῷ
488 1069 603 1146 πολέμῳ
618 1071 755 1127 ἑσσοῦντο
772 1066 826 1126 ὑπό
842 1074 891 1126 Τε-

87 1153 216 1232 γεητέων,
237 1155 397 1232 πέμψαντες
420 1155 594 1232 θεοπρόπους
614 1161 642 1218 ἐς
664 1155 798 1231 Δελφοῦς
821 1159 891 1215 ἐπει-

87 1238 200 1316 ρώτεον,
215 1242 279 1302 τίνα
296 1240 330 1303 ἂν
347 1243 417 1302 θεῶν
433 1243 599 1320 ἱλασόμενοι
616 1242 770 1318 κατύπερθε
785 1245 823 1320 τῷ
840 1269 891 1302 πο·

88 1328 166 1406 λέμιρ
179 1331 335 1405 Τεγεητέων
348 1332 495 1411 γενοίατο;
515 1331 535 1407 ἦ
548 1331 578 1390 δὲ
596 1332 689 1406 Πυθίη
706 1336 762 1406 σφι
779 1331 890 1408 ἔχρησε,

87 1416 125 1474 τό
136 1415 274 1493 Ὀρέστεω
284 1423 333 1478 τοῦ
342 1418 550 1500 Ἀγαμέμνονος
560 1417 647 1478 όστέα
657 1418 889 1498 ἐπαγαγομένους·

88 1501 125 1566 οἷς
143 1503 173 1562 δὲ
190 1504 312 1582 ἀνευρεῖν
329 1506 379 1565 οὐκ
397 1507 500 1567 οἷοίτε
518 1507 641 1587 ἐγινέατο
658 1504 711 1581 την
733 1503 820 1580 θήκην
840 1509 890 1565 τοῦ

87 1589 235 1668 Ὀρέστεω,
250 1595 373 1671 ἔπεμπον
385 1593 461 1657 αὖτις
474 1593 526 1670 τὴν
540 1600 567 1657 ἐς
580 1593 644 1653 θεόν
660 1593 891 1668 ἐπειρησομένους

87 1679 138 1739 τόν
158 1684 251 1759 χῶρον
274 1686 303 1741 ἐν
324 1686 363 1760 τῷ
386 1682 476 1755 κέοιτο
498 1682 513 1742 ὁ
534 1681 679 1757 Ὀρέστης·
703 1685 836 1757 εἰρωτῶσι
858 1683 889 1742 δὲ

87 1771 175 1828 ταῦτα
188 1773 265 1829 τοῖσι
279 1769 463 1847 θεοπρόποισι
477 1771 554 1852 λέγει
567 1770 586 1846 ἦ
600 1769 694 1845 Πυθίη
707 1768 782 1829 τάδε·

148 1890 220 1939 Ἐστι
235 1908 272 1940 τις
284 1891 413 1954 Ἀρκαδίης
430 1894 508 1952 Τεγέη
524 1895 603 1954 λευρῷ
619 1893 654 1940 ένί
669 1894 748 1954 χώρῳ,

152 1963 201 2011 ἔνθ’
218 1964 298 2021 ἄνεμοι
315 1966 421 2012 πνείουσι
437 1967 478 2012 δύο
495 1968 610 2026 κρατερῆς
627 1961 664 2011 ὑπ’
681 1966 795 2024 ἀνάγκης,

153 2036 194 2082 καί
209 2038 283 2083 τύπος
300 2037 434 2094 ἀντίτυπος,
454 2038 494 2084 καὶ
511 2037 572 2096 πῆμ’
590 2038 630 2084 ἐπὶ
647 2038 742 2095 πήματι
758 2038 844 2086 κεῖται.

153 2106 201 2154 ἔνθ’
216 2106 418 2168 Ἀγαμεμνονίδην
436 2110 534 2168 κατέχει
552 2110 662 2169 φυσίζοος
681 2109 732 2154 αἶα·

151 2180 194 2226 τὸν
210 2179 242 2226 σι)
258 2181 437 2238 κομισσάμενος,
456 2181 546 2240 Τεγέης
564 2180 717 2242 ἐπιτάρῤοθος
734 2181 804 2240 έσση.

86 2276 122 2342 οἷς
137 2279 168 2338 δὲ
185 2280 232 2338 καὶ
247 2285 334 2340 ταῦτα
349 2279 474 2356 ἥκουσαν
490 2285 517 2342 οἱ
532 2279 754 2358 Λακεδαιμόνιοι,
771 2279 888 2360 ἀπεῖχον

85 2370 136 2441 τῆς
157 2367 310 2443 ἐξευρέσιος
330 2368 409 2428 οὐδὲν
432 2371 565 2440 ἔλασσον,
579 2370 671 2430 πάντα
691 2368 839 2445 διζήμενοι·
861 2374 888 2432 ἐς

85 2451 118 2512 οὗ
141 2453 175 2529 δη
198 2456 296 2533 Λίχης,
317 2460 372 2515 τῶν
394 2455 572 2538 ἀγαθοεργῶν
592 2457 766 2532 καλεομένων
794 2458 887 2534 Σπαρ·

84 2543 206 2617 τιητέων,
220 2543 326 2620 ἀνεῦρε.
356 2546 394 2623 (οἱ
412 2545 442 2603 δὲ
459 2543 626 2626 ἀγαθοεργοὶ
643 2546 698 2605 εἰσὶ
715 2548 771 2605 τῶν
785 2543 887 2615 ἀστῶν,

85 2629 203 2698 ἐξιόντες
224 2635 254 2689 ἐκ
274 2635 329 2690 τῶν
351 2632 455 2692 ἱππέων
473 2634 526 2691 αἰεὶ
544 2636 571 2691 οἱ
587 2631 788 2711 πρεσβύτατοι,
805 2633 887 2690 πέντε

85 2718 158 2780 ἔτεος
175 2716 303 2777 ἑκάστου·
323 2718 388 2782 'tofis
404 2719 446 2779 δεῖ
461 2724 561 2780 Τοῦτον
577 2720 627 2780 Τὁν
645 2718 768 2779 ἐνιαυτὸν
784 2717 835 2779 Τέδν
852 2716 887 2779 ἂν

84 2805 179 2874 ἐξίωσι
200 2810 230 2864 ἐκ
251 2809 307 2864 τῶν
328 2807 440 2877 ἱππέων,
455 2808 648 2884 Σπαρτιητέων
668 2811 707 2884 τῷ
729 2809 810 2883 κοινῷ
829 2804 885 2863 δια-

82 2894 277 2969 πεμπομένους
288 2893 328 2972 μη
343 2895 458 2955 ἐλινύειν
471 2894 576 2958 ἅλλους
589 2894 685 2974 ἄλλη).
726 2892 836 2952 Τοότων
850 2891 886 2951 ὧν
895 2895 932 2952 68

82 2985 138 3040 τῶν
160 2979 266 3058 ἀνδρῶν
288 2982 378 3060 Λίχης
401 2982 497 3061 ἀνεῦρε
521 2987 550 3042 ἐν
572 2983 660 3064 Τεγέη
683 2981 729 3040 καὶ
750 2980 885 3058 συντυχίη

83 3068 262 3149 χρησόμενος
290 3071 337 3127 καὶ
364 3071 466 3149 σοφίη·
497 3068 597 3146 ἐούσης
627 3069 682 3150 γοὶρ
712 3072 810 3128 τοῦτον
835 3067 886 3128 τόν

83 3155 185 3234 χρόνον
199 3156 335 3233 ἐπιμιξίης
346 3157 416 3236 πρός
428 3156 493 3222 τούς
504 3156 658 3241 Τεγεήτας,
672 3155 765 3218 {mv
782 3160 814 3217 ἐς
827 3158 905 3230 χαλ·

76 3241 155 3314 Κῆἵθν
166 3243 274 3316 ἐθηεῖτο
287 3245 409 3323 σιδηρον
421 3247 666 3328 ἐξελαυνόμενον,
681 3247 733 3307 καλ
745 3250 777 3305 ἐυ
791 3241 934 3314 &dmm
