2040 3464
79 108 189 173 23—26]
430 110 544 162 κκοιυ.
847 115 877 164 11

80 189 164 250 αύτόν
179 194 208 249 ἐν
223 192 259 267 τῇ
277 192 365 268 σκευῇ
382 189 462 269 πάσῃ
479 189 584 251 στάντα
603 195 632 251 ἐν
647 193 725 252 τοῖσι
741 191 881 252 έδωλύτισι

80 275 183 335 ἀεῖσαι·
204 275 301 338 άείσας
316 276 346 334 δὲ
362 275 508 337 ὑπεδέκετο
525 276 623 338 ἑωυτόν
641 278 877 359 κατεργάσασθαι·

80 362 127 420 καὶ
136 366 212 422 τοῖσι
222 363 349 424 ἐσελθεῖν
357 363 411 443 γάρ
421 364 523 439 ἡδονὴν
534 369 558 423 εἰ
566 365 699 441 μέλλοιεν
709 363 880 425 ἀκούσεσθαι

79 453 130 508 τοῦ
150 447 265 526 ἀρίστου
285 448 435 527 ἀνθρώπων
456 451 558 520 ἀοιδοῦ,
580 450 760 529 ἀναχωρῆσαι
780 457 810 511 ἐκ
829 455 880 527 τῆς

79 534 206 613 πρύμνης
218 542 246 600 ἐς
260 537 352 613 μέσην
364 538 421 597 νέα·
441 537 490 598 τὸν
503 539 532 597 δέ
550 538 661 598 ἐνδύντα
676 565 708 598 τε
720 543 817 598 πᾶσαν
828 539 881 613 τήν

80 621 185 697 σκευήν
204 623 251 681 καὶ
269 622 399 698 λαβόντα
417 623 469 700 τήν
489 623 611 702 κιθάρην,
629 624 736 685 στάντα
756 631 785 685 ἐν
803 628 879 684 τοῖσι

81 709 222 768 ἑδωλίοισι
239 709 388 778 διεξελθεῖν
405 709 491 788 νόμον
508 710 557 771 τόν
575 710 677 787 ὄρθιον·
698 715 880 774 τελευτῶντος

80 795 112 854 δὲ
126 799 176 856 τοῦ
191 794 285 872 νόμου,
298 797 378 874 ῥίψαι
394 822 442 872 μιν
459 802 486 860 ἐς
501 796 553 872 τήν
566 797 716 857 θάλασσαν
734 797 832 857 ἑωυτόν
845 794 881 860 ῶς

43 893 50 907 “
81 882 141 960 εἶχε
157 882 209 942 σύν
224 875 261 961 τῇ
277 887 365 961 σκευῇ
378 882 466 961 πάσῃ·
488 885 534 942 καὶ
549 884 612 948 τούς
624 888 676 962 μὲν
689 885 840 944 ἀποπλέειν
853 889 880 946 ἐς

82 969 229 1046 ΚόρινθονΙ
249 969 298 1029 τόν
311 970 348 1039 δέ,
363 969 482 1045 δελφῖνα
494 970 613 1051 λέγουσι
627 971 811 1047 ύπολαβόντα
824 971 880 1039 ἐξε-

81 1059 168 1114 νεῖκαι
187 1057 232 1115 ἐπὶ
248 1056 393 1131 Ταίναρον·
413 1056 562 1133 ἀποβάντα
578 1057 608 1116 δέ
625 1057 708 1119 αύτδν
723 1059 835 1137 χωρέειν
852 1063 879 1120 ἐς

82 1141 221 1218 Κόρινθον
234 1142 287 1203 σύν
303 1147 340 1222 τῇ
357 1148 444 1222 σκευῇ
458 1145 504 1202 καὶ
522 1142 688 1221 ἀπικόμενον
706 1145 879 1225 ἀπηγέεσθαι

81 1234 138 1288 πᾶν
146 1229 179 1290 τό
191 1229 314 1310 γεγονός·
332 1230 503 1307 Περίανδρον
515 1231 545 1289 δέ
557 1230 611 1291 ύπό
624 1231 755 1307 ἀπιστίης
767 1231 880 1307 Ἀρίονα

81 1318 134 1391 μὲν
141 1321 170 1376 ἐν
179 1320 293 1395 φυλακῇ
304 1317 376 1394 ἔχειν
386 1316 494 1395 ούδαμῇ
503 1317 638 1393 μετιέντα,
649 1316 754 1380 ἀνακῶς
765 1317 793 1376 δέ
807 1319 880 1395 ἔχειν

51 1411 53 1414 ⁴
81 1405 137 1462 τῶν
144 1403 299 1480 πορθμέων·
318 1402 353 1466 ῶς
366 1403 396 1462 δέ
409 1402 463 1481 ἄρα
475 1406 602 1480 παρεῖναι
612 1402 717 1473 αύτούς,
729 1404 880 1478 κληθέντας

83 1491 259 1566 ἱστορέεσθαι
273 1489 298 1548 εἴ
311 1515 339 1549 τι
351 1490 461 1570 λέγοιεν
477 1490 541 1567 περὶ
552 1489 685 1565 Ἀρίονος·
708 1490 838 1566 φαμένων
850 1490 880 1548 δέ

83 1576 190 1635 ἐκείνων
202 1575 238 1639 ὦς
250 1577 291 1652 εἴη
301 1602 332 1636 τε
345 1581 402 1640 σῶς
414 1577 478 1653 περὶ
489 1575 620 1652 Ἰταλίην,
632 1576 680 1634 καί
689 1602 738 1653 μιν
751 1575 780 1634 εύ
790 1575 880 1652 πρήσ·

81 1688 170 1722 σοντα
178 1663 288 1722 λίποιεν
297 1668 326 1723 ἐν
335 1661 462 1740 Τάραντι,
472 1662 642 1738 ἐπιφανῆναί
649 1670 705 1738 σφι
712 1662 761 1723 τόν
767 1662 881 1741 Ἀρίονα

83 1748 177 1827 ὥσπερ
197 1751 266 1828 έχων
286 1749 447 1825 ἐξεπήδησε·
469 1750 515 1808 καὶ
534 1750 605 1819 τούς,
623 1751 810 1831 ἐκπλαγέντας
830 1749 879 1809 ούκ

82 1837 155 1913 ἔχειν
178 1838 225 1894 ἔτι
239 1836 439 1916 ἐλεγχομένους
460 1836 616 1914 ἀρνέεσθαι.
645 1841 732 1897 ταῦτα
756 1838 808 1913 μέν
832 1863 880 1896 νυν

82 1922 229 1999 Κορίνθιοί
237 1948 269 1982 τε
282 1925 327 1981 καὶ
339 1923 462 1998 Λέσβιοι
477 1925 604 2004 λέγουσι·
625 1925 671 1982 καὶ
682 1923 806 1999 Ἀρίονός
819 1928 881 1981 ἐστι

81 2007 211 2086 ἀνάθημα
222 2008 345 2087 χάλκεον
358 2009 389 2068 ού
401 2011 474 2090 μέγα
487 2011 532 2068 ἐπὶ
545 2009 677 2088 Ταινάρῳ,
691 2011 736 2068 ἐπὶ
750 2009 880 2084 δελφῖνος

82 2095 168 2155 ἐπεάν
179 2093 330 2173 ἔνθρωπος.

121 2180 276 2257 Ἀλυάττης
288 2182 317 2240 δέ
326 2181 341 2241 ὁ
349 2181 439 2244 Λυδός
447 2182 496 2241 τόν
505 2182 575 2259 πρός
584 2183 744 2257 Μιλησίους
754 2182 879 2259 πόλεμον
888 2185 925 2241 25

81 2267 218 2338 διενείκας,
239 2268 386 2344 μετέπειτα
402 2272 519 2346 τελευτᾷ
534 2268 712 2344 βασιλεύσας
730 2270 792 2327 ἔτεα
811 2269 880 2327 ἑπτά

81 2356 127 2413 καὶ
147 2354 325 2430 πεντήκοντα.
366 2355 481 2430 ἀνέθηκε
502 2355 531 2413 δὲ
552 2356 679 2435 ἐκφυγῶν
697 2355 748 2430 τήν
768 2360 878 2424 νοῦσον,

81 2440 205 2518 δεύτερος
215 2439 294 2504 οὗτος
305 2446 356 2517 τῆς
366 2442 452 2517 οἰκίης
461 2441 562 2516 ταύτης
573 2447 599 2504 ἐς
612 2442 743 2517 Δελφούς
757 2442 879 2519 κρητῆρά

79 2553 112 2587 τε
124 2527 257 2609 ἀργύρεον
269 2528 357 2608 μέγαν
370 2529 416 2586 καὶ
431 2528 660 2604 ύποκρητηρίδιον
672 2528 801 2605 σιδήρεον
814 2535 878 2588 κολ-

80 2614 175 2691 λητόν,
186 2615 249 2690 θέης
259 2613 336 2684 ἄξιον
346 2614 390 2674 διαὶ
399 2613 508 2673 πάντων
516 2618 570 2673 τῶν
584 2619 612 2673 ἐν
623 2618 766 2689 Δελφοῖσι
779 2615 879 2689 ἀναθη-

79 2701 181 2778 μάτων,
202 2700 331 2761 Γλαύκου
353 2705 403 2760 τοῦ
425 2702 496 2758 Χίου
520 2702 636 2775 ποίημα·
663 2700 694 2762 ὃς
718 2706 819 2776 μοῦνος
844 2702 877 2776 δή

82 2787 189 2848 πάντων
201 2786 350 2864 ἀνθρώπων
363 2786 478 2863 σιδήρου
492 2787 631 2862 κόλλησιν
644 2787 744 2863 ἐξεῦρε.

120 2873 344 2950 Τελευτήσαντος
360 2874 389 2932 δὲ
401 2872 558 2932 Ἀλυάττεω
574 2873 714 2941 ἐξεδέξατο
730 2873 781 2946 τήν
794 2875 926 2948 Bam-26

80 2961 164 3036 ληίην
177 2964 301 3037 Κροῖσος
313 2960 329 3020 ὁ
342 2958 506 3028 Ἀλυάττεω,
518 2959 598 3033 ἐτέων
611 2959 661 3019 ἐῶν
673 2959 785 3034 ἡλικίην
797 2961 879 3019 πέντε

80 3040 131 3107 καὶέ
142 3045 297 3124 τριήκοντα·
319 3046 350 3109 ὃς
365 3046 398 3121 δή
415 3045 559 3120 Ἑλλήνων
574 3044 710 3121 πρώτοισι
727 3045 879 3121 ἐπεθήκατο

79 3133 252 3210 Ἑφέσιοισι.
294 3134 358 3193 ἔνθα
371 3132 404 3211 δή
415 3136 442 3192 οἱ
452 3132 587 3211 Ἐφέσιοι
597 3131 838 3209 πολιορκεόμενοι
845 3133 886 3188 ’καί

79 3219 167 3288 κύτού,
181 3218 320 3282 ἀνέθεσαν
333 3221 386 3300 τήν
399 3222 489 3285 πόλιν
502 3216 878 3304 τῇ’λρτἐμιδιέξέιδραντςς
886 3219 926 3269 ἐις
