2040 3464
122 110 153 158 74
440 112 614 159 ΗΡΟΔΟΤΟΤ
884 113 920 176 [Ῑ.

119 185 332 266 α’ναμεμίχαται,
348 189 394 247 καὶ
415 189 559 264 Καδμεῖοι,
577 189 622 247 καὶ
644 190 778 266 Δρύοπες,
798 190 845 248 καὶ
863 197 921 248 Φω·

122 275 180 337 κέες
196 275 374 351 ἀποδάσμιοι,
394 278 440 334 καὶ
456 278 620 347 Μολοσσοὶ,
635 279 681 335 καὶ
697 276 829 353 Ἀρκάδες
843 283 921 335 Πελ-

124 363 217 444 ασγοὶ,
227 365 272 421 καὶ
283 365 401 440 Δωριέες
412 363 591 440 Ἐπιδαύριοι,
601 363 679 422 ἄλλα
692 390 723 423 τε
737 365 815 424 ἔθνεα
823 369 921 425 πολλά

121 449 335 529 α’ναμεμίχαται.
370 455 396 510 οἷ
409 452 439 510 δὲ
452 451 540 511 αὐτῶν
554 451 609 511 άπό
625 457 675 510 τοῦ
689 454 857 529 πρυτανηίου
870 458 921 512 τοῦ

122 537 276 614 Ἀθηναίων
297 539 463 616 ὁρμηθέντες
484 541 530 597 καὶ
554 541 712 616 νομίζοντες
732 540 922 619 γενναιότατοι

122 625 191 685 εἶναι
210 625 316 695 Ἰάνων,
331 624 406 686 οὗτοι
422 627 452 686 δὲ
467 626 501 686 οὗ
518 632 650 707 γυναῖκας
669 626 809 708 ἠγάγοντο
826 633 853 691 ἐς
869 628 921 704 τήν

122 713 260 789 ἀποικίην,
276 713 353 772 άλλά
370 715 492 791 Καείρας
509 716 602 793 ἔσχον,
616 720 671 774 τῶν
686 715 842 790 ἐφόνευσαν
856 717 922 782 τοῦς

121 803 228 882 γονέας.
263 802 308 860 διά
325 806 424 860 τοῦτον
439 803 469 861 δὲ
486 801 536 862 τόν
553 802 641 877 φόνον
655 807 684 862 αἱ
696 807 823 884 γυναῖκες
839 802 922 865 αὗται

120 889 207 966 νόμον
222 890 342 966 θέμεναι,
360 890 448 964 σφίσι
467 889 570 968 αὐτῇσι
590 890 688 967 ὅρκους
709 891 858 966 ἐπήλασαν
875 894 922 951 καὶ

120 978 281 1054 παρέδοσαν
287 982 355 1056 τῇσι
367 977 530 1058 θυγατράσι,
538 977 579 1055 μή
593 1005 656 1037 κοτε
664 978 837 1055 ὁμοσιτῆσαι
844 985 922 1041 τοῖσι

121 1065 247 1142 ἀνδράσι,
268 1065 339 1141 μηδὲ
361 1063 494 1142 οὐνόματι
514 1068 611 1142 βῶσαι
631 1065 680 1125 τόν
701 1070 802 1141 ἑωυτῆς
824 1065 920 1145 ἄνδρα·

120 1153 202 1212 τοῦδε
215 1153 313 1212 εἵνεκα·
335 1152 378 1212 ὅτι
392 1153 547 1228 ἐφόνευσαν
556 1154 652 1229 σφέων
666 1154 730 1216 τούς
742 1155 864 1232 πατέρας
875 1158 922 1214 καὶ

121 1239 221 1319 ἄνδρας
235 1242 281 1300 καὶ
293 1241 401 1309 παῖδας,
416 1242 461 1298 καὶ
476 1243 580 1301 ἔπειτεν
592 1246 680 1300 ταῦτα
696 1241 864 1316 ποιήσαντες
876 1243 923 1302 αὖ·

120 1335 190 1408 τῇσι
210 1331 360 1390 συνοίκεον.
396 1334 483 1388 ταῦτα
502 1330 531 1388 δὲ
547 1330 582 1404 ἦν
597 1330 730 1411 γινόμενα
749 1336 777 1389 ἐν
793 1330 923 1410 Μιλήτῳ.

78 1418 131 1479 147
143 1418 285 1479 Βασιλέας
298 1418 327 1476 δὲ
341 1417 498 1492 ἐστήσαντο
512 1422 539 1476 οἱ
551 1421 603 1494 μὲν
620 1418 709 1477 αὐτῶν
725 1419 852 1489 Λυκίους,
866 1418 923 1479 άπό

121 1505 249 1565 Γλαύκου
262 1511 311 1564 τοῦ
324 1503 497 1584 Ἱππολόχου
509 1505 668 1587 γεγονότας·
691 1509 717 1564 οἷ
731 1507 760 1564 δέ
774 1506 923 1571 Καύκωνας
998 1547 1011 1559 -

193 1596 201 1616 Ι
277 1593 285 1612 ’
314 1593 322 1614 λ

121 1599 253 1664 Πυλιους,
268 1620 322 1652 απο
337 1593 448 1670 Κόδρου
461 1599 511 1652 τοῦ
526 1594 687 1654 Μελάνθου·
709 1598 736 1654 οἱ
752 1594 782 1653 δέ
800 1596 846 1652 καὶ
859 1621 934 1675 συν-Ἰ

121 1683 304 1758 αμφοτέρους.
339 1681 415 1739 άλλοὶ
434 1682 490 1762 γάρ
510 1683 687 1761 περιέχονται
702 1687 752 1742 τοῦ
772 1681 922 1760 οὐνόματος

47 1811 50 1816 -
121 1770 234 1847 μᾶλλόν
256 1795 284 1826 τι
304 1773 359 1827 τῶν
381 1768 477 1829 ἄλλων
499 1768 605 1839 Ἰάνων,
628 1771 754 1830 ἐστωσαν
776 1771 806 1828 δέ
829 1771 876 1829 καὶ
895 1775 922 1830 οἱ

122 1859 246 1933 καθαρῶς
271 1857 416 1937 γεγονότες
436 1856 538 1919 Ἴωνες·
569 1859 624 1916 εἶσὶ
646 1859 676 1917 δὲ
699 1857 800 1920 πάντες
820 1856 921 1930 Ἴωνες,

122 1945 186 2005 ὅσοι
207 1943 254 2003 ἀπ’
274 1944 398 2019 Ἀθηνῶν
413 1944 549 2024 γεγόνασι
569 1948 616 2004 καὶ
630 1945 802 2023 Ἀπατούρια
819 1944 922 2026 ἄγουσι

121 2032 214 2110 ὁρτήν·
236 2031 338 2113 άγουσι
354 2032 383 2090 δὲ
402 2032 503 2095 πάντες
518 2033 595 2108 πλήν
607 2033 749 2108 Ἐφεσίων
763 2034 808 2092 καὶ
827 2039 921 2095 Κολο·

124 2121 241 2196 φωνίων·
264 2119 340 2179 οὗτοι
357 2119 412 2200 γάρ
430 2125 528 2196 μοῦνοι
543 2119 641 2180 Ἰάνων
654 2121 704 2180 οὐκ
720 2120 822 2202 άγαυσι
834 2121 920 2180 Ἀπα·

76 2211 132 2270 148
140 2208 244 2286 τοόρια,
259 2209 305 2266 καὶ
323 2206 399 2267 οὗτοι
417 2208 488 2267 κατὰ
502 2207 590 2284 φόνου
603 2208 664 2268 τινοὶ
678 2213 793 2286 σκῆψιν.
835 2209 874 2268 Τό
891 2209 921 2269 δὲ

595 2302 608 2317 Α
671 2297 712 2320 εἱ
786 2296 836 2319 N!

122 2298 276 2357 Πανιώνιον
287 2298 348 2356 ἐστὶ
360 2300 410 2372 τῆς
423 2298 559 2373 Μυκάλης
567 2323 657 2376 χωρας
671 2324 728 2374 ιρος
740 2323 810 2374 προς
818 2314 930 2374 αρκτον

648 2385 656 2404 .
686 2385 713 2407 .,

120 2387 314 2464 τετραμμένος,
326 2390 403 2462 κοινῇ
416 2386 628 2462 ἐξαραιρημένος
640 2412 694 2444 υπο
716 2385 803 2445 Ιάνων
816 2391 921 2446 Ποσει-

121 2475 198 2535 δέωνι
209 2474 368 2552 Ἑλικωνίῳ·
381 2473 399 2548 ή
413 2474 443 2532 δέ
455 2468 578 2549 Μυκάλη
590 2475 651 2534 ἐστὶ
663 2479 713 2549 τῆς
725 2473 841 2550 ήπείρου
850 2473 921 2552 άκρη

120 2563 191 2640 πρός
203 2563 322 2638 ζέφυρον
330 2562 431 2638 ἄνεμον
443 2562 603 2638 κατήκουσα
617 2562 710 2640 Σάμῳ,
720 2566 748 2624 ἐς
759 2562 921 2637 τήνσυλλε·

121 2651 236 2732 γόμενοι
256 2649 312 2709 άπὸ
332 2654 387 2709 τῶν
403 2651 509 2710 πολίων
523 2650 616 2712 Ἴωνες
636 2649 758 2731 άγεσκον
774 2649 868 2727 ὁρτήν,
884 2656 920 2729 τῇ

120 2740 214 2799 ἐθεντο
228 2737 333 2813 οὕνομα
349 2736 501 2798 Πανιώνια.
534 2738 693 2797 πεπόνθασι
706 2738 736 2796 δὲ
749 2737 808 2797 οὔτι
820 2741 921 2815 μοῦναι

120 2830 151 2887 αἶ
165 2825 263 2885 Ἰάνων
281 2826 360 2902 ὁρταὶ
375 2831 467 2895 τοῦτο,
486 2825 564 2884 άλλοὶ
581 2826 627 2884 καὶ
646 2825 792 2900 Ἑλλήνων
810 2825 921 2888 πάντων

121 2913 222 2991 ὁμοίως
238 2919 330 2973 πᾶσαι
344 2919 371 2976 ἐς
382 2912 470 2973 τώυτό
489 2912 607 2993 γράμμα
623 2917 782 2984 τελευτῶσι,
797 2912 920 2991 κατάπερ

123 3007 177 3062 τῶν
190 3002 324 3079 Περσέων
336 3001 372 3060 τοὶ
386 3000 536 3077 οὐνόματα.

70 3092 134 3147 149
181 3088 273 3148 Αὗται
282 3092 337 3165 μὲν
350 3092 380 3147 αἱ
391 3088 478 3150 Ἰάδες
489 3089 587 3151 πόλιές
600 3093 664 3148 εἶσι.
698 3090 758 3149 αἵδε
770 3089 800 3149 δέ·
812 3092 842 3149 αἶ
855 3094 920 3149 Αἴο-

45 3248 47 3253 ,
97 3172 189 3240 Ᾰῖὃὲὓ
203 3175 296 3251 Κύμη
309 3176 332 3252 η’
343 3177 480 3254 Φρικωνὶς
498 3177 666 3256 καλεομένη,
680 3177 833 3256 λήρισυαι,
844 3181 919 3236 Νέον

81 3257 192 3330 “Qu
208 3263 335 3336 Τῆμνος,
349 3267 468 3341 Κίλλα,
484 3267 606 3340 Νότιον,
615 3263 940 3348 Αἰγιρόεσσα,ἱλιτάυη,
967 3253 970 3259 ”
