2040 3464
85 107 190 171 56-61]
406 107 569 158 αυυιιυαυ.
835 113 882 162 ιιι

84 185 266 263 ἐποιήθησαν.
299 189 529 268 Πανηγυρίζουσι
542 187 572 247 δὲ
582 189 733 270 Αἰγύπτιοι
746 187 796 248 ούκ
809 189 886 258 ἅπαξ
893 191 931 252 59

84 278 133 333 τοῦ
147 277 278 343 ἐνιαυτοῦ,
292 275 446 353 πανηγύρις
459 275 488 334 δὲ
502 276 617 355 συχνάς·
633 277 762 353 μάλιστα
774 279 826 353 μὲν
839 278 886 337 καὶ

84 361 283 437 προθυμότατα
313 367 341 424 ές
367 363 534 437 Βούβαστιν
560 363 646 424 πόλιν
672 368 708 442 τῇ
734 364 884 441 Ἀρτέμιδι·

83 447 198 525 δεύτερα
212 454 239 512 ἔς
252 449 386 526 Βούσιριν
398 450 484 509 πόλιν
497 455 532 529 τῇ
541 449 610 509 Ἴσι·
632 455 660 511 έν
678 451 765 530 ταύτῃ
783 452 838 531 γάρ
852 452 887 522 δὴ

85 540 119 613 τῇ
142 536 212 596 πόλι
236 538 298 596 ἐστὶ
319 538 456 617 μέγιστον
474 537 564 601 Ἴσιος
589 537 657 615 ἶρόν·
686 539 791 615 ἵδρυται
815 540 845 598 δὲ
867 539 887 616 ἤ

83 624 167 687 πόλις
180 623 251 701 αὕτη
264 628 314 700 τῆς
330 625 475 704 Αἰγύπτου
494 631 524 686 ἐν
539 627 618 704 μέσῳ
636 629 674 704 τῷ
693 627 798 685 Δέλτα·
814 626 888 691 Ἶσις

84 713 116 771 δέ
128 717 190 773 έστι
200 712 271 772 κατοῖ
281 713 333 789 την
341 712 487 788 Ἑλλήνων
496 717 636 794 γλῶσσαν
647 713 793 790 Δημήτηρ·
807 713 887 790 τρίτα

85 800 108 858 δ’
122 805 149 863 ές
163 800 233 865 Σάϊν
245 800 332 860 πόλιν
345 804 381 878 τῇ
393 800 529 879 Ἀθηναίῃ
542 802 771 881 πανηγυρίζουσι·
791 803 887 879 τέταρ·

84 914 120 947 τα
134 888 164 947 δὲ
176 893 204 951 ές
216 887 405 947 Ἡλιούπολιν
417 893 456 968 τῷ
473 887 573 967 Ἡλίῳ·
593 890 708 965 πέμπτα
725 889 755 948 δὲ
773 894 800 952 ές
818 896 888 949 Βου-

84 979 150 1035 τοῦν
166 976 252 1036 πόλιν
269 980 305 1053 τῇ
327 979 426 1051 Λητοῖ·
449 977 514 1036 ἐ’κτα
535 977 564 1035 δὲ
587 982 615 1040 ε’ς
636 975 789 1054 Πάπρημιν
802 978 887 1037 πόλιν

85 1067 124 1141 τῷ
145 1062 234 1138 Ἀρεῖ.
274 1062 322 1127 Ἐς
348 1064 400 1140 μέν
427 1090 475 1124 νυν
502 1064 668 1139 Βούβαστιν
693 1064 778 1124 πόλιν
806 1065 888 1124 ἐπεάν
897 1066 935 1125 60

88 1151 259 1227 κομίζωνται,
273 1155 385 1211 ποιεῦσι
402 1151 504 1211 τοιάδε·
525 1153 650 1211 πλέουσί
665 1178 695 1211 τε
711 1152 765 1232 γάρ
782 1151 816 1227 δη
830 1152 889 1228 ἅμα

87 1237 182 1315 ἄνδρες
199 1240 317 1321 γυναιξὶ,
338 1240 384 1297 καὶ
401 1239 513 1299 πολλόν
529 1266 556 1298 τι
576 1241 687 1315 πλῆθος
708 1241 841 1315 ἑκατέρων
860 1246 888 1299 ἐν

88 1325 192 1405 ἑκάστῃ
211 1327 292 1404 βάρι·
320 1331 349 1385 αἱ
368 1327 420 1403 μέν
439 1352 511 1389 τινες
530 1331 585 1386 τῶν
605 1330 741 1406 γυναικῶν
765 1326 888 1402 κρόταλα

88 1414 204 1492 ἔχουσαι
224 1416 431 1492 κροταλίζουσι,
453 1418 481 1474 οἱ
500 1415 530 1473 δὲ
550 1413 684 1473 αὐλέουσι
708 1414 778 1472 κατοὶ
798 1413 889 1473 πάντα

87 1503 137 1561 τόν
148 1501 248 1563 πλόον·
268 1506 297 1562 αἱ
306 1503 337 1561 δὲ
349 1503 448 1562 λοιπαὶ
458 1505 585 1582 γυναῖκες
598 1503 644 1560 καὶ
658 1500 753 1577 ἄνδρες
766 1500 888 1560 ἀείδουσι

89 1590 135 1648 καὶ
154 1590 205 1654 τάς
225 1594 321 1670 χεῖρας
341 1592 496 1667 κροτέουσι·
519 1588 603 1649 έπεοὶν
621 1589 651 1647 δὲ
667 1590 801 1652 πλέοντες
819 1588 889 1648 κατά

87 1703 150 1736 τινα
167 1678 252 1738 πόλιν
273 1677 366 1754 ἄλλην
381 1679 522 1758 γένωνται,
540 1679 721 1757 ε’γχρίψαντες
737 1674 790 1751 τὴν
802 1675 889 1754 βάριν

88 1769 124 1843 τῇ
146 1770 184 1846 γῇ
207 1770 319 1826 ποιεῦσι
342 1766 445 1825 τοιάδε·
467 1769 496 1824 αἱ
517 1766 569 1842 μέν
588 1790 660 1828 τινες
681 1767 735 1824 τῶν
755 1768 890 1844 γυναικῶν

88 1857 200 1913 ποιεῦσι
212 1853 310 1931 τάπερ,
321 1855 424 1930 εἴρηκα,
443 1856 472 1912 αἶ
489 1853 519 1912 δὲ
538 1852 695 1923 τωθάζουσι
708 1853 821 1926 βοῶσαι
838 1851 889 1914 τάς

89 1945 118 2000 έν
133 1945 169 2020 τῇ
186 1942 271 2001 πόλει
289 1941 376 2019 ταύτῃ
394 1945 534 2022 γυναῖκας·
557 1944 586 2000 αἱ
601 1940 623 1999 δ’
642 1940 796 2019 ὀρχέονται·
817 1942 847 1999 αἱ
865 1938 889 1999 δ’

89 2027 275 2106 α’νασόρονται
289 2029 481 2105 α’νιστάμεναι.
507 2028 596 2088 ταῦτα
609 2029 685 2106 παραὶ
697 2031 793 2088 πᾶσαν
806 2028 891 2088 πάλιν

88 2119 306 2194 παραποταμίην
326 2120 447 2177 ποιεῦσι·
470 2117 553 2176 ἐπεάν
573 2118 603 2176 δὲ
622 2116 773 2176 α’πίκωνται
793 2122 820 2179 ἐς
838 2116 891 2191 τήν

89 2205 262 2281 Βούβαστιν,
290 2204 440 2281 ὁρτάζουσι
464 2205 591 2286 μεγάλας
610 2203 758 2284 οἷνάγοντες
782 2204 889 2266 θυσίας·

90 2292 136 2350 καὶ
149 2293 223 2356 οἶνος
239 2292 392 2369 α’μπέλινος
409 2291 607 2369 α’ναισιμοῦται
625 2293 712 2351 πλέον
729 2297 758 2352 έν
773 2295 809 2370 τῇ
822 2291 891 2370 ὁρτῇ

89 2380 176 2459 ἰἀότη
188 2378 207 2456 ἦ
220 2386 249 2441 έν
262 2385 300 2458 τῷ
313 2379 415 2439 ἅπαντι
430 2385 542 2459 ἐνιαυτῷ
554 2385 593 2459 τῷ
606 2381 750 2458 ἐπιλοίπῳ·
769 2386 891 2456 συμφοι-

89 2469 174 2526 τέωσι
212 2467 302 2527 ὲότι
318 2466 389 2543 α’νηρ
412 2469 458 2526 καὶ
479 2467 551 2547 γυνή
574 2473 636 2527 έστι
657 2469 745 2545 (πλὴν
765 2467 891 2546 παιδίων)

90 2556 136 2613 καὶ
155 2560 182 2619 ἐς
201 2554 396 2631 ἑβδομήκοντα
413 2555 556 2631 μυριάδας,
580 2554 615 2618 ιῦς
636 2559 662 2614 οἱ
684 2554 826 2633 ε’πιχιόριοι
846 2553 891 2612 λέ·

88 2669 183 2722 γουσι·
196 2648 284 2702 ταῦτα
297 2645 349 2719 μὲν
362 2643 396 2719 δή
410 2644 496 2722 ταύτῃ
510 2645 642 2702 ποιέεται.
669 2642 717 2702 Ἐν
731 2643 760 2700 δὲ
774 2641 892 2718 Βουσίρι
901 2643 933 2700 6]

90 2732 159 2790 πόλι
177 2731 213 2795 ὥς
230 2731 368 2812 οἶνάγουσι
386 2759 421 2810 τη
438 2731 498 2791 Ἴσι
520 2732 572 2806 τήν
590 2731 683 2807 ὁρτὴν,
703 2732 809 2808 εἴρηται
825 2727 893 2807 πρό·

88 2819 169 2895 τερόν
181 2845 240 2896 μοι.
282 2819 433 2879 τύπτονται
446 2824 497 2896 μὲν
510 2819 565 2897 γάρ
583 2820 615 2894 δὴ
631 2818 701 2895 μετά
721 2818 774 2892 τῆν
792 2818 892 2893 θυσίην

89 2907 191 2970 πάντες
203 2909 247 2966 καὶ
260 2911 360 2976 πᾶσαι,
371 2908 500 2984 μυριάδες
511 2906 599 2984 κάρτα
611 2906 719 2966 πολλαὶ
732 2904 890 2981 ἀνθρώπων·

87 2995 138 3054 τόν
151 2995 180 3053 δὲ
193 2995 344 3055 τύπτονται
357 2994 390 3054 ού
402 3021 452 3071 μοι
468 2994 549 3054 ὅσιόν
562 3000 624 3054 ἐστι
640 2996 742 3075 λέγειν.
783 2992 848 3054 ὅυοι
861 2992 892 3052 δὲ

89 3085 193 3158 Καρῶν
206 3085 263 3142 εἰσὶ
275 3087 305 3142 ἐν
318 3082 451 3164 Αἶγίπτῳ
465 3083 608 3151 οἰκέοντες,
628 3079 705 3141 οῦτοι
722 3082 751 3141 δὲ
764 3079 896 3158 τοσούτω

89 3171 129 3229 ἔτι
148 3171 226 3230 πλέω
245 3173 361 3231 ποιεῦσι
380 3170 496 3245 τούτων,
513 3170 574 3255 ὅσω
597 3173 646 3233 καὶ
664 3172 705 3232 τῦ
727 3172 850 3249 μέτωπα
870 3165 926 3254 κὶα-1

79 3281 195 3380 πονιτὲι
212 3261 393 3342 μαχαίρῃσι·
417 3266 470 3328 καὶ
489 3263 588 3348 τούτῳ
611 3265 675 3327 εἰσλ
695 3262 792 3340 δῆλοι
808 3257 839 3317 ’δι
850 3281 864 3310 ι
882 3257 950 3310 {m
