2040 3464
103 110 212 173 88—92]
426 116 588 164 ΕΤΤΕΡΠΗ.
857 120 905 168 149

103 189 133 248 δὲ
147 189 258 250 αὐτοῖσι
268 189 426 266 ἀνδριάντες
439 191 488 251 δύο
501 196 603 252 ἐστᾶσι
614 193 717 254 λίθινοι
729 193 861 274 μεγάλοι·
876 199 906 256 ἐν

102 276 133 336 δέ
145 281 184 356 τῷ
196 280 432 359 περιβεβλημένῳ
442 279 530 358 τούτῳ
544 279 609 356 νηός
620 306 652 340 τε
665 282 712 354 ἔνι,
728 282 774 341 καὶ
787 278 904 362 ἄγαλμα

102 368 132 424 ἐν
150 362 224 444 αὐτῷ
242 366 372 441 ἐνέστηκε
390 370 441 425 τοῦ
459 368 596 444 Περσέος.
618 365 695 428 οὗτοι
714 372 741 428 οἱ
761 374 904 446 Χεμμῖται

101 452 221 532 λέγουσι
233 452 282 512 τόν
295 455 411 530 Περσέα
425 454 551 513 πολλάκι
563 456 615 532 μὲν
632 455 685 515 ἀνά
697 455 750 531 τὴν
762 461 817 536 γῆν
836 459 901 532 φαί·

102 541 204 599 νεσθαί
217 545 281 615 σφι,
294 540 421 599 πολλάκι
434 542 463 600 δὲ
477 543 533 601 ἔσω
545 547 596 601 τοῦ
614 546 683 619 ἶροΰ·
706 543 859 605 σανδάλιόν
871 570 903 606 τε

101 627 187 688 αὐτοῦ
198 629 395 706 πεφορημένον
409 628 597 705 εὖρίσκεσθαι,
615 629 661 691 ἐόν
674 631 707 692 τό
722 633 845 712 μέγαθος
862 634 900 693 δί-

101 741 188 794 πηχυ·
217 717 251 776 τό
271 716 354 777 ἐπεάν
367 721 453 795 φανῇ,
468 717 605 794 εὐθηνέειν
618 718 735 778 ἅπασαν
748 720 900 800 Αἴγυπτον.

99 807 188 863 ταῦτα
206 806 258 880 μὲν
274 805 402 884 λέγουσι·
422 809 534 864 ποιεῦσι
555 805 585 864 δε
604 807 670 865 τάδε
688 806 842 882 Ἑλληνικαὶ
861 812 901 888 τῷ

102 892 219 968 Περσέϊ·
239 891 334 972 οἶγῶνα
346 891 481 972 γυμνικόν
494 893 597 952 τιθεῖσι
613 893 659 952 διαὶ
672 894 767 970 πάσης
781 894 900 975 ἀγωνίης

100 979 208 1055 ἔχοντα,
225 980 394 1057 παρέχοντες
416 978 505 1039 ἄεθλα
526 981 626 1056 κτήνεα
647 982 693 1040 καὶ
714 983 833 1059 χλαίνας
854 985 900 1043 καὶ

100 1066 232 1142 δέρματα.
267 1068 409 1142 εἰρομένου
422 1067 454 1126 δέ
468 1093 521 1144 μευ
537 1067 553 1128 ὅ
567 1095 595 1128 τι
613 1075 669 1144 σφι
683 1069 814 1145 μούνοισι
833 1072 899 1130 ἔωθε

99 1153 115 1212 ό
136 1154 262 1231 Περσεδς
280 1155 486 1230 ἐπιφαίνεσθαι,
504 1157 550 1214 καὶ
569 1155 585 1215 ὅ
604 1182 632 1215 τι
652 1157 833 1235 κεχωρίδαται
850 1162 897 1218 Affi-

98 1244 220 1321 γυπτίων
229 1246 284 1303 τῶν
295 1241 390 1301 ἄλλων
401 1242 494 1323 ἀγῶνα
502 1243 635 1323 γυμνικόν
645 1244 774 1312 τιθέντες,
786 1246 898 1319 ἔφασαν

99 1330 175 1390 “τδν
190 1331 305 1407 Περσέα
323 1335 352 1388 ἐκ
370 1334 421 1404 τῆς
438 1333 543 1390 ἑωυτῶν
561 1331 661 1394 πόλιος
674 1332 828 1411 γεγονέναι·
847 1332 898 1393 τόν

97 1417 152 1498 γοῖρ
169 1418 282 1478 Δαναόν
300 1419 346 1476 καὶ
363 1418 413 1477 τόν
429 1419 550 1498 Λυγκέα,
569 1417 665 1480 ἐόντας
683 1419 836 1494 Χεμμίτας,
855 1425 896 1478 ἐκ-

96 1511 212 1566 πλῶσαι
225 1512 252 1570 ἐς
264 1505 316 1581 τὴν
328 1505 464 1565 Ἑλλάδα·
473 1506 488 1525 ”
506 1505 560 1566 άπό
575 1507 605 1565 δὲ
618 1505 722 1565 τούτων
734 1508 895 1588 γενεηλογέ-

97 1620 181 1668 οντες,
199 1596 365 1669 κατέβαινον
384 1599 411 1656 ἐς
431 1593 482 1653 τόν
503 1594 627 1670 Περσέα·
650 1604 667 1628 “
677 1592 845 1668 ἀπικόμενον
866 1595 895 1653 δέ

96 1681 181 1742 αὐτόν
201 1686 229 1744 ἐς
249 1683 400 1762 Αἴγυπτον,
422 1681 480 1741 κατ’
501 1683 591 1756 αἰτίην
613 1681 664 1756 τήν
688 1681 734 1740 καὶ
756 1681 896 1758 Ἕλληνες

95 1770 222 1850 λέγουσι,
237 1771 352 1830 οἴσοντα
372 1775 402 1828 ἐκ
419 1767 529 1845 Λιβύης
546 1769 598 1844 τήν
616 1773 740 1849 Γοργοῦς
758 1770 894 1845 κεφαλήν,

96 1860 208 1934 ἔφασαν
224 1858 315 1916 ἐλθεῖν
330 1858 376 1916 καὶ
391 1857 468 1933 παροὶ
485 1858 576 1933 σφέας
593 1858 639 1915 καὶ
657 1857 812 1938 α’ναγνῶναι
829 1858 893 1922 τούς

94 1946 247 2028 συγγενέας
263 1944 379 2007 πάντας·
401 1945 613 2021 ἐκμεμαθηκότα
631 1945 662 2003 δέ
677 1971 726 2021 μιν
741 1944 894 2006 ἀπικέσθαι

94 2039 121 2097 ἐς
144 2035 286 2115 Αἴγυπτον
306 2031 339 2092 τό
359 2037 410 2108 τῆς
431 2034 558 2108 Χέμμιος
579 2032 694 2109 οὔνομα,
713 2035 893 2110 πεπυσμένον

92 2121 170 2199 παραὶ
196 2126 246 2198 τῆς
272 2120 386 2198 μητρός·
414 2119 508 2201 οἷγῶνα
535 2122 566 2181 δέ
591 2124 618 2179 οἱ
644 2121 778 2201 γυμνικόν
805 2121 890 2182 αὐτοῦ

95 2209 277 2272 κελεύσαντος
292 2208 479 2288 ἐπιτελέειν.”)

133 2303 226 2358 Ταῦτα
239 2302 290 2375 μὲν
302 2297 395 2357 πάντα
410 2301 437 2356 οἱ
454 2296 608 2374 κατύπερθε
623 2303 678 2357 τῶν
692 2299 776 2358 ἐλέων
789 2298 890 2357 οίκέον-
900 2299 937 2358 99

91 2411 136 2450 ιες
160 2386 309 2467 Αἰγύπτιοι
330 2387 485 2462 νομίζουσι·
509 2389 536 2445 οἱ
559 2386 588 2444 δὲ
611 2385 645 2461 δή
666 2390 695 2445 ἐν
714 2389 792 2445 τοῖσι
812 2387 891 2445 ἕλεσι

91 2476 285 2552 κατοικημένοι
307 2478 384 2534 τοῖσι
406 2477 457 2550 μὲν
481 2471 592 2533 αὐτοῖσι
617 2473 730 2549 νόμοισι
755 2473 891 2551 χρέωνται

90 2568 168 2623 τοῖσι
186 2564 232 2622 καὶ
248 2565 274 2622 οἱ
292 2560 378 2621 ἄλλοι
396 2560 552 2642 Αἰγύπτιοι,
568 2562 614 2620 καὶ
631 2561 667 2620 τὰ
685 2559 762 2619 ἅλλα
781 2562 827 2618 καὶ
842 2587 890 2641 γυ-

90 2652 163 2711 ναικὶ
171 2655 222 2729 μιῇ
231 2651 348 2713 ἕκαστος
356 2648 445 2710 αὐτῶν
453 2651 598 2719 συνοικέει,
607 2647 729 2725 κατάπερ
739 2647 888 2723 Ἕλληνες.

89 2740 161 2816 άτάρ
183 2739 253 2817 πρδς
277 2737 406 2811 εότελέην
431 2742 487 2797 τῶν
513 2737 610 2797 σιτίων
632 2736 699 2795 τάδε
725 2742 781 2811 σφι
808 2735 886 2796 ἄλλα

89 2828 240 2906 ἐξεύρηται·
262 2826 346 2887 ἐπεοὶν
361 2826 471 2903 πλήρης
489 2827 602 2907 γένηται
616 2824 631 2884 ὁ
644 2824 771 2900 ποταμός
788 2825 835 2882 καὶ
851 2823 888 2884 τά

88 2917 172 2977 πεδία
189 2916 341 2996 πελαγίσῃ,
356 2913 457 2990 φύεται
475 2920 504 2974 ἐν
519 2918 557 2992 τῷ
572 2913 651 2972 ὕδατι
671 2913 765 2988 κρίνεα
781 2910 888 2983 πολλὰ,

88 3004 124 3064 τά
135 3003 283 3086 Αἰγύπτιοι
297 3003 432 3062 καλέουσι
444 3002 543 3062 λωτόν·
559 3005 647 3061 ταῦτα
660 3000 743 3061 ἐπεάν
754 3001 887 3078 δρέψωσι,

89 3092 234 3152 αὐαίνουσι
250 3091 322 3168 πρὸς
338 3089 430 3166 ἥλιον,
447 3090 493 3149 καὶ
513 3091 608 3151 ἔπειτα
627 3087 660 3148 τδ
682 3095 712 3149 ἐκ
733 3090 822 3166 μέσου
839 3090 889 3147 τοῦ

88 3184 180 3241 λοιποῦ
197 3184 233 3258 η’)
245 3179 355 3255 μήκωνι
368 3177 419 3240 ’ἐόν
437 3181 559 3259 ἐμφερὲς
577 3178 748 3248 πτίσαντες,
759 3179 915 3237 ποιεῖιυται.

730 3264 826 3290 Χῑιῗ

77 3267 113 3332 ‘'l'‘
120 3265 208 3325 αθῒοῧ
219 3266 322 3340 ἄρτους
331 3266 442 3336 α’πτοῦς
456 3272 540 3350 πυρί.
571 3272 639 3333 ἐστι
648 3270 686 3331 δέ
699 3296 751 3330 και
763 3295 786 3343 η
801 3290 833 3341 ην
850 3287 870 3317 ‘1
878 3261 937 3316 ¹⁰³³
