2040 3464
96 109 170 172 ι-ι]
453 112 564 160 mm.
879 116 894 160 ι

93 185 158 250 τοῦς
176 193 205 246 ἐκ
225 192 275 264 τῆς
289 188 396 265 Ἀσίης,
413 191 531 270 λέγουσι
552 191 664 266 Πέρσαι
682 189 893 267 ἁρπαζομενέων

94 277 150 331 τῶν
166 279 302 354 γυναικοῖν
321 276 409 355 λόγον
430 276 526 336 οὐδένα
546 276 733 352 ποιήσασθαι·
750 279 894 354 Ἕλληνας

94 360 123 418 δὲ
146 362 364 439 Λακεδαιμονίης
391 363 491 423 εἵνεκεν
513 364 643 443 γυναικός
670 364 776 424 στόλον
802 366 892 447 μέγαν
929 370 932 376 ’

94 453 263 528 συναγεῖραι,
281 452 327 508 καὶ
347 452 440 509 ἔπειτα
458 450 590 513 ἐλθόντας
608 455 635 513 ἐς
652 450 704 526 τὴν
721 451 823 527 Ἀσίην
840 454 892 529 τήν

94 535 224 610 Πριάμου
245 535 359 613 δύναμιν
380 541 514 596 κατελεῖν.
556 537 613 596 ἀπό
633 538 733 597 τούτου
752 541 804 598 αίεὶ
822 539 890 621 ἡγή-

93 623 202 682 σασθαι
221 621 255 682 τό
270 621 439 700 Ἑλληνικόν
455 625 543 700 σφίσι
564 624 633 683 εἶναι
652 626 798 702 πολέμιον.
839 628 891 704 την

92 709 147 789 γὰρ
160 706 262 785 Ἀσίην
278 711 323 768 καὶ
340 712 377 769 τιῖ
393 713 545 771 ἐνοικέοντα
565 712 644 771 ἔθνεα
660 711 798 788 βάρβαρα
811 718 890 774 οἰκει-

94 799 185 855 εῦνται
199 800 225 855 οἱ
240 798 358 873 Πέρσαι,
369 799 421 873 τήν
431 798 460 856 δὲ
473 797 610 874 Εῦριόπην
619 798 664 857 καὶ
677 798 710 859 τό
724 799 891 876 Ἑλληνικόν

92 882 211 964 ἥγηνται
223 885 400 963 κεχωρίσθαι.

135 970 214 1030 Οὕτω
234 974 286 1047 μὲν
305 973 422 1052 λέγουσι
441 973 581 1052 γενέσθαι,
598 973 644 1031 καὶ
665 972 709 1032 διοῖ
728 973 780 1049 την
798 972 919 1034 Ἰλίουῦ

92 1055 201 1118 ἅλωσιν
225 1057 386 1134 εῦρίσκουσι
410 1059 498 1135 σφίσι
522 1064 625 1118 ἐοῦσαν
649 1059 700 1133 τήν
727 1059 818 1138 ἀρχήν
840 1066 891 1138 τῆς

93 1145 193 1222 ἔχθρης
205 1149 256 1220 τῆς
270 1150 297 1208 ἐς
309 1145 373 1208 τοῦς
380 1145 533 1221 Ἕλληνας.
574 1173 637 1222 περι
652 1146 667 1204 δ

93 1230 280 1312 ὁμολογέουσι
290 1233 423 1310 Πέρσῃσι
431 1233 501 1293 οὕτω
509 1235 640 1295 Φοίνικες.
669 1233 701 1292 οῦ
711 1234 766 1314 γαρ
777 1234 893 1316 ἁρπαγῇ

93 1319 185 1393 σφέας
196 1322 390 1398 χρησαμένους
403 1320 520 1401 λέγουσι
537 1319 651 1400 οῖγαγεῖν
666 1319 752 1394 αῦτήν
766 1325 794 1383 ἐς
807 1325 890 1400 Αἴγυ-

92 1431 171 1476 πτον,
187 1405 253 1465 ἀλλ’
268 1406 304 1470 οῖς
324 1413 353 1466 ε’ν
370 1411 409 1485 τῷ
423 1407 522 1488 Ἀργεῖ’
540 1408 672 1487 ἐμίσγετο
690 1411 729 1484 τῷ
746 1409 890 1486 ναυκλήρῳ

93 1495 143 1567 τῆς
162 1491 230 1557 νεός·
252 1495 311 1552 ε’πεὶ
331 1494 361 1553 δὲ
385 1495 485 1570 ἔμαθεν
508 1495 603 1574 ἔγκυος
628 1497 722 1561 ἐοῦσα,
744 1494 888 1570 αἰδεομένη

93 1579 158 1642 τοῦς
172 1581 269 1643 τοκέας
287 1580 357 1640 οὕτω
376 1581 409 1656 δη
429 1580 577 1654 ε’θελοντην
593 1579 679 1655 αῦτην
694 1584 770 1639 τοῖσι
783 1582 888 1651 Φοίνιξι

93 1671 299 1738 συνεκπλῶσαι,
313 1667 349 1732 οῖς
365 1666 399 1728 ἂν
414 1667 454 1745 μὴ
469 1667 624 1743 κατάδηλος
639 1667 760 1748 γένηται.
801 1674 889 1729 ταῦτα

92 1754 144 1830 μέν
153 1780 201 1814 νυν
212 1756 323 1832 Πέρσαι
336 1781 367 1815 τε
378 1756 423 1814 καὶ
436 1754 560 1818 Φοίνικες
574 1756 699 1836 λέγουσι·
718 1754 771 1835 ε’γοῖ
785 1755 814 1813 δὲ
824 1758 888 1833 περὶ

92 1843 144 1916 μὲν
152 1840 257 1902 τούτων
267 1842 317 1902 οῦκ
331 1845 446 1922 ἔρχομαι
461 1843 541 1918 ε’ρέων
552 1842 587 1906 ὦς
601 1841 685 1905 οὕτως
698 1840 716 1918 ἢ
730 1841 823 1905 ἄλλως
837 1869 889 1907 κως

91 1931 180 1988 ταῦτα
192 1930 309 2009 ἐγένετο·
327 1930 376 1990 τόν
390 1931 420 1989 δὲ
433 1930 495 1989 οἶδα
509 1928 592 1992 αῦτός
605 1934 715 2006 πρῶτον
727 1929 887 2005 ὑπάρξαντα

92 2014 191 2076 οἷδίκων
205 2018 290 2097 ἔργων
304 2022 331 2081 ἐς
340 2017 555 2092 τοῦςἝλληνας
564 2020 663 2076 τοῦτον
677 2015 811 2094 σημῄνας,
820 2043 888 2092 προ-

46 2106 50 2113 ’
91 2101 222 2180 βήσομαι
241 2110 268 2166 ἐς
287 2104 320 2164 τό
335 2105 433 2182 πρόσω
451 2109 500 2163 τοῦ
518 2103 606 2185 λόγου
624 2103 725 2179 ὁμοίως
742 2103 827 2177 μικροὶ
842 2104 888 2162 καὶ

90 2191 203 2271 μεγάλα
216 2189 305 2251 ἅστεα
318 2192 469 2268 ἀνθρώπων
483 2190 604 2260 ἐπεξιών.
634 2189 670 2249 τό
683 2189 737 2270 γαρ
752 2191 784 2248 τὸ
799 2190 888 2248 πάλαι

90 2278 202 2357 μεγάλα
220 2277 263 2354 ἦν,
279 2279 314 2339 πεῖ
332 2278 429 2337 πολλοὶ
447 2277 536 2337 αὐτῶν
554 2278 660 2354 σμικροὶ
676 2278 784 2357 γέγονε·
804 2276 839 2335 τοὶ
858 2278 887 2336 δὲ

92 2364 133 2423 ἐπ’
144 2369 208 2441 ἐμεῦ
222 2365 256 2440 ἢν
264 2366 383 2446 μεγάλα,
395 2365 530 2443 πρότερον
543 2364 577 2440 ἦν
591 2363 705 2441 σμικροί·
723 2363 774 2439 την
785 2363 887 2440 α’νθρω-
908 2406 911 2413 -

90 2453 175 2528 πηΐην
189 2451 226 2512 ὧν
238 2453 420 2529 ἐπιστάμενος
434 2451 607 2527 εὐδαιμονίην
624 2450 730 2526 οῦδαμιῖ
750 2456 778 2509 ἐν
795 2450 888 2530 τώυτῷ

90 2539 238 2615 μένουσαν,
254 2539 442 2614 ἐπιμνήσομαι
455 2537 621 2616 οἷμφοτέρων
635 2539 743 2614 ὁμοίως.

131 2631 257 2702 Κροῖσος
272 2626 307 2701 ἦν
322 2626 412 2688 Λυδός
429 2628 481 2701 μὲν
498 2628 577 2707 γένος
594 2630 660 2688 παῖς
677 2626 706 2683 δὲ
719 2624 915 2694 Ἀλυάττεαθ

74 2712 220 2788 ’τύραννος
240 2713 270 2772 δὲ
290 2713 388 2773 ε’θνέων
407 2715 462 2773 τῶν
482 2713 557 2776 ε’ντὸς
573 2712 678 2774 Ἀλυος
698 2715 835 2787 ποταμοῦ·
856 2711 886 2774 ὃς

90 2801 159 2877 ῥέων
174 2800 229 2860 (ῖπδ
245 2801 425 2877 μεσαμβρίης
441 2800 544 2875 μεταξῦ
562 2799 655 2876 Σόρων
669 2801 714 2857 καὶ
728 2797 886 2876 Παφλαγό·

92 2913 151 2958 νων,
166 2888 230 2958 ε’ξίει
243 2888 312 2964 πρῦς
325 2890 417 2963 βορῆν
431 2886 531 2962 ιῖνεμον
544 2892 572 2950 ἐς
584 2886 633 2945 τόν
646 2885 776 2954 Εὔξεινον
789 2883 886 2942 καλεό-

89 3001 174 3051 μενον
193 2975 305 3034 πόντον·
327 2973 406 3037 οῦτος
424 2973 440 3032 ὁ
460 2977 585 3050 Κροῖσος
604 2972 760 3049 βαρβάρων
778 2974 886 3045 πρῶτος

90 3067 144 3123 τῶν
157 3061 236 3139 ἡμεῖς
249 3061 327 3137 ἴδμεν
339 3061 404 3124 τοῦς
416 3062 467 3136 μὲν
482 3059 693 3136 κατεστρέψατο
702 3056 853 3128 Ἑλλήνων
864 3062 903 3114 ἒς

90 3148 180 3227 φόρου
199 3147 363 3232 α’παγωγῆν,
380 3149 449 3215 τοῦς
469 3149 512 3220 δὲ,
533 3148 644 3227 ῲῖλους
663 3138 929 3233 προσεποιέγααπη,

79 3237 308 3318 (κατεστρέψατο
316 3243 373 3319 μὲν
381 3239 489 3307 Ἴωνός
497 3266 534 3300 τε
545 3238 599 3299 κοΪι
609 3227 813 3297 &mmm
823 3228 948 3283 ΜΝ
