2040 3464
173 110 220 154 υιω
476 110 661 158 ·ιιΡοΔουου
912 106 974 172 [ιν.

170 183 270 261 χώρης,
287 183 336 243 οὐκ
357 185 451 245 οἷοίτε
472 186 541 246 εἶναι
563 187 603 244 ἔτι
623 187 791 261 προσωτέρω
816 183 881 244 οὔτε
905 184 971 262 ὁρᾶν

172 269 233 329 οὔτε
252 271 386 341 διεξιέναι,
404 272 459 331 ύπά
480 277 587 348 πτερῶν
605 273 770 352 κεχυμένων·
791 275 901 349 πτερῶν
917 271 975 352 γάρ

174 359 219 416 καὶ
239 359 290 433 τῆν
312 363 367 437 γῆν
384 362 429 418 καὶ
450 360 500 420 τόν
520 360 589 438 ῆέρα
612 360 681 420 εἶναι
702 360 799 430 πλέον,
823 359 870 417 καὶ
889 363 977 419 ταῦτα

174 445 242 505 εἶναι
254 445 289 505 τοὶ
303 445 495 523 ἀποκληΐοντα
507 449 559 523 τῆν
573 447 648 526 ὄψιν.

153 535 166 591 Β
216 533 320 596 Σκύθαι
341 537 393 609 μὲν
415 533 466 593 ὧδε
487 535 555 611 ὑπὲρ
575 535 672 611 σφέων
688 560 720 594 τε
741 532 839 605 αὐτῶν,
861 534 908 594 καὶ
928 539 979 610 τῆς

174 620 266 698 χώρης
278 626 328 697 τῆς
345 622 498 700 κατύπερθε
519 624 647 704 λέγουσι·
667 621 813 697 Ἑλλήνων
834 622 873 681 δὲ
885 625 913 682 οἱ
929 621 980 682 τάν

176 710 287 768 Πόντον
314 710 448 772 οἰκέοντες
476 708 537 770 ῶδε·
577 709 723 785 Ἡρακλέα
749 708 904 770 ἐλαύνοντα
931 709 980 772 τὰς

176 796 319 872 Γηρυόνεω
345 799 416 872 βοῦς
443 797 595 858 ἀπικέσθαι
621 803 648 861 ἐς
671 801 726 878 γῆν
752 796 856 872 ταύτην
878 800 978 856 εὀὒσαν

176 884 289 960 ε’ρῆμην,
308 884 421 959 ἥντινα
437 890 485 945 νῦν
504 887 609 951 Σκύθαι
629 886 767 962 νέμονται·
789 884 933 959 Γηρυόνεα
951 885 979 944 δὲ

177 973 274 1031 οἰκέειν
288 973 337 1042 ἔξω
350 977 399 1032 τοῦ
408 973 519 1033 Πόντου
531 973 728 1050 κατοικημένον
741 971 793 1047 τῆν
804 975 831 1031 οἱ
839 972 981 1048 Ἕλληνες

177 1059 294 1140 λέγουσι
305 1059 449 1137 Ἐρύθειαν
463 1065 560 1137 νῆσον,
577 1062 630 1136 τῆν
647 1060 717 1138 πρός
730 1059 892 1135 Γηδείροισι
905 1064 981 1119 τοῖσι

178 1149 228 1226 ἔξω
248 1147 426 1225 Ἡρακληΐων
447 1151 574 1225 στηλέων
592 1149 636 1208 ἐπὶ
656 1152 694 1226 τῷ
714 1147 844 1226 Ὠκεανῷ·
870 1147 932 1226 (τόν
953 1149 981 1208 δὲ

177 1235 310 1297 Ὠκεανόν
336 1236 413 1317 λόγῳ
433 1239 484 1313 μὲν
504 1237 623 1317 λέγουσι
643 1236 699 1296 ἀπό
719 1235 803 1310 ῆλίου
824 1233 982 1296 ἀνατολέων

178 1323 333 1400 ἀρξάμενον
350 1329 404 1404 γῆν
422 1326 486 1401 περὶ
504 1330 601 1384 πᾶσαν
622 1325 701 1401 ῥέειν,
717 1325 786 1404 ἔργῳ
805 1323 835 1382 δὲ
849 1321 900 1382 οὐκ
914 1323 982 1384 ἀπο-

178 1413 322 1492 δεικνῦσι·)
344 1413 467 1472 ἐνθεῦτεν
482 1413 533 1472 τάν
550 1412 694 1489 Ἠρακλέα
712 1409 866 1470 ἀπικέσθαι
886 1417 914 1475 ἒς
932 1413 982 1487 τῆν

179 1504 227 1558 νῦν
251 1501 371 1575 Σκυθίην
393 1498 486 1578 χώρην
514 1500 694 1575 καλεομένην·
729 1500 904 1574 καταλαβεῖν
929 1501 982 1580 γάρ

180 1586 264 1647 αύτάν
276 1588 398 1666 χειμῶνά
409 1610 442 1647 τε
459 1589 505 1647 καὶ
521 1588 634 1665 κρυμόν·
657 1585 876 1663 ἐπειρυσάμενον
890 1587 920 1647 δὲ
933 1587 983 1663 τῆν

181 1680 304 1751 λεοντῆν,
320 1681 508 1736 κατυπνῶσαι·
529 1675 579 1738 τάς
595 1676 626 1735 δέ
641 1679 667 1734 οἱ
682 1676 783 1737 ἵππους
798 1673 850 1738 τάς
863 1674 922 1735 ἀπό
936 1679 984 1735 τοῦ

180 1762 303 1840 ἅρματος
317 1766 468 1840 νεμομένας
482 1770 510 1824 ἔν
523 1765 611 1843 τούτῳ
624 1769 662 1843 τῷ
676 1763 775 1842 χρόνῳ,
789 1761 983 1840 ἀφανισθῆναι

156 1853 242 1929 ὓθείη
256 1851 336 1930 τύχῃ·
357 1852 405 1915 Ὡς
420 1852 442 1910 δ’
456 1853 601 1933 ἐγερθῆναι
614 1852 664 1913 τόν
676 1852 829 1928 Ἡρακλέα,
845 1852 982 1928 δίζησθαι,

180 1939 272 1999 πάντα
292 1940 321 1997 δὲ
341 1939 377 1999 τά
395 1945 446 2015 τῆς
465 1941 557 2019 χώρης
577 1941 770 2010 ἐπεξελθόντα,
787 1942 872 2003 τέλος
892 1941 983 2000 ἀπικέ-

183 2029 251 2086 σθαι
271 2031 298 2089 ές
317 2026 369 2103 τῆν
388 2027 505 2105 Ὑλαίην
526 2030 697 2104 καλεομένην
716 2033 780 2108 γῆν·
808 2029 930 2089 ε’νθαῦτα
957 2030 983 2088 δὲ

183 2113 267 2175 αύτόν
294 2114 381 2192 εύρεῖν
408 2121 437 2174 έν
458 2117 547 2194 ἀντρῳ
568 2115 771 2194 μιξοπάρθενόν
791 2142 855 2176 τινα
877 2118 983 2196 ἔχιδναν

183 2204 291 2278 διφυέα·
325 2208 375 2278 τῆς
395 2204 430 2262 τά
450 2207 501 2280 μὲν
521 2203 578 2263 ἀνω
600 2204 655 2264 οἷπό
676 2209 730 2264 τῶν
753 2205 897 2284 γλουτέων
918 2206 983 2265 εἶναι

181 2290 318 2372 γυναικός,
332 2292 367 2350 τά
382 2292 411 2350 δὲ
426 2293 532 2368 ἔνερθεν
546 2292 636 2366 ὄφιος·
660 2292 752 2352 ἰδόντα
766 2293 795 2351 δὲ
817 2294 864 2352 καὶ
879 2293 983 2371 θωυμά-

137 2384 139 2389 ’
183 2405 281 2449 σαντα,
306 2381 468 2457 ε’πείρεσθαί
488 2406 536 2456 μιν
557 2382 582 2439 εἶ
602 2407 650 2440 κου
671 2381 725 2439 ἴδοι
749 2381 853 2444 ἵππους
877 2387 983 2442 πλανω-

183 2469 284 2543 μένας;
305 2468 356 2542 τῆν
376 2468 405 2526 δὲ
425 2468 512 2543 φόνοι
532 2468 633 2543 ἔωυτῆν
652 2470 731 2546 ἔχειν,
752 2469 797 2526 καὶ
812 2467 863 2528 οόκ
880 2469 985 2530 ἀποδῶ·

184 2582 245 2615 σειν
265 2557 355 2634 ἐκείνῳ
376 2559 440 2632 πρὶν
460 2555 478 2630 ῆ
500 2558 526 2614 οἱ
546 2557 690 2634 μιχθῆναι·
717 2554 766 2615 τόν
808 2556 986 2633 ἒἩρακλέο

184 2645 318 2722 μιχθῆναι
335 2645 379 2702 ἐπὶ
400 2648 437 2720 τῷ
455 2644 548 2722 μισθῷ
568 2643 666 2722 τούτῳ·
688 2644 779 2718 κείνην
798 2670 830 2703 τε
850 2645 887 2720 δῆ
907 2645 986 2723 ὕπερ-

183 2733 328 2807 βαλέσθαι
345 2731 397 2807 τῆν
418 2731 555 2790 ἀπόδοσιν
573 2735 627 2790 τῶν
648 2732 738 2790 ἵππων
755 2733 940 2810 βουλομένην
954 2732 987 2797 ῶς

185 2824 321 2878 πλεῖστον
346 2819 448 2897 χρόνον
475 2822 599 2878 συνεῖναι
627 2823 665 2893 τῶ
692 2818 838 2893 Ἡρακλέϊ,
868 2822 915 2879 καὶ
941 2821 987 2881 τόν

185 2907 372 2982 κομισάμενον
403 2908 508 2966 ἐθέλειν
547 2905 800 2966 ἀπαλλάσσεσθαι·
841 2908 928 2972 τέλος
961 2909 988 2969 δδ

185 2995 373 3054 ἀποδιδοῦσαν
392 2994 479 3068 αύτῆν
496 2998 591 3053 εἰπεῖν·
613 3005 629 3030 “
641 2997 741 3056 ἵππους
760 2996 813 3071 μὲν
831 2994 867 3073 δῆ
888 2996 988 3061 ταύτας

179 3084 355 3164 ἀπικομένας
376 3082 472 3144 ἐνθάδε
493 3080 587 3142 ἔσωσά
605 3108 650 3142 τοι
671 3081 733 3162 ἐγώ·
761 3086 883 3161 σῶστρα
902 3085 934 3146 δὲ
953 3084 989 3147 σθ

80 3176 96 3239 λ
173 3178 338 3258 παρέσχες,
350 3173 409 3258 ἐγὼ
421 3173 479 3257 γὰρ
492 3177 523 3232 ὲκ
534 3176 587 3232 σεῐι
596 3174 671 3248 τρεῖς
681 3169 851 3245 πάλαςῖχω·
870 3172 988 3242 τούτους,

167 3266 267 3329 ἔτ’τεάν
294 3267 445 3343 γένωνται
468 3257 641 3342 τρθφιὶἳιῖ)
663 3281 695 3314 Ψ·
713 3251 775 3330 Χὶλῆ
790 3253 893 3311 ΝΜ
914 3257 1011 3333 {³³¹ss
