2040 3464
95 103 206 166 ιτ-ιι]
415 105 579 155 mmm.
852 105 900 154 1³3

96 181 210 252 αἰδοῖον,
229 181 275 241 καὶ
293 181 375 242 κινέει
392 187 496 260 μοῦνον
511 186 561 242 τοῦ
579 181 717 259 σώματος,
735 181 797 242 ἐστι
814 181 902 262 λόγος

96 269 161 346 περὶ
175 269 260 329 αὐτοῦ
274 269 332 345 ἱρός
345 269 506 351 λεγόμενος.
536 270 613 346 Ἤδη
628 270 665 330 ὦν
678 270 767 329 δοκέει
779 295 828 346 μοι
841 276 900 329 Με-
909 273 947 333 49

96 355 227 432 λόμπους
241 356 256 416 ό
269 356 442 433 Ἀμυθέωνος
459 362 509 432 τῆς
528 358 627 433 θυσίης
643 357 744 433 ταύτης
760 357 810 416 οὐκ
831 357 900 418 εἶναι

97 442 192 519 α’δαής,
206 443 273 502 ἀλλ’
288 446 425 522 ἔμπειρος.
462 444 591 520 Ἕλλησι
604 444 659 526 γάρ
674 445 708 520 δή
724 445 898 521 Μελάμπους

97 531 160 590 ἐστὶ
173 531 189 590 ό
203 532 411 612 ἐξηγησάμενος
424 536 474 592 τοῦ
489 533 629 592 Διονύσου
642 533 718 592 τότε
733 532 839 610 οῦνομα
853 535 899 594 καὶ

95 617 148 693 τήν
162 619 262 694 θυσίην
276 620 322 677 καὶ
334 618 386 695 τήν
402 619 519 695 πομπήν
535 624 586 679 τοῦ
600 624 723 696 φαλλοῦ.
767 620 899 697 ἀτρεκέως

96 709 147 782 μὲν
170 705 202 766 ού
228 705 321 766 πάντα
342 707 500 783 συλλαβῶν
523 707 573 767 τόν
593 707 680 788 λόγον
703 711 797 787 ἔφηνεΙ
833 709 898 768 ἀλλ’

97 796 124 853 οἱ
143 793 332 874 ἐπιγενόμενοι
351 793 439 873 τούτῳ
453 796 593 871 σοφισταὶ
611 796 731 872 μεζόνως
750 797 897 876 ἐξέφηναν·

96 881 145 941 τόν
158 881 182 940 δ’
197 881 233 940 ὧν
247 880 363 956 φαλλόν
376 881 426 942 τόν
443 887 481 961 τῷ
495 882 623 962 Διονύσῳ
642 883 821 960 πεμπόμενον
840 891 898 943 Με-

95 969 225 1046 λάμπους
248 971 310 1029 ἐστὶ
334 969 350 1029 ό
375 971 614 1051 κατηγησάμενος·
650 972 696 1030 καὶ
720 971 776 1031 άπῦ
797 970 898 1032 τούτου

94 1057 233 1133 μαθόντες
255 1061 368 1117 ποιεῦσι
390 1057 426 1117 τό
449 1063 562 1118 ποιεῦσι
580 1059 728 1133 Ἕλληνες.
771 1060 824 1140 ε’γο)
846 1062 899 1137 μέν

96 1144 143 1204 νύν
156 1151 231 1221 φημι
247 1144 427 1222 Μελάμποδα
442 1145 591 1226 γενόμενον
607 1145 694 1223 ἄνδρα
712 1148 815 1221 σοφόν,
828 1174 896 1223 μαν-

94 1231 174 1308 τικήν
190 1259 222 1293 τε
232 1236 321 1312 ἑωυτῷ
337 1238 492 1308 συστῆσαι,
507 1235 553 1292 καὶ
574 1234 732 1310 πυθόμενον
749 1234 796 1292 ἀπ’
814 1235 897 1316 Αἰγά-

96 1347 167 1381 πτου
182 1321 260 1380 ἄλλα
277 1347 308 1380 τε
327 1321 425 1380 πολλοὶ
443 1321 643 1403 ἐσηγήσασθαι
658 1322 786 1396 Ἕλλησι
805 1323 850 1380 καὶ
863 1322 900 1382 τοὶ

95 1410 159 1486 περὶ
172 1409 222 1470 τόν
242 1408 389 1479 Διόνυσον,
404 1409 489 1488 ὀλίγα
506 1409 595 1468 αὐτῶν
614 1410 843 1486 παραλλάξαντα
866 1409 898 1469 ού

95 1497 151 1579 γάρ
162 1498 195 1574 δή
207 1498 378 1574 συμπεσέειν
391 1524 424 1577 γε
436 1496 520 1572 φήσω
533 1496 568 1556 τά
581 1523 611 1556 τε
625 1502 653 1556 ἐν
663 1496 794 1577 Αἰγύπτῳ
807 1497 898 1556 ποιεύ-

94 1612 166 1662 μενα
186 1590 224 1664 τῷ
245 1587 297 1665 θειξ
318 1585 363 1644 καὶ
384 1584 419 1644 τό
437 1590 466 1643 ἐν
486 1588 563 1644 τοῖσι
579 1584 716 1660 Ἕλλησι·
751 1584 898 1661 ὁμότροπα

94 1673 150 1753 γάρ
167 1673 200 1734 ἂν
215 1673 250 1748 ἦν
268 1677 344 1733 τοῖσι
359 1673 495 1748 Ἕλλησι,
511 1673 556 1730 καὶ
576 1671 607 1731 ού
626 1672 726 1732 νεωστὶ
747 1663 903 1753 ἐσαγμένα..

98 1765 131 1822 οὔ
147 1763 205 1838 μήν
226 1760 288 1820 οῦδὲ
309 1761 394 1837 φήσω
415 1760 483 1824 ὅκως
497 1760 646 1842 Αἰγύπτιοι
666 1759 731 1838 παρ’
751 1760 897 1836 Ἑλλήνων

96 1850 202 1926 ἔλαβον
215 1848 233 1924 ἢ
247 1853 330 1908 τοῦτο
343 1847 361 1924 ἢ
376 1847 450 1907 ἄλλο
465 1849 515 1908 κου’
528 1875 555 1908 τι
569 1849 693 1925 νόμαιον·
715 1850 855 1909 πυθέσθαι
868 1851 900 1909 δέ

94 1963 144 2013 μοι
154 1937 242 1996 δοκέει
254 1937 382 2014 μάλιστα
392 1936 568 2014 Μελάμπους
578 1938 613 1996 τοὶ
624 1939 687 2014 περὶ
697 1937 747 1997 τόν
758 1937 898 1998 Διόνυσον

94 2026 173 2102 παρά
189 2025 308 2101 Κάδμου
326 2051 357 2084 τε
374 2028 424 2083 τοῦ
444 2026 554 2101 Τυρίου,
570 2026 615 2083 καὶ
634 2030 688 2084 τιῦν
711 2024 764 2085 σῦν
781 2025 854 2105 αύτῷ
868 2031 898 2085 ἐκ

94 2113 223 2188 Φοινίκης
242 2112 414 2189 ἀπικομένων
428 2117 455 2176 ἐς
474 2112 526 2188 τήν
542 2117 591 2173 νύν
610 2115 744 2190 Βοιωτίην
764 2114 897 2191 καλεομέ-

93 2226 144 2277 mv
157 2200 259 2280 κώνου

136 2289 241 2368 Σχεδῦν
261 2288 353 2348 δὲκαὶ
373 2287 464 2348 πάντα
484 2286 519 2348 τό
541 2287 681 2365 οὐνόματα
701 2293 756 2349 τῶν
777 2291 846 2349 θεῶν
867 2291 945 2360 ἐξόθ

93 2378 238 2458 Αἰγύπτου
256 2376 376 2451 ἐλήλυθε
393 2383 421 2438 ἐς
435 2376 487 2451 τήν
500 2376 637 2436 Ἐλλάδα.
680 2377 750 2437 διότι
770 2381 822 2453 μὲν
841 2377 896 2458 γάρ

94 2469 123 2523 ἐκ
137 2469 192 2524 τιῦν
211 2463 367 2540 βαρβάρων
385 2463 453 2540 ἥκει,
468 2463 672 2539 πυνθανόμενος
690 2465 760 2523 οὕτω
780 2464 897 2540 εῦρίσκω

94 2551 150 2612 ἐόν·
178 2552 263 2611 δοκέω
283 2551 306 2610 δ’
328 2551 364 2611 ὧν
385 2551 513 2628 μάλιστα
534 2550 581 2610 ἀπ’
604 2551 747 2631 Αἰγύπτου
768 2550 896 2630 ἀπῖχθαι.

92 2639 137 2700 ὅτι
150 2639 205 2720 γάρ
219 2639 253 2716 δή
267 2639 307 2716 μὴ
322 2640 513 2702 Ποσειδέωνος
532 2639 578 2697 καὶ
593 2639 781 2716 Διοσκούρων,
800 2639 835 2701 ὠς
851 2640 897 2698 καὶ

93 2727 231 2807 πρότερόν
247 2754 297 2805 μοι
312 2731 400 2787 ταῦτα
422 2729 534 2803 εἴρηται,
552 2727 598 2784 καὶ
606 2725 705 2802 Ἥρης,
721 2727 767 2784 καὶ
781 2725 895 2802 Ἱστίης,

93 2818 141 2875 ’καὶ
157 2817 266 2892 Θέμιος,
281 2815 326 2874 καὶ
347 2815 484 2892 Χαρίτων,
502 2814 548 2872 καὶ
562 2814 716 2890 Νηρηίδων,
730 2817 784 2873 τῶν
802 2811 897 2873 ἄλλων

16 2907 18 2911 “
94 2906 165 2964 θεῶν
178 2904 359 2984 Αἰγυπτίοισι
375 2905 430 2962 αἰεί
449 2928 512 2961 κοτε
530 2902 566 2961 τοὶ
584 2900 724 2977 οὐνόματά
742 2905 803 2960 ἐστι
820 2905 848 2960 ἐν
860 2903 897 2981 τῇ

94 2993 177 3072 χάρη.
221 2994 295 3074 λέγω
312 2993 341 3051 δὲ
356 2991 392 3051 τό
411 2991 536 3074 λέγουσι·
549 2989 632 3050 αὐτοὶ
651 2987 815 3072 Μιγῦπτιοι,
852 2992 909 3044 τῖαυ

85 3081 118 3137 δέ
132 3079 170 3138 οό
186 3086 261 3156 φασι
284 3081 357 3144 θεῶν
380 3082 537 3166 γινώσκειν
557 3081 600 3144 τὰ
619 3079 783 3159 ούνῦματα,
800 3068 942 3169 οἶιτοιδίί.

68 3189 124 3237 μοι
147 3165 286 3233 δοκέουσι
309 3171 371 3237 ῦπὸ
401 3179 585 3262 Πελασγῶν
617 3168 854 3250 όνομασδῆνωι
876 3156 966 3251 ‘va

60 3253 280 3328 1100‘t3f‘wvos·
327 3269 445 3332 τοῦτον
474 3269 512 3332 δὲ
538 3267 597 3332 τὸν
628 3263 706 3330 θεὸν
735 3253 831 3330 ταοὶ
864 3237 995 3314 „ssva
