2040 3464
116 108 227 173 ω-ιο]
456 111 618 160 ρετινυιτ
871 112 919 160 ιιι

114 193 155 269 τῷ
175 194 292 268 ποταμῷ
310 188 399 266 φύσιν
417 188 537 266 ἀλλοίην
555 188 736 268 παρεχομένῳ
754 188 772 265 ἢ
791 192 818 248 οἱ
834 189 920 251 ἄλλοι

115 277 248 353 ποταμοὶ,
268 277 305 336 τά
327 277 424 335 πολλά
448 277 540 335 πάντα
561 279 681 353 ἔμπαλιν
701 282 778 336 τοῖσι
801 277 920 339 ἄλλοισι

115 363 291 441 ἀνθρώποισι
307 363 465 440 ἐστήσαντο
478 363 548 439 ἤθεά
561 391 591 422 τε
608 366 653 422 καὶ
667 364 777 441 νόμους·
800 371 828 425 έν
840 371 917 426 τοῖσι

115 455 213 529 οἱμὲν
225 456 351 533 γυναῖκες
367 452 537 533 ἀγοράζουσι
555 453 601 510 καὶ
619 452 820 527 καπηλεύουσι·
843 457 870 513 οἱ
888 455 918 513 δὲ

115 539 212 618 ἄνδρες
233 541 291 600 κατ’
312 541 402 603 οἴκους
423 541 512 604 ε’όντες
532 540 692 616 ὑφαίνουσι·
712 541 865 616 ὑφαίνουσι
886 542 915 601 δὲ

116 631 144 687 οἱ
157 631 209 704 μὲν
221 627 307 687 ἄλλοι
321 628 375 688 ἄνω
388 628 439 704 την
454 628 555 704 κρόκην
569 629 706 701 ὠθέοντες,
723 629 872 709 Αἰγύπτιοι
886 631 916 689 δὲ

116 716 199 775 κάτω.
233 717 270 776 τὰ
290 717 380 795 ἄχθεα
399 720 425 775 οἱ
445 720 496 792 μὲν
516 716 612 794 ἄνδρες
633 718 679 775 ε’πὶ
698 721 753 776 τῶν
771 719 917 793 κεφαλέων

114 807 262 880 φορέουσι,
277 808 306 863 αἱ
324 805 353 863 δὲ
369 809 496 884 γυναῖκες
513 806 630 863 ἐπὶτῶν
647 803 735 881 ώμων.
778 804 916 881 οὐρέουσι,

114 895 145 950 αἱ
160 895 212 968 μὲν
227 895 352 974 γυναῖκες
369 892 459 969 ὀρθαὶ,
475 896 501 951 οἱ
519 893 548 950 δὲ
565 890 660 969 ἅνδρες
679 891 837 970 κατήμενοι.
875 893 916 953 εὖ·

114 981 206 1058 μαρέη
219 981 354 1059 χρέωνται
371 986 400 1039 ἐν
417 985 494 1040 τοῖσι
511 981 621 1050 οἴκοισι,
637 982 765 1040 ε’σθίουσι
778 982 807 1039 δὲ
825 982 874 1051 ἔξω
889 987 917 1042 ε’ν

114 1072 184 1146 τῇσι
198 1068 298 1139 ὁδοῖσι,
310 1069 491 1148 ἐπιλέγοντες,
505 1068 538 1131 ὦς
551 1070 586 1127 τά
599 1072 650 1146 μὲν
661 1069 766 1146 αἰσχρά
779 1069 916 1150 α’ναγκαῖα

115 1155 145 1214 δὲ
159 1162 187 1216 ε’ν
200 1154 352 1236 α’ποκρύφῳ
367 1158 428 1215 ἐστὶ
441 1158 544 1216 ποιέειν
556 1158 652 1235 χρεών,
663 1157 699 1216 τά
713 1158 742 1215 δὲ
755 1157 795 1233 μὴ
809 1157 915 1236 αἰσχρά

114 1243 284 1322 α’ναφανδόν.
320 1249 411 1321 ἱρᾶται
430 1245 500 1326 γῠνὴ
516 1248 568 1320 μὲν
589 1245 703 1322 οὐδεμία
722 1244 785 1303 οὔτε
803 1246 915 1321 έρσενος

116 1333 181 1390 θεοῦ
196 1332 258 1393 οὔτε
275 1334 386 1408 θηλέης·
408 1332 503 1409 ἄνδρες
520 1334 548 1392 δὲ
562 1333 672 1391 πάντων
684 1359 715 1391 τε
733 1334 779 1390 καὶ
792 1335 915 1392 πασέων.

114 1422 227 1495 τρέφειν
239 1420 303 1484 τούς
315 1422 411 1483 τοκέας
428 1425 505 1480 τοῖσι
520 1424 571 1497 μὲν
584 1422 667 1479 παισὶ
682 1419 795 1497 οὐδεμία
809 1419 915 1499 ἀνάγκη

114 1509 154 1583 μή
168 1511 382 1586 βουλομένοισι·
402 1513 472 1587 τῇσι
491 1509 520 1567 δὲ
539 1505 694 1588 θυγατράσι
712 1512 793 1567 πᾶσα
809 1506 915 1588 ἀνάγκη

115 1597 161 1654 καὶ
182 1596 221 1672 μη
244 1597 449 1675 βουλομένῃσι.
493 1599 529 1654 Οἱ
550 1597 619 1673 ἱρέες
642 1600 697 1655 τῶν
720 1597 788 1655 θεῶν
809 1600 843 1673 τῇ
865 1599 916 1671 μὲν
926 1599 962 1656 36

114 1683 191 1762 άλλη
215 1686 355 1762 κομέουσι,
380 1692 409 1744 ἐν
433 1683 565 1765 Αἰγύπτῳ
589 1684 618 1742 δὲ
642 1685 793 1760 ξυρεῦνται.
835 1688 912 1743 τοῖσι

114 1771 231 1831 ἄλλοισι
251 1772 423 1849 ἀνθρώποισι
441 1772 525 1849 νόμος
543 1772 602 1848 ἅμα
620 1772 695 1848 κη’δεϊ
715 1771 847 1849 κεκάρθαι
867 1772 916 1835 ταὶς

114 1860 241 1934 κεφαλάς
260 1861 324 1923 τους
343 1860 472 1936 μάλιστα
494 1862 617 1930 ἱκνέεται,
639 1861 787 1941 Αἰγύπτιοι
807 1861 837 1918 δὲ
857 1860 913 1919 ὑπὸ

114 1947 179 2010 τοιὶς
193 1949 326 2011 θανάτους
339 1949 441 2008 άνιεῖσι
453 1948 503 2010 τοὶς
515 1951 612 2027 τρίχας
626 1946 767 2018 αὔξεσθαι,
782 1947 831 2011 τάς
844 1953 915 2007 τεέν

113 2039 150 2112 τῇ
171 2041 282 2114 κεφαλῇ
304 2038 349 2095 καὶ
369 2041 407 2114 τῷ
426 2038 529 2116 γενείῳ,
545 2038 612 2098 τέως
633 2037 802 2112 ἐξυρημένοι.
837 2039 914 2095 τοῖσι

113 2127 166 2196 μὲν
186 2122 304 2183 άλλοισι
324 2123 496 2200 άνθρώτοισι
517 2125 600 2202 χωρὶς
617 2125 717 2200 θηρίων
736 2125 827 2183 δίαιτα
845 2123 913 2183 άπο·

115 2213 245 2287 κέκριται,
257 2214 435 2292 Αἰγυπτίοισι
449 2213 479 2270 δὲ
493 2215 563 2287 ὁμοῦ
575 2214 697 2289 θηρίοισι
710 2212 728 2287 ἡ
741 2212 831 2271 δίαιτά
843 2217 914 2272 ἐστι.

114 2299 171 2360 οἷπδ
192 2301 298 2377 πυρέων
319 2302 365 2359 καὶ
386 2301 499 2377 κριθέων
521 2298 609 2358 ὧλλοι
630 2301 739 2370 ζώουσι,
757 2301 915 2379 Αίγωπτίων

114 2388 144 2446 δὲ
157 2392 195 2466 τῳ
208 2390 359 2467 ποιευμένῳ
374 2388 429 2447 άπὸ
444 2387 548 2446 τούτων
560 2387 612 2463 τήν
626 2386 690 2463 ζόην
701 2387 804 2449 ὄνειδος
816 2388 916 2467 μέγισ-

113 2474 163 2536 τόν
186 2482 256 2536 ἐστι·
280 2476 358 2535 άλλοὶ
379 2475 435 2534 άπὸ
457 2475 579 2552 ὀλυρέων
599 2480 741 2535 ποιεῦνται
760 2476 845 2543 σιτία,
866 2474 916 2537 τοὶς

114 2564 188 2635 ζειάς
207 2566 379 2642 μετεξέτεροι
400 2564 542 2621 καλέουσι.
579 2568 690 2638 φυρῶσι
710 2562 742 2621 τά
763 2565 815 2637 μὲν
835 2565 917 2624 σταῖς

113 2656 191 2712 τοῖσι
204 2653 282 2721 ποσὶ,
293 2651 343 2712 τδν
354 2651 384 2710 δὲ
396 2652 489 2726 πηλὸν
498 2656 566 2729 τῇσι
579 2658 671 2730 χερσί·
689 2651 735 2708 καὶ
746 2650 798 2725 την
812 2647 917 2725 κόπρον

114 2739 297 2818 άναιρέονται.
326 2740 361 2798 τά
376 2741 467 2797 αἰδοῖα
482 2736 571 2797 ὧλλοι
584 2742 636 2814 μὲν
650 2742 717 2797 ε’ῶσι
732 2736 767 2798 ώς
780 2737 915 2816 ε’γένοντο,

114 2829 193 2904 πλην
210 2827 275 2889 ὅσοι
294 2827 349 2887 οἷπδ
370 2826 474 2886 τούτων
493 2828 605 2902 ἔμαθον·
626 2824 776 2906 Αἰγύπτιοι
792 2824 821 2882 δὲ
841 2849 916 2900 περι·

113 2917 274 2994 τάμνονται.
317 2915 426 2993 εἵματα,
445 2917 500 2974 τῶν
521 2917 572 2991 μὲν
595 2912 700 2991 ἀνδρῶν
722 2913 839 2974 ἕκαστος
861 2914 917 2989 ἔχει

115 3005 172 3075 δύο,
191 3009 246 3064 τών
264 3005 293 3064 δὲ
310 3005 447 3085 γυναικῶν
467 3001 496 3062 ἓν
515 3001 632 3080 ἑκάστη.
667 3005 727 3063 τῶν
740 3001 844 3060 ἱστίων
865 2997 939 3056 τοὶς

105 3093 217 3164 κριίεους
228 3093 276 3151 καὶ
289 3092 399 3158 κάλους
413 3095 440 3154 οἱ
457 3096 512 3173 μὲν
528 3093 624 3156 ἄλλοι
640 3093 746 3166 ’ἔξωθεν
761 3084 971 3179 προσδέουσι,

90 3177 245 3254 Αἰγύπτιοι
258 3179 292 3240 δὲ
305 3182 425 3246 ἔσωθεν.
461 3185 640 3270 γράμματα
650 3183 821 3272 γράφουσι
835 3172 1008 3268 ιειίιλςοήῒ·χ

77 3258 176 3326 θωπί
191 3266 326 3342 ψήφοισι
338 3271 500 3356 Ἕλληνες
518 3282 579 3358 μὲν
591 3278 663 3343 ἀπὸ
676 3279 746 3341 τῶν
760 3259 947 3348 ᾆριστεβῶν
963 3264 1003 3302 ‘⁸
