2040 3464
85 105 225 168 ιιι-ιιι]
433 106 543 156 mmo.
853 109 885 159 τι

83 210 138 244 σαν
148 186 177 243 δὲ
185 184 301 261 οὐδαμοὶ
310 188 472 264 μετασχεῖν,
481 182 524 243 ὅτι
533 183 574 260 μή
584 186 746 260 Σμυρναῖοι.
771 185 865 244 Κατά-
876 190 933 248 144

74 298 136 349 ,περ
150 277 176 332 οἱ
190 278 219 331 ἐκ
233 277 283 348 τῆς
297 272 491 333 Πενταπύλιος
508 276 556 331 νῦν
569 271 661 350 χώρης
678 275 804 349 Δωριέες,
818 273 888 350 πρά-

83 386 163 437 τερον
183 361 213 420 δὲ
231 360 399 429 Ἑξαπόλιος
418 365 469 436 τῆς
489 358 574 434 αὐτῆς
588 358 691 435 ταύτης
707 363 885 438 καλεομένης,

83 448 284 520 φυλάσσονται
302 448 339 507 ὦν
351 447 497 525 μηδαμοῦς
516 447 685 516 ἐσδέξασθαι
703 452 757 508 τῶν
770 451 886 525 προσοί·

508 533 715 558 xel’x

83 562 138 595 κων
157 537 284 613 Δωριέων
298 542 325 598 ές
338 535 370 595 τό
384 543 534 612 Τριοπικον
548 560 617 611 ιρον·
639 540 715 594 αλλα
730 538 776 596 καὶ
789 538 887 614 σφέων

83 623 173 683 αὐτῶν
183 624 247 686 τοῦς
260 624 323 700 περὶ
336 623 368 682 τό
383 623 442 700 ἶρδν
452 621 648 698 ἀνομήσαντας
662 623 827 699 ἐξεκλήισαν
835 631 886 702 τῆς

83 716 214 789 μετοχῆς.
244 717 272 770 ἐν
280 711 335 792 γάρ
347 715 386 789 τῷ
398 710 483 792 οἷγῶνι
496 714 546 768 τοῦ
559 710 691 786 Τριοπίου
704 710 886 778 ’Λπόλλωνος

84 799 213 859 ἐτίθεσαν
225 799 259 859 τό
278 799 368 857 πάλαι
383 798 516 875 τρίποδας
532 798 669 876 χαλκέους
685 803 762 859 τοῖσι
778 805 885 862 νικῶσι·

84 887 131 944 καὶ
146 886 260 948 τούτους
275 891 347 964 χρῆν
359 886 424 948 τοῦς
440 885 641 962 λαμβάνοντας
655 891 685 944 ἐκ
698 891 748 946 τοῦ
765 891 827 964 ῖροῦ
844 887 885 967 μή

85 974 219 1051 ἐκφέρειν,
237 973 303 1032 α’λλ’
322 971 407 1033 αῦτοῦ
428 972 585 1032 ἀνατιθέναι
604 978 643 1051 τῷ
664 975 725 1051 θεῷ.
760 974 829 1052 ἁνήρ
850 976 887 1038 ὦν

84 1061 332 1138 Ἁλικαρνησσεύς,
341 1066 380 1139 τῷ
394 1060 499 1137 οὕνομα
511 1059 546 1135 ἦν
554 1060 751 1141 Ἀγασικλέης,
761 1063 885 1138 νικήσας,

83 1149 133 1208 τδν
146 1149 232 1226 νόμον
246 1148 433 1230 κατηλόγησε·
456 1149 548 1225 φέρων
561 1149 591 1206 δὲ
603 1149 673 1227 πρός
685 1150 721 1209 τά
736 1155 836 1211 ἑωυτοῦ
850 1157 887 1212 οἶ·

86 1238 131 1294 κία
145 1237 424 1315 προσεπασσάλευσε
436 1236 486 1295 τὸν
498 1237 625 1312 τρίποδα.
660 1237 706 1295 διαὶ
720 1236 822 1313 ταύτην
834 1239 887 1314 τήν

85 1326 175 1400 αἰτίην
191 1329 220 1384 αῖ
236 1327 318 1385 πέντε
334 1325 439 1394 πόλιες,
453 1324 553 1385 Λίνδος
571 1325 616 1381 καὶ
631 1323 783 1399 Ἰήλυσσός
795 1352 827 1385 τε
841 1329 887 1386 καὶ

85 1412 227 1490 Κάμειρος
250 1415 296 1471 καὶ
320 1417 384 1474 Κῶς
401 1439 431 1471 τε
453 1413 500 1470 καὶ
521 1412 629 1480 Κνίδος,
649 1412 815 1488 ἐξεκλήισαν
835 1418 886 1489 τῆς

84 1505 207 1579 μετοχῆς
224 1501 276 1577 τήν
295 1502 375 1576 ἐκτην
387 1501 472 1560 πόλιν
489 1499 725 1575 Ἁλικαρνησσόν.
760 1501 886 1563 τούτοισι

84 1590 137 1664 μέν
150 1615 198 1649 νυν
214 1588 291 1649 οῦτοι
308 1589 411 1664 ταύτην
426 1588 478 1663 τήν
495 1587 594 1663 ζημίην
614 1589 760 1663 ἐπέθηκαν.
789 1590 865 1649 Δυά-
877 1593 932 1652 145

84 1677 151 1735 δεκα
172 1677 203 1736 δέ
221 1703 271 1753 μοι
291 1677 419 1735 δοκέουσι
439 1674 541 1738 πόλιας
556 1675 734 1750 ποιήσασθαι
753 1681 779 1736 οῖ
794 1677 887 1742 Ἴωνες

85 1765 132 1822 καὶ
148 1765 197 1824 οῦκ
218 1766 354 1840 ἐθελῆσαι
373 1768 494 1826 πλεῦνας
513 1763 681 1833 ἐσδέξασθαι
694 1765 775 1824 τοῦδε
789 1766 886 1837 εἵνεκα,
955 1811 961 1822 .

84 1851 129 1911 ὅτι
141 1855 188 1912 καὶ
198 1851 244 1913 ὅτε
257 1858 286 1912 ἐν
300 1851 510 1930 Πελοποννήσῳ
519 1852 609 1911 οἴκεον
619 1852 739 1912 δυόδεκα
752 1853 787 1928 ἦν
797 1854 887 1915 αὐτῶν

83 1941 180 2016 μέρεα·
202 1941 324 2016 κατάπερ
338 1944 386 1999 νῦν
396 1939 517 2018 Ἀχαιῶν
526 1943 580 1998 τῶν
589 1940 781 2008 ἐξελασάντων
788 1942 886 2007 Ἴωνας

84 2027 205 2088 δυώδεκά
224 2033 286 2087 ἐστι
301 2029 396 2104 μέρεα.
431 2026 567 2102 Πελλήνη
583 2028 635 2104 μέν
652 2054 686 2108 γε
701 2028 798 2106 πρώτη
817 2032 887 2108 πρὸς

85 2118 231 2180 Σικυῶνος·
248 2115 319 2192 μετά
332 2117 369 2184 δὲ,
384 2116 500 2196 Αἴγειρα
513 2116 559 2173 καὶ
573 2117 667 2195 Αἰγαί·
682 2119 765 2196 (ἐντῇ
777 2121 886 2196 Κρᾶθις

84 2204 211 2280 ποταμός
224 2204 337 2266 άένναός
350 2210 419 2273 ἐστι,
434 2203 491 2262 α’πδ
505 2207 555 2266 τοῦ
569 2203 584 2263 ὁ
599 2209 627 2262 ἐν
640 2203 746 2284 Ἰταλίη
760 2207 887 2284 ποταμός

84 2291 117 2351 τῦ
132 2291 236 2369 οθνομα
250 2293 338 2372 ἔσχε)
353 2293 399 2351 καὶ
412 2296 507 2367 Βοῦρα
520 2293 566 2350 καὶ
575 2291 683 2367 Ἑλίκη·
698 2293 737 2371 (ἐς
746 2294 798 2368 τήν
809 2296 886 2354 κατέ·

86 2386 178 2461 φνγον
193 2379 286 2443 Ἴωνες
307 2381 360 2440 ῦπδ
382 2381 503 2458 Ἀχαιῶν
524 2379 602 2458 μάχη
626 2382 817 2462 ἑσσωθέντες)
839 2383 885 2441 καὶ

85 2470 192 2549 Αἴγιον,
215 2469 262 2527 καῖ
284 2467 390 2537 Ῥύπες,
414 2470 460 2526 καὶ
483 2470 615 2544 Πατρέες,
638 2469 684 2526 καὶ
705 2470 815 2546 Φαρέες,
838 2472 885 2529 καὶ

82 2554 207 2619 Ὤλενος·
235 2557 277 2634 (ἐν
297 2561 334 2634 τῷ
355 2560 458 2633 Πεῖρος
477 2554 603 2632 ποταμδς
623 2557 711 2636 μέγας
735 2558 818 2636 ἐστί)
841 2559 886 2616 καὶ

86 2644 169 2720 Δύμη
183 2644 229 2703 καὶ
242 2645 390 2721 Τριταιέες·
412 2644 438 2703 οἳ
451 2648 550 2720 μοῦνοι
568 2643 671 2702 τούτων
683 2644 833 2724 μεσόγαιοι
846 2649 882 2704 οἷ·

86 2732 190 2792 κέουσι.
224 2736 319 2791 Ταῦτα
342 2732 462 2791 δυώδεκα
481 2732 567 2808 μέρεα
587 2736 635 2790 νῦν
654 2731 775 2809 ’Δχαιῶν
796 2733 932 2802 ἐστὶ,146

86 2821 132 2878 καὶ
145 2820 208 2880 τότε
221 2846 254 2900 γε
267 2818 364 2880 Ἰάνων
376 2819 420 2895 ἢν·
440 2819 544 2879 τούτων
554 2819 587 2895 δή
603 2819 692 2878 εἵνεκα
706 2819 752 2878 καὶ
765 2819 886 2883 οῖἺωνες

85 2907 207 2967 δυόδεκα
224 2907 326 2970 πόλιας
343 2907 522 2983 ἐποιήσαντο·
545 2908 612 2979 ἐπεὶ,
632 2907 667 2970 ῶς
686 2933 720 2986 γε
732 2933 761 2966 τι
773 2911 886 2982 μᾶλλον

85 2992 163 3055 οὗτοι
178 2994 272 3057 Ἴωνές
294 2999 349 3054 εἶσι
371 2999 426 3053 τῶν
447 2993 542 3055 ἄλλων
560 2994 658 3053 Ἰάνων
679 2993 697 3069 ἢ
722 2994 840 3055 κάλλιόν
857 3021 885 3054 τι

84 3083 227 3163 γεγόνασι,
241 3084 329 3158 μωρίη
343 3081 439 3157 πολλή
453 3083 555 3162 λέγειν·
575 3086 630 3141 τῶν
638 3081 778 3158 ’Ἄβαντες
792 3085 842 3158 μὲν
855 3083 887 3151 ἐξ

86 3169 210 3246 Εὐβοίης
223 3171 278 3228 εἶσὶ
292 3169 342 3229 οῦκ
356 3170 497 3250 ἐλαχίστη
515 3169 822 3250 μοῖρα,το”ισι’ὶωνίτχς
834 3169 913 3242 γιέτα.

79 3255 216 3380 ου’δέ7τοῦ
237 3257 397 3338 οὐνόματος
420 3260 515 3324 οὐδέν·
542 3261 663 3323 Μινύαι
680 3251 940 3334 δὲ’ὒηὶψδῖω
