<?xml version="1.0" encoding="UTF-8"?>
<!DOCTYPE html PUBLIC "-//W3C//DTD XHTML 1.0 Transitional//EN"
    "http://www.w3.org/TR/xhtml1/DTD/xhtml1-transitional.dtd">
<html xmlns="http://www.w3.org/1999/xhtml" xml:lang="en" lang="en">
 <head>
  <title>
</title>
<meta http-equiv="Content-Type" content="text/html;charset=utf-8" />
  <meta name='ocr-system' content='tesseract 3.04.00' />
  <meta name='ocr-capabilities' content='ocr_page ocr_carea ocr_par ocr_line ocrx_word'/>
</head>
<body>
  <div class='ocr_page' id='page_1' title='image "./recensuitjoseph00herogoog_0322.png"; bbox 0 0 2040 3464; ppageno 0'>
   <div class='ocr_carea' id='block_1_1' title="bbox 77 108 967 3338">
    <p class='ocr_par' dir='ltr' id='par_1_1' title="bbox 85 108 967 971">
     <span class='ocr_line' id='line_1_1' title="bbox 88 108 967 175; baseline 0.001 -15"><span class='ocrx_word' id='word_1_1' title='bbox 88 108 195 174; x_wconf 77' lang='lat'>16-20]</span> <span class='ocrx_word' id='word_1_2' title='bbox 379 111 605 162; x_wconf 74' lang='grc' dir='ltr'>Μαιαοαιιυα.</span> <span class='ocrx_word' id='word_1_3' title='bbox 839 112 885 161; x_wconf 73' lang='grc' dir='ltr'>τοι</span> <span class='ocrx_word' id='word_1_4' title='bbox 962 168 967 175; x_wconf 54' lang='grc'>,</span> 
     </span>
     <span class='ocr_line' id='line_1_2' title="bbox 88 187 888 266; baseline 0.004 -20"><span class='ocrx_word' id='word_1_5' title='bbox 88 187 242 266; x_wconf 87' lang='grc' dir='ltr'>κατύπερθε</span> <span class='ocrx_word' id='word_1_6' title='bbox 268 189 391 250; x_wconf 76' lang='grc' dir='ltr'>οἰκέουσι</span> <span class='ocrx_word' id='word_1_7' title='bbox 414 191 528 265; x_wconf 89' lang='grc' dir='ltr'>Νευροί.</span> <span class='ocrx_word' id='word_1_8' title='bbox 570 193 686 266; x_wconf 98' lang='grc' dir='ltr'>Νευρῶν</span> <span class='ocrx_word' id='word_1_9' title='bbox 708 187 739 248; x_wconf 76' lang='grc' dir='ltr'>δὲ</span> <span class='ocrx_word' id='word_1_10' title='bbox 761 187 794 248; x_wconf 83' lang='grc' dir='ltr'>τδ</span> <span class='ocrx_word' id='word_1_11' title='bbox 817 192 888 264; x_wconf 76' lang='grc' dir='ltr'>πρὸς</span> 
     </span>
     <span class='ocr_line' id='line_1_3' title="bbox 86 275 885 382; baseline 0.003 -48"><span class='ocrx_word' id='word_1_12' title='bbox 86 275 212 382; x_wconf 75' lang='grc' dir='ltr'>βορὴν”</span> <span class='ocrx_word' id='word_1_13' title='bbox 195 303 297 354; x_wconf 89' lang='grc' dir='ltr'>ανεμον</span> <span class='ocrx_word' id='word_1_14' title='bbox 316 281 418 354; x_wconf 83' lang='grc' dir='ltr'>ε’ρὴμος</span> <span class='ocrx_word' id='word_1_15' title='bbox 436 277 595 354; x_wconf 83' lang='grc' dir='ltr'>άνθρῶπων,</span> <span class='ocrx_word' id='word_1_16' title='bbox 612 276 682 336; x_wconf 86' lang='grc' dir='ltr'>ὅσον</span> <span class='ocrx_word' id='word_1_17' title='bbox 700 275 781 352; x_wconf 84' lang='grc' dir='ltr'>ἡμεῖς</span> <span class='ocrx_word' id='word_1_18' title='bbox 798 276 885 353; x_wconf 80' lang='grc' dir='ltr'>ἴδμεν.</span> 
     </span>
     <span class='ocr_line' id='line_1_4' title="bbox 85 363 885 442; baseline -0.001 -19"><span class='ocrx_word' id='word_1_19' title='bbox 85 389 174 423; x_wconf 90' lang='grc' dir='ltr'>ταυτα</span> <span class='ocrx_word' id='word_1_20' title='bbox 193 366 245 440; x_wconf 80' lang='grc' dir='ltr'>μὲν</span> <span class='ocrx_word' id='word_1_21' title='bbox 265 365 342 442; x_wconf 86' lang='grc' dir='ltr'>παραὶ</span> <span class='ocrx_word' id='word_1_22' title='bbox 364 365 414 425; x_wconf 80' lang='grc' dir='ltr'>τῶν</span> <span class='ocrx_word' id='word_1_23' title='bbox 428 363 549 424; x_wconf 79' lang='grc' dir='ltr'>Ὕπανιν</span> <span class='ocrx_word' id='word_1_24' title='bbox 568 364 696 439; x_wconf 86' lang='grc' dir='ltr'>ποταμόν</span> <span class='ocrx_word' id='word_1_25' title='bbox 716 368 778 423; x_wconf 89' lang='grc' dir='ltr'>ε’στι</span> <span class='ocrx_word' id='word_1_26' title='bbox 798 365 885 435; x_wconf 79' lang='grc' dir='ltr'>ἔθνεα,</span> 
     </span>
     <span class='ocr_line' id='line_1_5' title="bbox 86 442 932 529; baseline 0.006 -21"><span class='ocrx_word' id='word_1_27' title='bbox 86 451 157 527; x_wconf 74' lang='grc' dir='ltr'>πρὸς</span> <span class='ocrx_word' id='word_1_28' title='bbox 183 453 302 529; x_wconf 81' lang='grc' dir='ltr'>εσπέρης</span> <span class='ocrx_word' id='word_1_29' title='bbox 327 456 378 512; x_wconf 84' lang='grc' dir='ltr'>τοῦ</span> <span class='ocrx_word' id='word_1_30' title='bbox 405 452 603 529; x_wconf 79' lang='grc' dir='ltr'>Βορυσθένεος.</span> <span class='ocrx_word' id='word_1_31' title='bbox 643 450 729 528; x_wconf 81' lang='grc' dir='ltr'>Ἀτάρ</span> <span class='ocrx_word' id='word_1_32' title='bbox 757 442 932 526; x_wconf 81' lang='grc' dir='ltr'>διαβάντιῙδ</span> 
     </span>
     <span class='ocr_line' id='line_1_6' title="bbox 85 537 884 616; baseline 0.003 -20"><span class='ocrx_word' id='word_1_33' title='bbox 85 537 136 598; x_wconf 78' lang='grc' dir='ltr'>τῶν</span> <span class='ocrx_word' id='word_1_34' title='bbox 167 541 352 616; x_wconf 76' lang='grc' dir='ltr'>Βορυσθένεα,</span> <span class='ocrx_word' id='word_1_35' title='bbox 379 537 435 599; x_wconf 59' lang='lat' dir='ltr'>&amp;sd</span> <span class='ocrx_word' id='word_1_36' title='bbox 469 539 620 614; x_wconf 74' lang='grc' dir='ltr'>θαλάσσης</span> <span class='ocrx_word' id='word_1_37' title='bbox 649 544 760 616; x_wconf 84' lang='grc' dir='ltr'>πρῶτον</span> <span class='ocrx_word' id='word_1_38' title='bbox 787 541 839 615; x_wconf 81' lang='grc' dir='ltr'>μὲν</span> <span class='ocrx_word' id='word_1_39' title='bbox 864 539 884 615; x_wconf 88' lang='grc' dir='ltr'>ἡ</span> 
     </span>
     <span class='ocr_line' id='line_1_7' title="bbox 85 623 885 706; baseline 0.001 -22"><span class='ocrx_word' id='word_1_40' title='bbox 85 623 196 702; x_wconf 73' lang='grc' dir='ltr'>Ὑλαίη·</span> <span class='ocrx_word' id='word_1_41' title='bbox 225 627 281 687; x_wconf 81' lang='grc' dir='ltr'>α’πὸ</span> <span class='ocrx_word' id='word_1_42' title='bbox 301 629 331 686; x_wconf 77' lang='grc' dir='ltr'>δὲ</span> <span class='ocrx_word' id='word_1_43' title='bbox 348 627 449 704; x_wconf 83' lang='grc' dir='ltr'>ταύτης</span> <span class='ocrx_word' id='word_1_44' title='bbox 467 627 522 686; x_wconf 86' lang='grc' dir='ltr'>ἅνω</span> <span class='ocrx_word' id='word_1_45' title='bbox 539 629 662 687; x_wconf 78' lang='grc' dir='ltr'>οἰκέουσι</span> <span class='ocrx_word' id='word_1_46' title='bbox 681 627 787 690; x_wconf 78' lang='grc' dir='ltr'>Σκύθαι</span> <span class='ocrx_word' id='word_1_47' title='bbox 802 653 885 706; x_wconf 89' lang='grc' dir='ltr'>γεωρ-</span> 
     </span>
     <span class='ocr_line' id='line_1_8' title="bbox 85 713 886 793; baseline 0.001 -19"><span class='ocrx_word' id='word_1_48' title='bbox 85 714 141 793; x_wconf 68' lang='grc' dir='ltr'>γοὶ,</span> <span class='ocrx_word' id='word_1_49' title='bbox 167 714 233 778; x_wconf 81' lang='grc' dir='ltr'>τούς</span> <span class='ocrx_word' id='word_1_50' title='bbox 257 715 396 791; x_wconf 87' lang='grc' dir='ltr'>Ἕλληνες</span> <span class='ocrx_word' id='word_1_51' title='bbox 426 719 453 774; x_wconf 83' lang='grc' dir='ltr'>οἱ</span> <span class='ocrx_word' id='word_1_52' title='bbox 482 716 617 779; x_wconf 85' lang='grc' dir='ltr'>οἰκέοντες</span> <span class='ocrx_word' id='word_1_53' title='bbox 646 716 692 774; x_wconf 83' lang='grc' dir='ltr'>ἐπὶ</span> <span class='ocrx_word' id='word_1_54' title='bbox 719 719 758 792; x_wconf 83' lang='grc' dir='ltr'>τῷ</span> <span class='ocrx_word' id='word_1_55' title='bbox 786 713 886 775; x_wconf 79' lang='grc' dir='ltr'>Ὑπάνι</span> 
     </span>
     <span class='ocr_line' id='line_1_9' title="bbox 88 801 887 880; baseline 0.004 -21"><span class='ocrx_word' id='word_1_56' title='bbox 88 808 202 880; x_wconf 81' lang='grc' dir='ltr'>ποταμῷ</span> <span class='ocrx_word' id='word_1_57' title='bbox 222 805 356 863; x_wconf 82' lang='grc' dir='ltr'>καλέουσι</span> <span class='ocrx_word' id='word_1_58' title='bbox 376 803 603 880; x_wconf 77' lang='grc' dir='ltr'>Βορυσθενεΐτας,</span> <span class='ocrx_word' id='word_1_59' title='bbox 624 804 716 879; x_wconf 80' lang='grc' dir='ltr'>σφέας</span> <span class='ocrx_word' id='word_1_60' title='bbox 737 801 822 861; x_wconf 81' lang='grc' dir='ltr'>δὲ’</span> <span class='ocrx_word' id='word_1_61' title='bbox 787 829 887 869; x_wconf 88' lang='grc' dir='ltr'>αυτους</span> 
     </span>
     <span class='ocr_line' id='line_1_10' title="bbox 86 886 884 971; baseline 0.003 -23.02"><span class='ocrx_word' id='word_1_62' title='bbox 86 886 365 966; x_wconf 85' lang='grc' dir='ltr'>Ολβιοπολίτας·</span> <span class='ocrx_word' id='word_1_63' title='bbox 334 918 410 950; x_wconf 89' lang='grc' dir='ltr'>ουτοι</span> <span class='ocrx_word' id='word_1_64' title='bbox 421 890 458 950; x_wconf 79' lang='grc' dir='ltr'>εἶν</span> <span class='ocrx_word' id='word_1_65' title='bbox 468 894 495 950; x_wconf 82' lang='grc' dir='ltr'>οἱ</span> <span class='ocrx_word' id='word_1_66' title='bbox 504 916 623 971; x_wconf 88' lang='grc' dir='ltr'>γεωργοι</span> <span class='ocrx_word' id='word_1_67' title='bbox 612 890 778 955; x_wconf 78' lang='grc' dir='ltr'>Σκύθαι’</span> <span class='ocrx_word' id='word_1_68' title='bbox 747 917 884 965; x_wconf 88' lang='grc' dir='ltr'>νεμονται,</span> 
     </span>
    </p>

    <p class='ocr_par' dir='ltr' id='par_1_2' title="bbox 77 976 933 3338">
     <span class='ocr_line' id='line_1_11' title="bbox 85 976 885 1085; baseline 0.001 -49"><span class='ocrx_word' id='word_1_69' title='bbox 85 976 118 1036; x_wconf 83' lang='grc' dir='ltr'>τδ</span> <span class='ocrx_word' id='word_1_70' title='bbox 133 981 186 1054; x_wconf 82' lang='grc' dir='ltr'>μὲν</span> <span class='ocrx_word' id='word_1_71' title='bbox 205 978 276 1056; x_wconf 81' lang='grc' dir='ltr'>πρδς</span> <span class='ocrx_word' id='word_1_72' title='bbox 295 979 347 1055; x_wconf 86' lang='grc' dir='ltr'>τὴν</span> <span class='ocrx_word' id='word_1_73' title='bbox 366 978 408 1085; x_wconf 86' lang='grc' dir='ltr'>ἡῶ</span> <span class='ocrx_word' id='word_1_74' title='bbox 429 979 475 1038; x_wconf 80' lang='grc' dir='ltr'>ἐπὶ</span> <span class='ocrx_word' id='word_1_75' title='bbox 495 983 568 1055; x_wconf 83' lang='grc' dir='ltr'>τρεῖς</span> <span class='ocrx_word' id='word_1_76' title='bbox 587 979 693 1056; x_wconf 82' lang='grc' dir='ltr'>ημέρας</span> <span class='ocrx_word' id='word_1_77' title='bbox 713 978 787 1048; x_wconf 81' lang='grc' dir='ltr'>ὁδοῦ,</span> <span class='ocrx_word' id='word_1_78' title='bbox 802 979 885 1055; x_wconf 88' lang='grc' dir='ltr'>κατὴ-</span> 
     </span>
     <span class='ocr_line' id='line_1_12' title="bbox 86 1064 884 1142; baseline 0.003 -19"><span class='ocrx_word' id='word_1_79' title='bbox 86 1090 180 1129; x_wconf 91' lang='grc' dir='ltr'>κοντες</span> <span class='ocrx_word' id='word_1_80' title='bbox 203 1067 248 1125; x_wconf 84' lang='grc' dir='ltr'>ἐπὶ</span> <span class='ocrx_word' id='word_1_81' title='bbox 265 1067 393 1142; x_wconf 78' lang='grc' dir='ltr'>ποταμῶν</span> <span class='ocrx_word' id='word_1_82' title='bbox 408 1071 446 1125; x_wconf 91' lang='grc' dir='ltr'>τῶ</span> <span class='ocrx_word' id='word_1_83' title='bbox 467 1064 573 1142; x_wconf 73' lang='grc' dir='ltr'>οὕνομα</span> <span class='ocrx_word' id='word_1_84' title='bbox 591 1070 678 1125; x_wconf 84' lang='grc' dir='ltr'>κεῖται</span> <span class='ocrx_word' id='word_1_85' title='bbox 694 1065 884 1142; x_wconf 76' lang='grc' dir='ltr'>Παντικάπης,</span> 
     </span>
     <span class='ocr_line' id='line_1_13' title="bbox 85 1152 885 1231; baseline 0.006 -20"><span class='ocrx_word' id='word_1_86' title='bbox 85 1153 118 1212; x_wconf 78' lang='grc' dir='ltr'>τά</span> <span class='ocrx_word' id='word_1_87' title='bbox 138 1154 167 1211; x_wconf 84' lang='grc' dir='ltr'>δὲ</span> <span class='ocrx_word' id='word_1_88' title='bbox 187 1153 257 1230; x_wconf 82' lang='grc' dir='ltr'>πρδς</span> <span class='ocrx_word' id='word_1_89' title='bbox 274 1157 366 1231; x_wconf 86' lang='grc' dir='ltr'>βορὴν</span> <span class='ocrx_word' id='word_1_90' title='bbox 384 1154 494 1231; x_wconf 79' lang='grc' dir='ltr'>ἄνεμον,</span> <span class='ocrx_word' id='word_1_91' title='bbox 508 1153 598 1214; x_wconf 87' lang='grc' dir='ltr'>πλόον</span> <span class='ocrx_word' id='word_1_92' title='bbox 615 1152 667 1214; x_wconf 76' lang='grc' dir='ltr'>ἀνά</span> <span class='ocrx_word' id='word_1_93' title='bbox 682 1153 732 1213; x_wconf 85' lang='grc' dir='ltr'>τὸν</span> <span class='ocrx_word' id='word_1_94' title='bbox 744 1155 885 1231; x_wconf 74' lang='grc' dir='ltr'>Βορυσθέ-</span> 
     </span>
     <span class='ocr_line' id='line_1_14' title="bbox 85 1241 887 1319; baseline 0.004 -21"><span class='ocrx_word' id='word_1_95' title='bbox 85 1266 135 1298; x_wconf 90' lang='grc' dir='ltr'>νεα</span> <span class='ocrx_word' id='word_1_96' title='bbox 147 1241 269 1317; x_wconf 76' lang='grc' dir='ltr'>ἡμερέων</span> <span class='ocrx_word' id='word_1_97' title='bbox 284 1242 387 1301; x_wconf 80' lang='grc' dir='ltr'>ἕνδεκα·</span> <span class='ocrx_word' id='word_1_98' title='bbox 408 1243 426 1317; x_wconf 90' lang='grc' dir='ltr'>ἡ</span> <span class='ocrx_word' id='word_1_99' title='bbox 446 1242 475 1301; x_wconf 86' lang='grc' dir='ltr'>δὲ</span> <span class='ocrx_word' id='word_1_100' title='bbox 494 1241 647 1318; x_wconf 81' lang='grc' dir='ltr'>κατύπερθε</span> <span class='ocrx_word' id='word_1_101' title='bbox 664 1241 769 1300; x_wconf 91' lang='grc' dir='ltr'>τούτων</span> <span class='ocrx_word' id='word_1_102' title='bbox 785 1243 887 1319; x_wconf 81' lang='grc' dir='ltr'>ε’ρὴμός</span> 
     </span>
     <span class='ocr_line' id='line_1_15' title="bbox 86 1328 886 1410; baseline 0.004 -24"><span class='ocrx_word' id='word_1_103' title='bbox 86 1333 149 1387; x_wconf 91' lang='grc' dir='ltr'>ε’στι</span> <span class='ocrx_word' id='word_1_104' title='bbox 167 1330 213 1387; x_wconf 81' lang='grc' dir='ltr'>ἐπὶ</span> <span class='ocrx_word' id='word_1_105' title='bbox 232 1328 351 1390; x_wconf 80' lang='grc' dir='ltr'>πολλῶν·</span> <span class='ocrx_word' id='word_1_106' title='bbox 372 1329 444 1407; x_wconf 81' lang='grc' dir='ltr'>μετά</span> <span class='ocrx_word' id='word_1_107' title='bbox 460 1329 490 1388; x_wconf 76' lang='grc' dir='ltr'>δὲ</span> <span class='ocrx_word' id='word_1_108' title='bbox 507 1329 558 1405; x_wconf 89' lang='grc' dir='ltr'>τὴν</span> <span class='ocrx_word' id='word_1_109' title='bbox 580 1333 682 1406; x_wconf 85' lang='grc' dir='ltr'>ε’ρὴμον</span> <span class='ocrx_word' id='word_1_110' title='bbox 697 1328 886 1410; x_wconf 79' lang='grc' dir='ltr'>Ἀνδροφάγοι</span> 
     </span>
     <span class='ocr_line' id='line_1_16' title="bbox 85 1416 884 1491; baseline 0.004 -16"><span class='ocrx_word' id='word_1_111' title='bbox 85 1417 217 1486; x_wconf 78' lang='grc' dir='ltr'>οἰκέουσι,</span> <span class='ocrx_word' id='word_1_112' title='bbox 234 1419 311 1481; x_wconf 83' lang='grc' dir='ltr'>ἔθνος</span> <span class='ocrx_word' id='word_1_113' title='bbox 329 1419 375 1478; x_wconf 83' lang='grc' dir='ltr'>ε’δν</span> <span class='ocrx_word' id='word_1_114' title='bbox 391 1418 461 1477; x_wconf 84' lang='grc' dir='ltr'>ἴδιον</span> <span class='ocrx_word' id='word_1_115' title='bbox 478 1419 523 1476; x_wconf 87' lang='grc' dir='ltr'>καὶ</span> <span class='ocrx_word' id='word_1_116' title='bbox 539 1416 664 1491; x_wconf 74' lang='grc' dir='ltr'>οὐδαμῶς</span> <span class='ocrx_word' id='word_1_117' title='bbox 685 1416 884 1480; x_wconf 76' lang='grc' dir='ltr'>Σκυθικόν</span> <span class='ocrx_word' id='word_1_118' title='bbox 851 1445 884 1478; x_wconf 92' lang='grc' dir='ltr'>το</span> 
     </span>
     <span class='ocr_line' id='line_1_17' title="bbox 85 1504 886 1583; baseline 0.004 -21"><span class='ocrx_word' id='word_1_119' title='bbox 85 1504 115 1562; x_wconf 79' lang='grc' dir='ltr'>δὲ</span> <span class='ocrx_word' id='word_1_120' title='bbox 127 1504 231 1565; x_wconf 88' lang='grc' dir='ltr'>τούτων</span> <span class='ocrx_word' id='word_1_121' title='bbox 245 1506 398 1583; x_wconf 87' lang='grc' dir='ltr'>κατύπερθε</span> <span class='ocrx_word' id='word_1_122' title='bbox 415 1511 517 1583; x_wconf 83' lang='grc' dir='ltr'>ε’ρὴμος</span> <span class='ocrx_word' id='word_1_123' title='bbox 531 1504 584 1581; x_wconf 78' lang='grc' dir='ltr'>ἤδη</span> <span class='ocrx_word' id='word_1_124' title='bbox 601 1505 733 1580; x_wconf 74' lang='grc' dir='ltr'>ἀληθέως,</span> <span class='ocrx_word' id='word_1_125' title='bbox 749 1531 795 1563; x_wconf 90' lang='grc' dir='ltr'>και</span> <span class='ocrx_word' id='word_1_126' title='bbox 785 1506 886 1570; x_wconf 93' lang='grc' dir='ltr'>εθνος</span> 
     </span>
     <span class='ocr_line' id='line_1_18' title="bbox 84 1591 932 1670; baseline 0.005 -19"><span class='ocrx_word' id='word_1_127' title='bbox 84 1593 235 1669; x_wconf 79' lang='grc' dir='ltr'>ἀνθρώπων</span> <span class='ocrx_word' id='word_1_128' title='bbox 249 1594 336 1666; x_wconf 75' lang='grc' dir='ltr'>οὐδὲν,</span> <span class='ocrx_word' id='word_1_129' title='bbox 351 1594 421 1654; x_wconf 85' lang='grc' dir='ltr'>ὅσον</span> <span class='ocrx_word' id='word_1_130' title='bbox 434 1594 515 1670; x_wconf 80' lang='grc' dir='ltr'>ἡμεῖς</span> <span class='ocrx_word' id='word_1_131' title='bbox 528 1594 615 1670; x_wconf 82' lang='grc' dir='ltr'>ἴδμεν.</span> <span class='ocrx_word' id='word_1_132' title='bbox 656 1593 696 1652; x_wconf 66' lang='lat' dir='ltr'>T&amp;</span> <span class='ocrx_word' id='word_1_133' title='bbox 710 1593 739 1651; x_wconf 80' lang='grc' dir='ltr'>δὲ</span> <span class='ocrx_word' id='word_1_134' title='bbox 753 1591 823 1669; x_wconf 82' lang='grc' dir='ltr'>πρὸς</span> <span class='ocrx_word' id='word_1_135' title='bbox 835 1593 886 1669; x_wconf 85' lang='grc' dir='ltr'>τὴν</span> <span class='ocrx_word' id='word_1_136' title='bbox 896 1599 932 1655; x_wconf 88' lang='grc'>19</span> 
     </span>
     <span class='ocr_line' id='line_1_19' title="bbox 83 1679 885 1764; baseline 0.002 -25"><span class='ocrx_word' id='word_1_137' title='bbox 83 1679 126 1755; x_wconf 84' lang='grc' dir='ltr'>ἡῶ</span> <span class='ocrx_word' id='word_1_138' title='bbox 142 1686 272 1764; x_wconf 87' lang='grc' dir='ltr'>γεωργῶν</span> <span class='ocrx_word' id='word_1_139' title='bbox 288 1682 393 1742; x_wconf 88' lang='grc' dir='ltr'>τούτων</span> <span class='ocrx_word' id='word_1_140' title='bbox 414 1682 549 1750; x_wconf 80' lang='grc' dir='ltr'>Σκυθέων,</span> <span class='ocrx_word' id='word_1_141' title='bbox 567 1681 697 1757; x_wconf 80' lang='grc' dir='ltr'>διαβάντι</span> <span class='ocrx_word' id='word_1_142' title='bbox 714 1679 764 1740; x_wconf 77' lang='grc' dir='ltr'>τῶν</span> <span class='ocrx_word' id='word_1_143' title='bbox 783 1687 885 1741; x_wconf 89' lang='grc' dir='ltr'>Παντι·</span> 
     </span>
     <span class='ocr_line' id='line_1_20' title="bbox 84 1767 886 1847; baseline 0.002 -21"><span class='ocrx_word' id='word_1_144' title='bbox 84 1767 177 1844; x_wconf 85' lang='grc' dir='ltr'>κάπην</span> <span class='ocrx_word' id='word_1_145' title='bbox 189 1769 326 1846; x_wconf 80' lang='grc' dir='ltr'>ποταμῶν,</span> <span class='ocrx_word' id='word_1_146' title='bbox 341 1770 473 1847; x_wconf 88' lang='grc' dir='ltr'>Νομάδες</span> <span class='ocrx_word' id='word_1_147' title='bbox 485 1769 539 1844; x_wconf 85' lang='grc' dir='ltr'>ἤδη</span> <span class='ocrx_word' id='word_1_148' title='bbox 553 1770 658 1833; x_wconf 79' lang='grc' dir='ltr'>Σκύθαι</span> <span class='ocrx_word' id='word_1_149' title='bbox 671 1769 807 1845; x_wconf 79' lang='grc' dir='ltr'>νέμονται,</span> <span class='ocrx_word' id='word_1_150' title='bbox 823 1767 886 1828; x_wconf 79' lang='grc' dir='ltr'>οὔτε</span> 
     </span>
     <span class='ocr_line' id='line_1_21' title="bbox 83 1856 886 1936; baseline 0.001 -21"><span class='ocrx_word' id='word_1_151' title='bbox 83 1881 113 1915; x_wconf 92' lang='grc' dir='ltr'>τι</span> <span class='ocrx_word' id='word_1_152' title='bbox 132 1859 295 1934; x_wconf 78' lang='grc' dir='ltr'>σπείροντες</span> <span class='ocrx_word' id='word_1_153' title='bbox 315 1857 402 1928; x_wconf 84' lang='grc' dir='ltr'>ούδὲν,</span> <span class='ocrx_word' id='word_1_154' title='bbox 424 1857 488 1917; x_wconf 77' lang='grc' dir='ltr'>οὔτε</span> <span class='ocrx_word' id='word_1_155' title='bbox 514 1857 653 1934; x_wconf 75' lang='grc' dir='ltr'>ἀροῦντες·</span> <span class='ocrx_word' id='word_1_156' title='bbox 674 1856 758 1936; x_wconf 77' lang='grc' dir='ltr'>(ψιλὴ</span> <span class='ocrx_word' id='word_1_157' title='bbox 779 1856 808 1915; x_wconf 84' lang='grc' dir='ltr'>δὲ</span> <span class='ocrx_word' id='word_1_158' title='bbox 829 1857 886 1916; x_wconf 91' lang='grc' dir='ltr'>δεν-</span> 
     </span>
     <span class='ocr_line' id='line_1_22' title="bbox 85 1944 886 2028; baseline 0.002 -26"><span class='ocrx_word' id='word_1_159' title='bbox 85 1944 170 2020; x_wconf 79' lang='grc' dir='ltr'>δρέων</span> <span class='ocrx_word' id='word_1_160' title='bbox 192 1951 273 2006; x_wconf 82' lang='grc' dir='ltr'>πᾶσα</span> <span class='ocrx_word' id='word_1_161' title='bbox 297 1946 367 2022; x_wconf 82' lang='grc' dir='ltr'>αὕτη</span> <span class='ocrx_word' id='word_1_162' title='bbox 387 1950 434 2028; x_wconf 85' lang='grc' dir='ltr'>γὴ,</span> <span class='ocrx_word' id='word_1_163' title='bbox 459 1945 536 2022; x_wconf 87' lang='grc' dir='ltr'>πλὴν</span> <span class='ocrx_word' id='word_1_164' title='bbox 557 1949 608 2020; x_wconf 79' lang='grc' dir='ltr'>τῆς</span> <span class='ocrx_word' id='word_1_165' title='bbox 628 1945 766 2024; x_wconf 77' lang='grc' dir='ltr'>Ὑλαίης.)</span> <span class='ocrx_word' id='word_1_166' title='bbox 808 1948 834 2003; x_wconf 85' lang='grc' dir='ltr'>οἱ</span> <span class='ocrx_word' id='word_1_167' title='bbox 856 1945 886 2004; x_wconf 82' lang='grc' dir='ltr'>δὲ</span> 
     </span>
     <span class='ocr_line' id='line_1_23' title="bbox 84 2032 887 2111; baseline 0.002 -21"><span class='ocrx_word' id='word_1_168' title='bbox 84 2034 216 2110; x_wconf 87' lang='grc' dir='ltr'>Νομάδες</span> <span class='ocrx_word' id='word_1_169' title='bbox 234 2033 311 2093; x_wconf 81' lang='grc' dir='ltr'>οὗτοι</span> <span class='ocrx_word' id='word_1_170' title='bbox 324 2034 357 2094; x_wconf 81' lang='grc' dir='ltr'>τὸ</span> <span class='ocrx_word' id='word_1_171' title='bbox 374 2034 445 2111; x_wconf 81' lang='grc' dir='ltr'>πρός</span> <span class='ocrx_word' id='word_1_172' title='bbox 464 2033 517 2109; x_wconf 85' lang='grc' dir='ltr'>τὴν</span> <span class='ocrx_word' id='word_1_173' title='bbox 535 2032 585 2109; x_wconf 82' lang='grc' dir='ltr'>η’ῶ,</span> <span class='ocrx_word' id='word_1_174' title='bbox 601 2032 725 2111; x_wconf 74' lang='grc' dir='ltr'>ἡμερέων</span> <span class='ocrx_word' id='word_1_175' title='bbox 744 2033 887 2109; x_wconf 78' lang='grc' dir='ltr'>τεσσέρων</span> 
     </span>
     <span class='ocr_line' id='line_1_24' title="bbox 84 2121 886 2200; baseline 0.001 -21"><span class='ocrx_word' id='word_1_176' title='bbox 84 2121 131 2179; x_wconf 87' lang='grc' dir='ltr'>καὶ</span> <span class='ocrx_word' id='word_1_177' title='bbox 158 2122 224 2181; x_wconf 79' lang='grc' dir='ltr'>δέκα</span> <span class='ocrx_word' id='word_1_178' title='bbox 244 2123 371 2192; x_wconf 82' lang='grc' dir='ltr'>ὁδόν,’</span> <span class='ocrx_word' id='word_1_179' title='bbox 340 2148 469 2198; x_wconf 90' lang='grc' dir='ltr'>νεμονται</span> <span class='ocrx_word' id='word_1_180' title='bbox 488 2148 583 2200; x_wconf 90' lang='grc' dir='ltr'>χωρην</span> <span class='ocrx_word' id='word_1_181' title='bbox 604 2122 820 2181; x_wconf 88' lang='grc' dir='ltr'>κατατείνουσαν</span> <span class='ocrx_word' id='word_1_182' title='bbox 841 2123 886 2181; x_wconf 84' lang='grc' dir='ltr'>ἐπὶ</span> 
     </span>
     <span class='ocr_line' id='line_1_25' title="bbox 83 2209 933 2287; baseline 0.002 -19"><span class='ocrx_word' id='word_1_183' title='bbox 83 2210 213 2286; x_wconf 79' lang='grc' dir='ltr'>ποταμῶν</span> <span class='ocrx_word' id='word_1_184' title='bbox 232 2211 346 2287; x_wconf 78' lang='grc' dir='ltr'>Γέρρον.</span> <span class='ocrx_word' id='word_1_185' title='bbox 388 2211 485 2286; x_wconf 81' lang='grc' dir='ltr'>Πέρην</span> <span class='ocrx_word' id='word_1_186' title='bbox 505 2210 534 2268; x_wconf 86' lang='grc' dir='ltr'>δὲ</span> <span class='ocrx_word' id='word_1_187' title='bbox 554 2236 605 2268; x_wconf 92' lang='grc' dir='ltr'>του</span> <span class='ocrx_word' id='word_1_188' title='bbox 592 2211 731 2286; x_wconf 89' lang='grc' dir='ltr'>Γερρου</span> <span class='ocrx_word' id='word_1_189' title='bbox 750 2214 838 2269; x_wconf 79' lang='grc' dir='ltr'>ταῦτα</span> <span class='ocrx_word' id='word_1_190' title='bbox 852 2209 885 2285; x_wconf 86' lang='grc' dir='ltr'>δη</span> <span class='ocrx_word' id='word_1_191' title='bbox 896 2213 933 2270; x_wconf 77' lang='lat'>20</span> 
     </span>
     <span class='ocr_line' id='line_1_26' title="bbox 82 2296 889 2375; baseline 0 -19"><span class='ocrx_word' id='word_1_192' title='bbox 82 2322 119 2356; x_wconf 90' lang='grc' dir='ltr'>τα</span> <span class='ocrx_word' id='word_1_193' title='bbox 111 2297 290 2375; x_wconf 87' lang='grc' dir='ltr'>καλεύμενα</span> <span class='ocrx_word' id='word_1_194' title='bbox 304 2297 480 2373; x_wconf 83' lang='grc' dir='ltr'>Βασιλήὶά’</span> <span class='ocrx_word' id='word_1_195' title='bbox 468 2323 537 2367; x_wconf 89' lang='grc' dir='ltr'>εστι,</span> <span class='ocrx_word' id='word_1_196' title='bbox 552 2323 598 2356; x_wconf 91' lang='grc' dir='ltr'>και</span> <span class='ocrx_word' id='word_1_197' title='bbox 588 2297 760 2360; x_wconf 76' lang='grc' dir='ltr'>Σκύθαιι</span> <span class='ocrx_word' id='word_1_198' title='bbox 735 2323 762 2355; x_wconf 94' lang='grc' dir='ltr'>οι</span> <span class='ocrx_word' id='word_1_199' title='bbox 775 2296 889 2371; x_wconf 83' lang='grc' dir='ltr'>άριστοί</span> 
     </span>
     <span class='ocr_line' id='line_1_27' title="bbox 82 2383 887 2460; baseline -0.004 -17"><span class='ocrx_word' id='word_1_200' title='bbox 82 2411 114 2444; x_wconf 91' lang='grc' dir='ltr'>τε</span> <span class='ocrx_word' id='word_1_201' title='bbox 128 2411 174 2444; x_wconf 89' lang='grc' dir='ltr'>και</span> <span class='ocrx_word' id='word_1_202' title='bbox 164 2387 327 2460; x_wconf 80' lang='grc' dir='ltr'>πλεῖστοι,</span> <span class='ocrx_word' id='word_1_203' title='bbox 342 2387 389 2445; x_wconf 86' lang='grc' dir='ltr'>καὶ</span> <span class='ocrx_word' id='word_1_204' title='bbox 405 2385 470 2449; x_wconf 77' lang='grc' dir='ltr'>τούς</span> <span class='ocrx_word' id='word_1_205' title='bbox 487 2384 592 2446; x_wconf 89' lang='grc' dir='ltr'>αλλους</span> <span class='ocrx_word' id='word_1_206' title='bbox 608 2385 764 2460; x_wconf 83' lang='grc' dir='ltr'>νομίζοντες</span> <span class='ocrx_word' id='word_1_207' title='bbox 777 2383 887 2447; x_wconf 80' lang='grc' dir='ltr'>Σκύθας</span> 
     </span>
     <span class='ocr_line' id='line_1_28' title="bbox 83 2469 886 2551; baseline -0.001 -20"><span class='ocrx_word' id='word_1_208' title='bbox 83 2474 202 2537; x_wconf 87' lang='grc' dir='ltr'>δούλους</span> <span class='ocrx_word' id='word_1_209' title='bbox 224 2475 380 2551; x_wconf 78' lang='grc' dir='ltr'>σφετέρους</span> <span class='ocrx_word' id='word_1_210' title='bbox 402 2474 480 2533; x_wconf 85' lang='grc' dir='ltr'>εἶναι·</span> <span class='ocrx_word' id='word_1_211' title='bbox 516 2471 669 2546; x_wconf 75' lang='grc' dir='ltr'>κατήκουσι</span> <span class='ocrx_word' id='word_1_212' title='bbox 693 2471 723 2530; x_wconf 81' lang='grc' dir='ltr'>δὲ</span> <span class='ocrx_word' id='word_1_213' title='bbox 745 2469 830 2541; x_wconf 78' lang='grc' dir='ltr'>οὗτοι,</span> <span class='ocrx_word' id='word_1_214' title='bbox 853 2471 886 2530; x_wconf 79' lang='grc' dir='ltr'>τά</span> 
     </span>
     <span class='ocr_line' id='line_1_29' title="bbox 83 2558 889 2640; baseline -0.002 -20"><span class='ocrx_word' id='word_1_215' title='bbox 83 2564 136 2639; x_wconf 80' lang='grc' dir='ltr'>μὲν</span> <span class='ocrx_word' id='word_1_216' title='bbox 154 2562 225 2639; x_wconf 80' lang='grc' dir='ltr'>πρός</span> <span class='ocrx_word' id='word_1_217' title='bbox 242 2563 428 2640; x_wconf 86' lang='grc' dir='ltr'>μεσαμβρίην</span> <span class='ocrx_word' id='word_1_218' title='bbox 446 2566 474 2624; x_wconf 79' lang='grc' dir='ltr'>ἐς</span> <span class='ocrx_word' id='word_1_219' title='bbox 490 2560 543 2636; x_wconf 91' lang='grc' dir='ltr'>τὴν</span> <span class='ocrx_word' id='word_1_220' title='bbox 560 2558 708 2636; x_wconf 85' lang='grc' dir='ltr'>Ταυρικὴν,</span> <span class='ocrx_word' id='word_1_221' title='bbox 721 2558 754 2618; x_wconf 85' lang='grc' dir='ltr'>τδ</span> <span class='ocrx_word' id='word_1_222' title='bbox 773 2559 803 2616; x_wconf 81' lang='grc' dir='ltr'>δὲ</span> <span class='ocrx_word' id='word_1_223' title='bbox 818 2559 889 2636; x_wconf 81' lang='grc' dir='ltr'>πρός</span> 
     </span>
     <span class='ocr_line' id='line_1_30' title="bbox 83 2647 887 2726; baseline -0.001 -19"><span class='ocrx_word' id='word_1_224' title='bbox 83 2649 124 2724; x_wconf 85' lang='grc' dir='ltr'>ἡῶ</span> <span class='ocrx_word' id='word_1_225' title='bbox 143 2652 192 2709; x_wconf 87' lang='grc' dir='ltr'>ε’πί</span> <span class='ocrx_word' id='word_1_226' title='bbox 207 2676 239 2710; x_wconf 89' lang='grc' dir='ltr'>τε</span> <span class='ocrx_word' id='word_1_227' title='bbox 255 2649 373 2726; x_wconf 85' lang='grc' dir='ltr'>τάφρον,</span> <span class='ocrx_word' id='word_1_228' title='bbox 389 2648 443 2724; x_wconf 89' lang='grc' dir='ltr'>τὴν</span> <span class='ocrx_word' id='word_1_229' title='bbox 463 2648 497 2724; x_wconf 85' lang='grc' dir='ltr'>δὴ</span> <span class='ocrx_word' id='word_1_230' title='bbox 516 2651 543 2707; x_wconf 87' lang='grc' dir='ltr'>οἱ</span> <span class='ocrx_word' id='word_1_231' title='bbox 559 2653 589 2706; x_wconf 78' lang='grc' dir='ltr'>ἐκ</span> <span class='ocrx_word' id='word_1_232' title='bbox 605 2651 660 2707; x_wconf 93' lang='grc' dir='ltr'>τῶν</span> <span class='ocrx_word' id='word_1_233' title='bbox 677 2650 793 2722; x_wconf 87' lang='grc' dir='ltr'>τυφλῶν</span> <span class='ocrx_word' id='word_1_234' title='bbox 809 2647 887 2726; x_wconf 88' lang='grc' dir='ltr'>γενό-</span> 
     </span>
     <span class='ocr_line' id='line_1_31' title="bbox 83 2733 887 2815; baseline -0.002 -19"><span class='ocrx_word' id='word_1_235' title='bbox 83 2763 163 2814; x_wconf 79' lang='grc' dir='ltr'>μενοι</span> <span class='ocrx_word' id='word_1_236' title='bbox 179 2736 293 2815; x_wconf 81' lang='grc' dir='ltr'>ῶρυξαν,</span> <span class='ocrx_word' id='word_1_237' title='bbox 308 2739 353 2796; x_wconf 87' lang='grc' dir='ltr'>καὶ</span> <span class='ocrx_word' id='word_1_238' title='bbox 372 2739 418 2797; x_wconf 82' lang='grc' dir='ltr'>ἐπὶ</span> <span class='ocrx_word' id='word_1_239' title='bbox 433 2741 484 2812; x_wconf 82' lang='grc' dir='ltr'>τῆς</span> <span class='ocrx_word' id='word_1_240' title='bbox 502 2737 603 2812; x_wconf 85' lang='grc' dir='ltr'>λίμνης</span> <span class='ocrx_word' id='word_1_241' title='bbox 617 2738 668 2810; x_wconf 87' lang='grc' dir='ltr'>τὴς</span> <span class='ocrx_word' id='word_1_242' title='bbox 684 2733 838 2808; x_wconf 81' lang='grc' dir='ltr'>Μαιήτιδος</span> <span class='ocrx_word' id='word_1_243' title='bbox 853 2735 887 2795; x_wconf 60' lang='lat' dir='ltr'>ro*</span> 
     </span>
     <span class='ocr_line' id='line_1_32' title="bbox 83 2821 887 2903; baseline -0.002 -22"><span class='ocrx_word' id='word_1_244' title='bbox 83 2825 218 2903; x_wconf 80' lang='grc' dir='ltr'>ἐμπόριον</span> <span class='ocrx_word' id='word_1_245' title='bbox 233 2826 267 2886; x_wconf 78' lang='grc' dir='ltr'>τά</span> <span class='ocrx_word' id='word_1_246' title='bbox 289 2827 418 2885; x_wconf 82' lang='grc' dir='ltr'>καλέεται</span> <span class='ocrx_word' id='word_1_247' title='bbox 435 2825 573 2901; x_wconf 88' lang='grc' dir='ltr'>Κρημνοί·</span> <span class='ocrx_word' id='word_1_248' title='bbox 594 2821 630 2882; x_wconf 83' lang='grc' dir='ltr'>τοὶ</span> <span class='ocrx_word' id='word_1_249' title='bbox 649 2824 679 2881; x_wconf 85' lang='grc' dir='ltr'>δὲ</span> <span class='ocrx_word' id='word_1_250' title='bbox 696 2821 784 2881; x_wconf 78' lang='grc' dir='ltr'>αὐτῶν</span> <span class='ocrx_word' id='word_1_251' title='bbox 806 2824 887 2898; x_wconf 82' lang='grc' dir='ltr'>κατή-</span> 
     </span>
     <span class='ocr_line' id='line_1_33' title="bbox 82 2910 887 2991; baseline -0.002 -19"><span class='ocrx_word' id='word_1_252' title='bbox 82 2940 165 2973; x_wconf 83' lang='grc' dir='ltr'>κουσι</span> <span class='ocrx_word' id='word_1_253' title='bbox 179 2916 225 2973; x_wconf 82' lang='grc' dir='ltr'>ἐπὶ</span> <span class='ocrx_word' id='word_1_254' title='bbox 242 2914 370 2991; x_wconf 79' lang='grc' dir='ltr'>ποταμῶν</span> <span class='ocrx_word' id='word_1_255' title='bbox 388 2912 501 2972; x_wconf 81' lang='grc' dir='ltr'>Τάναϊν.</span> <span class='ocrx_word' id='word_1_256' title='bbox 542 2912 578 2971; x_wconf 79' lang='grc' dir='ltr'>τά</span> <span class='ocrx_word' id='word_1_257' title='bbox 598 2911 627 2970; x_wconf 84' lang='grc' dir='ltr'>δὲ</span> <span class='ocrx_word' id='word_1_258' title='bbox 644 2912 796 2987; x_wconf 76' lang='grc' dir='ltr'>κατύπερθε</span> <span class='ocrx_word' id='word_1_259' title='bbox 817 2910 887 2988; x_wconf 80' lang='grc' dir='ltr'>πρδς</span> 
     </span>
     <span class='ocr_line' id='line_1_34' title="bbox 82 2998 884 3080; baseline -0.005 -19"><span class='ocrx_word' id='word_1_260' title='bbox 82 3004 176 3080; x_wconf 83' lang='grc' dir='ltr'>βορὴν</span> <span class='ocrx_word' id='word_1_261' title='bbox 203 3001 305 3079; x_wconf 81' lang='grc' dir='ltr'>άνεμον</span> <span class='ocrx_word' id='word_1_262' title='bbox 331 3006 387 3061; x_wconf 90' lang='grc' dir='ltr'>τῶν</span> <span class='ocrx_word' id='word_1_263' title='bbox 417 3000 579 3076; x_wconf 77' lang='grc' dir='ltr'>βασιληίων</span> <span class='ocrx_word' id='word_1_264' title='bbox 608 2998 736 3063; x_wconf 73' lang='grc' dir='ltr'>Σκυθέων</span> <span class='ocrx_word' id='word_1_265' title='bbox 764 3000 884 3058; x_wconf 77' lang='grc' dir='ltr'>οἰκέουσι</span> 
     </span>
     <span class='ocr_line' id='line_1_35' title="bbox 82 3087 887 3171; baseline -0.006 -23"><span class='ocrx_word' id='word_1_266' title='bbox 82 3090 308 3171; x_wconf 87' lang='grc' dir='ltr'>Μελάγχλαινοι,</span> <span class='ocrx_word' id='word_1_267' title='bbox 321 3088 396 3159; x_wconf 76' lang='grc' dir='ltr'>ἄλλο</span> <span class='ocrx_word' id='word_1_268' title='bbox 410 3091 487 3152; x_wconf 80' lang='grc' dir='ltr'>ἔθνος</span> <span class='ocrx_word' id='word_1_269' title='bbox 500 3089 546 3147; x_wconf 89' lang='grc' dir='ltr'>καὶ</span> <span class='ocrx_word' id='word_1_270' title='bbox 560 3087 592 3147; x_wconf 82' lang='grc' dir='ltr'>ού</span> <span class='ocrx_word' id='word_1_271' title='bbox 604 3087 749 3152; x_wconf 83' lang='grc' dir='ltr'>Σκυθικόν·</span> <span class='ocrx_word' id='word_1_272' title='bbox 771 3091 887 3167; x_wconf 69' lang='grc' dir='ltr'>Μελαγι</span> 
     </span>
     <span class='ocr_line' id='line_1_36' title="bbox 81 3176 904 3258; baseline -0.01 -22"><span class='ocrx_word' id='word_1_273' title='bbox 81 3179 206 3258; x_wconf 83' lang='grc' dir='ltr'>χλαίνων</span> <span class='ocrx_word' id='word_1_274' title='bbox 228 3177 259 3238; x_wconf 74' lang='grc' dir='ltr'>δδ</span> <span class='ocrx_word' id='word_1_275' title='bbox 277 3176 311 3236; x_wconf 84' lang='grc' dir='ltr'>τδ</span> <span class='ocrx_word' id='word_1_276' title='bbox 333 3176 495 3255; x_wconf 87' lang='grc' dir='ltr'>κατύπερθε,</span> <span class='ocrx_word' id='word_1_277' title='bbox 517 3178 617 3255; x_wconf 86' lang='grc' dir='ltr'>λίμναι</span> <span class='ocrx_word' id='word_1_278' title='bbox 640 3176 687 3234; x_wconf 70' lang='grc' dir='ltr'>καὶ</span> <span class='ocrx_word' id='word_1_279' title='bbox 708 3177 815 3251; x_wconf 72' lang='grc' dir='ltr'>ἐρῆμδς</span> <span class='ocrx_word' id='word_1_280' title='bbox 835 3180 904 3230; x_wconf 69' lang='grc' dir='ltr'>ἔστι</span> 
     </span>
     <span class='ocr_line' id='line_1_37' title="bbox 77 3265 581 3338; baseline 0.012 -15"><span class='ocrx_word' id='word_1_281' title='bbox 77 3265 236 3334; x_wconf 68' lang='grc' dir='ltr'>ανθρώπων,</span> <span class='ocrx_word' id='word_1_282' title='bbox 251 3265 376 3325; x_wconf 85' lang='grc' dir='ltr'>κατόσον</span> <span class='ocrx_word' id='word_1_283' title='bbox 389 3265 473 3337; x_wconf 81' lang='grc' dir='ltr'>ἡμεῖς</span> <span class='ocrx_word' id='word_1_284' title='bbox 487 3267 581 3338; x_wconf 84' lang='grc' dir='ltr'>ἴδμεν.</span> 
     </span>
    </p>
   </div>
   <div class='ocr_carea' id='block_1_2' title="bbox 0 0 1024 3464">
    <p class='ocr_par' dir='ltr' id='par_1_3' title="bbox 0 0 1024 3464">
     <span class='ocr_line' id='line_1_38' title="bbox 0 0 1024 3464; baseline 0 1"><span class='ocrx_word' id='word_1_285' title='bbox 0 0 1024 3464; x_wconf 95' lang='lat' dir='ltr'> </span> 
     </span>
    </p>
   </div>
  </div>
 </body>
</html>
