2040 3464
136 118 183 164 126
441 115 622 164 ἨΡΟΔΟΤΟΤ
881 110 931 174 [Π.

134 197 170 254 τά
187 194 263 264 δεξιά
277 196 409 271 φέροντες
423 194 475 269 τὴν
490 198 579 272 χεῖρα,
593 191 742 273 Αἰγύπτιοι
760 190 790 250 δὲ
807 189 864 251 dvm*
878 193 933 250 τῶν

135 282 230 350 δεξιῶν
246 283 291 340 ἐπὶ
309 282 345 341 τά
361 282 503 359 άριστερά·
525 283 571 340 καὶ
587 285 727 343 ποιεῦντες
742 284 840 348 ταῦτα,
854 278 933 337 αὐτοὶ

116 414 119 421 .
135 370 187 446 μέν
198 376 271 444 φασι
286 370 330 427 ἐπὶ
341 369 416 438 δεξιοὶ
425 370 528 428 ποιέειν
536 368 679 444 Ἕλληνας
693 367 723 426 δὲ
736 366 777 426 ἐπ’
789 365 932 444 ἀριστερά.

137 457 298 531 διφασίοισι
310 458 340 515 δὲ
353 457 502 536 γράμμασι
514 459 658 536 χρέωνται·
676 456 722 514 καὶ
734 454 770 515 τά
782 457 835 532 μὲν
844 454 934 514 αὐτῶν

137 544 183 623 ἱρά
195 545 230 604 τά
244 546 273 603 δὲ
286 544 422 621 δημοτικοὶ
435 545 570 605 καλέεται.

89 631 127 692 37
177 634 332 708 Θεοσεβέες
354 633 383 691 δὲ
403 636 545 709 περισσῶς
566 631 656 695 ἐόντες
675 631 804 708 μάλιστα
822 629 929 691 πάντων

136 718 294 797 α’νθριόπων,
309 720 421 795 νόμοισι
436 720 569 779 τοιοίσιδε
582 720 726 798 χρέωνται.
761 724 791 777 ἐκ
806 719 932 797 χαλκέων

137 809 274 883 ποτηρίων
294 810 416 878 πίνουσι,
433 808 616 883 διασμέωντες
634 806 686 866 dv&
705 809 802 865 πᾶσαν
817 806 933 882 ἡμέρην,

137 896 187 955 οῦκ
207 896 223 955 ό
244 896 326 972 μὲνό
348 895 370 954 δ’
387 896 428 965 ού,
446 894 523 955 άλλά
540 898 649 958 πάντες.
686 895 784 970 εἵματα
804 894 834 952 δὲ
854 896 934 953 λίνεα

137 985 274 1061 φορέουσι
287 985 339 1041 αἰεὶ
352 985 499 1053 νεόπλυτα,
514 982 717 1058 ἐπιτηδεύοντες
730 985 813 1041 τοῦτο
828 982 933 1058 μάλισ-

136 1097 181 1130 τα.
209 1070 245 1129 τά
258 1097 289 1129 τε
302 1073 393 1130 αἰδοῖα
403 1070 617 1148 περιτάμνονται
630 1062 828 1147 καθαριότητος
838 1071 933 1129 εἴνεκε·

136 1164 323 1235 προτιμῶντες
342 1160 458 1235 καθαροὶ
477 1159 545 1217 εἶναι
562 1156 580 1233 ἢ
600 1158 824 1234 εὐπρεπέστεροι.
859 1160 886 1216 οἱ
904 1158 935 1216 δὲ

137 1247 206 1323 ἶρέες
222 1247 364 1322 ξυρεῦνται
376 1250 433 1305 πᾶν
446 1245 479 1304 τό
495 1250 578 1322 σῶμα
591 1245 636 1304 διαὶ
653 1246 747 1322 τρίτης
761 1244 874 1324 ἡμέρης,
890 1246 935 1305 ἵνα

136 1335 207 1409 μήτε
221 1336 304 1411 φθεὶρ
314 1334 385 1411 μήτε
399 1333 473 1397 ἄλλο
487 1333 614 1411 μυσαρόν
627 1333 712 1409 μηδὲν
724 1334 867 1414 ἐγγίνηταί
878 1340 935 1409 σφι

136 1421 320 1499 θεραπεύουσι
343 1422 407 1485 τοῦς
431 1421 519 1484 θεούς.
560 1423 668 1497 ἐσθῆτα
691 1422 721 1480 δὲ
747 1423 884 1498 φορέουσι
907 1425 935 1480 οἱ

139 1513 208 1586 ἱρέες
220 1512 315 1586 λινέην
328 1511 441 1588 μούνην,
454 1511 499 1568 καὶ
508 1509 674 1585 ῦποδήματα
686 1509 824 1585 βύβλινα·
841 1508 935 1585 άλλην

137 1600 168 1658 δέ
183 1606 239 1675 σφι
256 1601 362 1674 ε’σθῆτα
383 1599 432 1658 οῦκ
453 1600 544 1667 ἔξεστι
562 1601 672 1674 λαβεῖν,
688 1597 751 1656 οῦδὲ
768 1597 935 1674 ῦποδήματα

138 1687 223 1745 ἄλλα.
258 1691 373 1745 λοῦνται
389 1688 419 1745 δὲ
440 1687 480 1750 δὶς
497 1691 548 1762 τῆς
565 1686 669 1763 ἡμέρης
690 1686 807 1761 ἑκάστης
828 1691 933 1765 ψυχρῷ,

138 1776 184 1832 καὶ
202 1776 243 1836 δὶς
260 1774 378 1850 ἑκάστης
396 1775 501 1836 νυκτός.
535 1773 627 1836 άλλας
643 1800 675 1833 τε
691 1775 826 1850 θρησκίας
847 1779 935 1834 ἔπιτε·

138 1863 237 1920 λέουσι
260 1862 366 1937 μυρίας,
388 1861 423 1924 ῶς
445 1866 530 1920 εἰπεῖν
550 1861 636 1942 λόγῳ.
671 1861 817 1940 πάσχουσι
838 1862 868 1920 δὲ
888 1864 935 1922 καὶ

138 1950 230 2029 άγαθά
244 1949 293 2008 οῦκ
309 1949 402 2029 ὀλίγα·
424 1950 487 2009 οὔτε
500 1977 527 2009 τι
539 1951 593 2030 γάρ
607 1955 662 2010 τῶν
679 1952 788 2024 οἰκηίων
800 1951 935 2026 τρίβουσι

139 2038 201 2096 οὕτε
214 2038 409 2107 δαπανέωνται,
421 2038 498 2097 άλλά
513 2040 558 2096 καὶ
572 2039 649 2097 σιτία
662 2040 720 2114 σφί
733 2045 793 2096 ἐστι
807 2038 853 2114 ἱρά
865 2065 934 2098 πεσ-

138 2126 253 2201 σόμενα,
277 2127 323 2184 καὶ
346 2130 431 2203 κρεῶν
453 2128 545 2202 βοέων
569 2128 615 2184 καὶ
640 2127 745 2205 χηνέων
771 2126 882 2201 πλῆθός
906 2153 935 2186 τι

140 2213 246 2293 ἑκάστῳ
259 2216 364 2294 γίνεται
380 2215 499 2284 πολλόν,
513 2214 617 2290 η’μέρης
635 2214 761 2289 ἑκάστης·
784 2214 888 2272 δίδοται
905 2215 936 2274 δέ

138 2309 195 2377 σφι
212 2303 257 2360 καὶ
274 2301 347 2366 οἶνος
363 2302 524 2378 ἀμπέλινος.
559 2301 659 2380 ἰχθύων
676 2302 705 2360 δὲ
723 2301 756 2360 οῦ
769 2309 826 2376 σφι
844 2303 935 2370 ἔξεστι

138 2391 294 2451 πάσασθαι.
338 2391 458 2467 κυάμους
483 2392 512 2449 δὲ
537 2390 599 2450 οὔτε
625 2417 653 2449 τι
679 2390 759 2466 μάλα
785 2391 936 2466 σπείρουσι

139 2479 286 2559 Αἰγύπτιοι
300 2484 329 2539 ἐν
341 2484 376 2557 τῇ
389 2479 475 2558 χάρη,
489 2479 553 2541 τούς
568 2503 599 2537 τε
611 2479 774 2559 γενομένους
791 2477 855 2537 οὔτε
866 2479 936 2556 πρῶ·

137 2593 222 2647 γουσι
242 2565 305 2626 οῦτε
326 2568 438 2645 ἕψοντες
458 2568 616 2626 πατέονται·
638 2570 664 2625 οἱ
683 2567 712 2624 δὲ
730 2566 763 2641 δη
784 2567 852 2642 ἱρέες
872 2566 935 2627 οῦδὲ

138 2655 262 2731 ὁρέοντες
276 2654 429 2733 ἀνέχονται,
447 2656 603 2732 νομίζοντες
619 2654 651 2713 οῦ
669 2653 791 2730 καθαρόν
804 2679 853 2730 μιν
866 2654 935 2714 εἶναι

138 2742 267 2819 ὄσπριον.
301 2746 393 2819 ἱρᾶται
406 2743 435 2800 δὲ
450 2743 499 2802 οῦκ
513 2743 550 2805 εἶς
564 2742 683 2801 ἑκάστου
698 2746 752 2800 τῶν
766 2743 844 2812 θεῶν,
857 2741 936 2802 άλλά

138 2832 244 2889 πολλοὶ
254 2834 309 2890 τῶν
320 2831 357 2893 εἷς
369 2836 429 2891 ἔστι
440 2830 595 2909 α’ρχιέρεως·
611 2829 693 2889 ἐπεάν
704 2831 735 2888 δέ
745 2856 787 2893 τις
797 2828 935 2910 ἀποθάνῃ,

138 2918 237 2977 τούτου
251 2918 266 2977 ό
280 2922 346 2980 παῖς
359 2918 594 2979 ἀντικατίσταται.

74 3006 120 3064 38
171 3006 244 3070 Τούς
268 3006 299 3068 δὲ
318 3009 394 3086 βοῦς
415 3006 480 3072 τοῦς
505 3006 618 3085 ἔρσενας
640 3011 690 3067 τοῦ
710 3005 843 3081 Ἐπάφου
866 3006 936 3067 εἶναι

110 3096 281 3170 νομιῖουσι,
307 3099 361 3160 καὶ
386 3097 494 3161 τούτου
525 3096 620 3158 εἵνεκα
642 3094 830 3171 δοκιμάζουσι
855 3091 955 3152 αἰιταὶις

97 3177 173 3242 ὦδε·
193 3190 290 3271 τρίχα
308 3189 352 3269 ἢν
373 3193 428 3253 καὶ
452 3192 524 3271 μίαν
540 3188 641 3266 ἴδηται
661 3187 807 3245 ἐπεοῦσαν
829 3178 979 3252 μέλαιναν,

83 3266 129 3326 ⁰²¹⁹
142 3277 290 3356 Καθαρόν
303 3283 385 3346 εἶναι
397 3285 534 3360 νομίζει.
565 3280 686 3353 δίζηται
695 3272 837 3332 δὶταῦτα
847 3259 898 3318 ἐπὶ
907 3257 997 3314 τοῦτο
