2040 3464
136 113 182 159 132
437 113 619 162 'HPOAOTOT
885 110 934 172 [ll.

133 189 163 249 δὲ
188 190 258 266 πρὸς
285 191 366 250 νότον
392 191 578 267 τετραμμέναι
605 191 744 268 συνεχέες·
763 197 765 202 ’
785 193 881 268 τοῖχος
907 190 935 249 δέ

133 277 231 345 ἔξωθεν
244 277 260 336 6
274 277 356 340 αῦτός
370 285 461 352 σφεας
474 279 622 357 περιέργει.
658 275 797 352 οἰκήματα
811 277 833 335 δ’
845 279 935 337 ἔνεστι

133 363 227 434 διπλᾶ,
241 365 276 423 τοὶ
295 368 347 439 μὲν
366 365 487 444 ὑπόγαια
505 366 541 425 τά
555 367 584 424 δὲ
602 366 726 443 μετέωρα
741 364 782 424 ἔπ’
797 365 935 432 ἐκείνοισι,

132 454 279 530 τρισχίλια
293 451 420 529 οἷριθμόν,
435 455 625 512 πεντακοσίων
639 453 685 511 καὶ
698 453 797 530 χιλίων
812 451 935 530 ἑκάτερα.

132 538 168 598 τοὶ
181 541 232 615 μέν
245 566 294 599 νυν
306 541 430 617 μετέωρα
442 545 497 599 τῶν
511 539 667 616 οἰκημάτων
680 539 763 599 αύτοί
776 566 807 600 τε
821 539 937 618 ὁρέομεν

133 625 277 695 διεξιόντες
302 629 348 686 καὶ
375 627 454 686 αὐτοὶ
478 626 646 704 θεησάμενοι
673 628 803 738 λέγομεγ·
844 627 881 686 τὰ
907 628 937 686 δὲ

133 713 223 775 αῦτιῦν
242 715 365 822 ῦπόγαια
385 715 500 795 λόγοισι
520 714 788 791 ἐπυνθανόμεθα·οι
802 714 859 795 γάρ
877 720 936 774 ε’πε-

73 807 78 827 ¹
134 808 252 866 στεῶτες
277 808 332 862 τῶν
358 805 517 883 Αἰγυπτίων
548 802 683 862 δεικνύναι
714 802 785 862 αῦτά
812 801 937 879 οὐδαμῶς

63 936 67 949 ‹.
134 887 245 964 ἤθελον,
267 890 388 966 φαμενοι
409 889 550 996 θηκας’
515 888 583 949 αυτό
603 916 612 948 ι
633 889 702 949 εἰναι
722 894 777 949 τῶν
796 916 827 950 τε
847 889 937 967 οἰρχην

45 973 57 988 ⁸
135 976 185 1035 τόν
205 977 377 1054 λαβύρινθον
395 982 495 1037 τοῦτον
516 978 778 1055 οἰκοδομησαμένων
791 978 937 1054 βασιλέων

136 1089 181 1122 και
171 1064 249 1124 τῶν
266 1068 330 1142 ἱρῶν
350 1065 541 1142 κροκοδείλων·
564 1065 634 1124 οὕτω
649 1069 704 1124 τῶν
721 1067 773 1142 μὲν
787 1064 860 1123 κάτω
873 1067 937 1143 πέρι

59 1170 64 1188 ·
136 1152 291 1309 οἰκημάτων
306 1152 375 1230 οἷκοη
363 1151 605 1230 παραλαβόντες
622 1153 753 1232 λέγομεν
773 1178 810 1210 τα
800 1151 891 1211 δε
873 1180 936 1222 ανω,

95 1233 122 1285 3
134 1241 196 1386 μέζδ
187 1266 237 1299 ονα
238 1240 460 1387 δαἷνθρωπηίων
446 1267 532 1321 εργων
546 1239 625 1298 αῦτοι
643 1240 768 1316 ορέομεν·
790 1241 822 1298 αἰ
837 1267 868 1299 τε
881 1241 936 1320 γάρ

136 1328 165 1396 ἕξ
165 1328 224 1386 οδοι
238 1327 283 1387 διά
295 1331 350 1388 τῦν
364 1354 485 1409 στεγεων
498 1355 544 1386 και
559 1355 585 1386 οι
577 1328 710 1407 ἑλιγμοὶ
725 1327 827 1386 διαὶ
788 1353 843 1386 των
857 1327 937 1386 αῦλέ-

16 855 76 999 f*

27 1006 65 1097 3

27 1088 62 1127 ι’

52 1195 90 1234 J

14 1246 83 1431 >J

135 1441 180 1486 ων,
202 1415 292 1478 ἐόντες
312 1416 517 1485 ποικιλώτατοι,
535 1417 631 1492 θῶυμα
651 1416 751 1491 μυρίον
769 1417 937 1494 παρείχοντο

135 1506 166 1570 ἐξ
181 1502 270 1579 αὐλῆς
289 1529 320 1562 τε
341 1509 369 1566 ἐς
386 1503 422 1562 τοὶ
443 1502 581 1579 οἰκήματα
606 1503 746 1570 διεξιοῦσι,
768 1505 813 1560 καὶ
832 1509 862 1562 ἐκ
882 1508 938 1563 τῶν

136 1591 291 1668 οἰκημάτων
309 1599 337 1654 ἐς
356 1591 511 1660 παστάδας,
532 1597 560 1653 ἐς
573 1591 676 1670 στέγας
689 1617 720 1649 τε
733 1588 825 1653 άλλας
839 1596 869 1649 ἐκ
882 1596 937 1651 τῶν

136 1680 295 1748 παστάδων,
310 1681 356 1738 καὶ
377 1686 405 1742 ἐς
425 1679 513 1741 αῦλοίς
533 1679 624 1741 ἄλλας
645 1684 675 1737 ἐκ
695 1683 750 1738 τῶν
771 1678 936 1754 οἰκημάτων·

137 1765 228 1842 όροφή
248 1768 277 1825 δὲ
294 1767 404 1826 πάντων
421 1765 524 1826 τούτων
543 1768 644 1842 λιθίνη,
661 1766 782 1842 κατάπερ
797 1769 823 1825 οἱ
835 1771 936 1845 τοῖχοι·

137 1857 163 1912 οἱ
177 1854 206 1912 δὲ
223 1858 315 1932 τοῖχοι
328 1855 420 1913 τύπων
440 1856 671 1934 ἐγγεγλυμμένων
688 1855 781 1912 πλέοι·
816 1854 889 1930 αύλῆ
907 1855 936 1913 δὲ

136 1941 240 2017 ἑκάστη
266 1943 443 2022 περίστυλος,
472 1944 553 2000 λίθου
574 1946 676 1999 λευκοῦ
700 1940 881 2018 άρμοσμένου
901 1943 936 2002 τά

136 2029 273 2105 μάλιστα·
306 2034 356 2105 τῆς
374 2031 404 2088 δὲ
421 2031 520 2110 γωνίης
538 2034 720 2092 τελευτῶντος
737 2034 787 2087 τοῦ
804 2032 936 2106 λαβυρίν-

139 2118 189 2178 θου
208 2119 300 2196 ἔχεται
316 2119 437 2194 πυραμὶς
452 2118 760 2197 τεσσερακοντόργυιος,
776 2123 805 2176 ἐν
825 2123 860 2195 τῇ
881 2120 936 2189 ζῶα

136 2206 248 2286 μεγάλα
272 2207 469 2287 ἐγγέγλυπται·
504 2205 567 2268 ὁδός
590 2205 612 2264 δ’
637 2210 665 2268 ἔς
688 2204 775 2280 αὐτην
801 2205 856 2264 ῦπό
883 2210 936 2286 γῆν

137 2295 295 2371 πεποίηται,

93 2385 146 2443 ΗΕ)
176 2388 232 2442 Τοῦ
246 2384 276 2442 δὲ
289 2384 462 2493 λαβυρίνθου
475 2381 575 2442 τούτου
589 2381 682 2444 ἐόντος
691 2379 826 2451 τοιούτου,
841 2381 936 2458 θῦυμα

137 2472 177 2530 ἔτι
199 2473 283 2548 μέζον
307 2473 458 2549 παρέχεται
481 2496 500 2546 η
523 2472 642 2547 Μοίριος
665 2471 820 2545 καλεομένη
842 2470 937 2545 λίμνη,

57 2560 62 2579 ”
136 2558 238 2636 παρή
241 2588 290 2619 νο
284 2555 537 2635 ’λαβύρινθος
505 2584 586 2621 ουτος
606 2557 793 2634 οἰκοδόμηται.
834 2581 886 2632 της
904 2558 937 2617 τό

137 2650 302 2724 περίμετρον
319 2651 370 2722 τῆς
390 2647 563 2722 περιόδου’
540 2672 595 2704 εισι
585 2645 724 2704 στάδιοι
739 2643 936 2713 ἑξακόσιοι
892 2671 936 2704 και

137 2737 299 2814 τρισχίλιοι,
315 2735 435 2813 σχοίνων
449 2732 582 2808 ἑξήκοντα
602 2733 707 2802 ε’όντων,
722 2733 780 2791 ἰ’σοι
795 2732 841 2790 καὶ
854 2731 937 2807 αῦτῆς

138 2824 281 2904 Αἰγύπτου
300 2822 332 2882 τῦ
353 2822 429 2898 παραὶ
451 2821 612 2881 θάλασσαν.
655 2822 745 2880 κέεται
763 2821 793 2880 δὲ
810 2820 938 2897 μακρηῆ

137 2913 223 2988 λίμνη
240 2910 310 2986 πρός
328 2911 434 2988 βορέην
452 2935 484 2969 τε
503 2909 549 2968 καὶ
568 2908 658 2978 νότον,
681 2913 768 2968 ἐοῦσα
785 2908 885 2984 βάθος,
903 2914 938 2987 τῇ

133 2998 282 3074 βαθυτάτη
304 2998 374 3074 αὕτη
399 3001 507 3105 έωυτης,
511 2996 800 3107 πεντηκοντόργυιος.
842 2996 886 3056 ὅτι
910 2997 938 3055 δὲ

120 3087 330 3165 χειροποιητός
351 3091 415 3148 ἐστι
437 3086 484 3146 καὶ
504 3084 604 3164 ὀρυκτη
626 3085 696 3162 αῦτη
687 3085 848 3160 δηλοῖ·’
835 3110 864 3143 εν
883 3111 939 3164 γαρ

49 3176 62 3231 λ
103 3174 193 3252 μέθῃ
216 3203 253 3256 τῃ
242 3179 371 3289 λίμνῃ
393 3175 531 3260 μάλιστά
553 3203 588 3254 κη
603 3171 772 3236 ἒστασιδυο
790 3172 951 3277 πυραμιλμς,

97 3277 150 3319 ''⁰'‘
139 3260 317 3333 vssssroe‘
296 3271 510 3354 υπερέχουσαι
519 3287 705 3345 πεντηκοντα
715 3280 834 3339 οργυιας
845 3253 970 3324 ὶκατὲυΐυ

50 2932 59 2943 s

19 2962 56 2997 s&

27 3006 31 3015 ι
