2040 3464
103 105 244 170 163-107]
431 108 594 155 ffr'rnpnn.
858 111 903 160 m

511 189 520 210 ἱ
568 188 576 210 λ

99 188 198 251 πτίους
223 186 307 266 ᾖσαν,
335 187 382 246 καὶ
405 191 432 246 οἶ
456 213 522 264 περι
542 215 593 248 τον
615 187 744 264 Ἀμασιν
770 187 816 248 ἐπὶ
840 190 906 254 τοίς

100 276 213 344 ξείνους.
254 277 285 334 έν
302 300 335 334 τε
350 275 385 348 δή
405 278 553 352 Μωμέμφι
573 275 643 335 πάλι
664 278 792 354 ἐγένοντο
811 275 905 354 α’μφό-

96 387 175 438 τεροι
187 364 234 421 καὶ
246 362 434 438 πειρήσεσθαι
448 365 569 439 ἔμελλον
581 363 726 438 αλλήλων.

133 450 221 510 Ἔστι
231 451 261 508 δὲ
271 451 430 530 Αἰγυπτίων
440 450 510 509 ἑπτά
521 452 612 531 γένεα·
627 451 673 509 καὶ
683 450 788 514 τούτοιν
797 455 823 511 οἰ
831 453 883 528 μέν
892 454 951 514 164

98 537 174 613 ἶρέες,
189 541 216 597 οἰ
231 538 262 597 δὲ
274 548 394 616 μάχιμοι
408 539 563 608 κεκλέαται,
577 541 604 597 οἰ
621 538 652 597 δὲ
669 538 816 613 βουκόλοι,
832 542 858 598 οἱ
872 539 902 599 δὲ

96 628 236 701 συβῶται,
246 629 274 685 οἱ
287 626 317 685 δὲ
327 626 458 701 κάπηλοι,
468 629 494 685 οἱ
505 626 534 685 δὲ
544 627 680 702 ἑρμηνέες,
692 629 719 685 οἶ
728 627 758 685 δὲ
768 629 902 704 κυβερνῆ-

95 738 152 773 ται.
174 714 257 794 γένεα
266 716 318 790 μὲν
328 715 487 794 Αἰγυπτίων
500 712 626 772 τοσαῦτά
639 719 709 783 έστι,
721 713 862 791 ούνάματα
871 716 903 776 δέ

96 807 153 876 σφι
174 803 265 862 κέεται
278 801 334 861 άπδ
347 806 402 860 τῶν
415 802 543 879 τεχνέων.
585 805 612 860 οἱ
626 800 656 859 δὲ
672 800 793 879 μάχιμοι
811 801 901 863 αι’τῶν

96 890 244 949 καλέονται
263 892 315 965 μὲν
335 889 510 966 Καλασίριές
530 915 561 948 τε
582 890 629 947 καί
655 888 848 966 Ἑρμοτύβιες,
870 895 900 951 έκ

94 980 187 1052 νομῶν
200 976 230 1035 δὲ
247 977 333 1036 τῶνδε
347 978 411 1036 εἰσί·
435 976 505 1035 κατά
523 977 578 1057 γάρ
595 977 629 1052 δή
643 976 745 1053 νομούς
758 978 899 1058 Αἴγυπτος

95 1060 194 1123 ἅπασα
215 1064 397 1141 διαραίρηται.
438 1063 632 1141 Ἑρμοτυβίων
653 1066 705 1140 μὲν
735 1065 792 1123 οἵδε
822 1066 945 1126 εἰσὶ165

94 1152 185 1227 νομοί·
207 1153 384 1229 Βουσιρίτης,
404 1153 514 1228 Σαΐτης,
528 1152 683 1229 Χεμμίτης,
701 1155 897 1229 Παπρημίτης,

93 1242 181 1312 νῆσος
194 1239 404 1316 ήΠροσωπῖτις
417 1241 582 1316 καλεομένη,
591 1239 679 1298 Ναθῶ
692 1240 725 1298 τύ
738 1239 836 1316 ἥμισυ.
867 1247 898 1301 ἐκ

92 1327 145 1400 μὲν
156 1326 260 1387 τούτων
274 1333 329 1387 τῶν
347 1332 439 1404 νομῶν
456 1327 641 1404 Ἑρμοτύβιες
659 1328 723 1396 εἰσί,
743 1327 896 1407 γενόμενοι,

93 1413 141 1473 ὅτε
155 1415 201 1473 ε”πὶ
214 1418 367 1478 πλείστους
379 1416 516 1494 γενοίατο,
531 1415 674 1474 ἑκκαίδεκα
687 1414 827 1491 μυριάδες·
851 1416 897 1475 καί

92 1501 196 1562 τούτων
215 1505 373 1579 βαναυσίης
395 1502 483 1565 οίδείς
506 1501 621 1578 δεδάηκε
644 1501 729 1570 οὐδὲν,
752 1501 896 1563 Mdv}-

92 1613 169 1648 ονται
191 1595 218 1652 ε’ς
237 1592 269 1650 τὸ
290 1590 425 1669 μάχιμον.
467 1591 651 1666 Καλασιρίων
667 1589 696 1648 δὲ
715 1589 771 1648 οἶδε
790 1588 943 1652 άλλοιίΰθ

91 1679 176 1753 νομοί
187 1683 252 1736 εἰσι·
274 1681 409 1753 Θηβαῖος,
428 1679 635 1754 Βουβαστίτης,
655 1676 800 1754 Ἀφθίτης,
815 1681 895 1738 Τανί-

90 1790 148 1840 της,
167 1766 335 1841 Μενδήσιος,
355 1765 537 1842 Σεβεννύτης,
553 1766 725 1842 Ἀθριβίτης,
740 1767 894 1841 Φαρβαιθί·

90 1877 148 1927 της,
169 1854 316 1929 Θμουΐτης,
332 1853 509 1929 Ὀνουφίτης,
525 1853 663 1922 Ἀνύσιος,
685 1855 892 1930 Μυεκφορίτης·

91 1937 172 2002 οὗτος
192 1941 208 2000 ά
228 1942 313 2017 νομάς
334 1947 363 2000 ἰν
382 1941 459 2020 νήσῳ
481 1943 570 2010 οἰκέει,
599 1941 692 2001 άντίον
714 1941 894 2017 Βουβάστιος

89 2029 198 2092 πόλιος.
241 2027 317 2089 οὗτοι
336 2030 409 2089 δὲοὶ
427 2030 509 2106 νομοὶ
528 2031 712 2107 Καλασιρίων
731 2032 795 2089 εἰσί·
815 2031 892 2110 γενύ·

89 2141 175 2191 μενοι,
190 2117 237 2176 ὅτε
251 2118 296 2176 ε’πὶ
314 2117 466 2180 πλείστους
485 2118 620 2197 ε’γενέατο,
639 2119 721 2177 πέντε
739 2119 785 2176 καὶ
804 2119 894 2179 εἰκοσι

88 2205 218 2280 μυριάδες
239 2204 354 2282 οἷνδρῶν·
381 2205 444 2264 οὐδὲ
461 2205 587 2264 τούτοισι
604 2206 695 2275 ἔξεστι
713 2207 814 2284 τέχνην
828 2211 905 2287 ε’πα-Υ

89 2296 197 2366 σκῆσαι
218 2292 354 2368 ούδεμίαν,
373 2292 451 2351 α’λλά
470 2292 506 2352 τά
528 2298 555 2355 ές
575 2293 701 2371 πόλεμον
722 2294 893 2353 ἐπασκέουσι

88 2383 186 2454 μοῦνα,
200 2384 266 2443 παῖς
279 2381 356 2456 παραὶ
369 2380 476 2457 πατρός
491 2380 675 2456 ἐκδεκόμενος.
710 2385 746 2440 Εἰ
758 2381 811 2456 μέν
825 2407 872 2441 νυν
882 2383 937 2442 167

89 2467 136 2525 καὶ
148 2471 231 2527 τοῦτο
249 2466 314 2544 παρ’
328 2469 486 2548 Αἰγυπτίων
503 2467 684 2545 μεμαθήκασι
701 2471 728 2527 οἱ
745 2468 891 2544 Ἕλληνες,

90 2553 139 2613 ούκ
166 2557 220 2633 ἔχω
241 2555 373 2631 άτρεκέως
395 2560 493 2633 κρῖναι,
521 2556 606 2632 ὁρέων
633 2556 679 2615 καὶ
700 2555 823 2633 Θρήϊκας
846 2557 892 2615 καὶ

89 2641 199 2706 Σκύθας
215 2644 261 2702 καὶ
278 2644 394 2719 Πέρσας
411 2644 457 2702 καὶ
475 2644 591 2711 Λυδούς,
606 2644 652 2701 καὶ
669 2643 774 2721 σχεδόν
786 2641 892 2708 πάντας

87 2730 153 2793 τούς
177 2731 353 2807 βαρβάρους,
381 2730 598 2808 ἀποτιμοτέρους
623 2734 679 2789 τῶν
705 2728 801 2790 άλλων
823 2729 891 2812 ἡγη-

87 2818 186 2894 μένους
200 2820 355 2894 πολιητέων
372 2818 437 2883 τούς
451 2818 502 2882 τοίς
523 2818 622 2898 τέχνας
641 2817 831 2895 μανθάνοντας
845 2820 890 2878 καί

86 2905 153 2970 τούς
173 2907 301 2988 ἐκγόνους
320 2905 433 2966 τούτων·
454 2906 520 2970 τούς
536 2907 565 2965 δὲ
582 2905 818 2986 ἀπαλλαγμένους
837 2909 892 2967 τῶν

46 3027 48 3030 ·
87 2995 284 3071 χειρωναξιέων
303 2995 445 3074 γενναίους
464 2994 660 3071 νομιζομένους
681 2993 758 3063 εἶναι,
774 2995 819 3052 καὶ
838 2993 889 3071 μά-

87 3085 176 3142 λιστα
188 3081 254 3146 τούς
268 3088 296 3145 ἐς
307 3082 357 3141 τὸν
370 3081 496 3158 πόλεμον
510 3080 676 3159 α’νειμένους.
712 3081 896 3158 μεμαθήκασι

87 3167 112 3227 δ’
125 3168 162 3228 ὦν
174 3173 256 3228 τοῦτο
274 3169 376 3234 πάντες
394 3173 422 3231 οἱ
431 3169 587 3250 Ἕλληνες,
607 3170 656 3231 καλ
672 3167 810 3250 μάλιστα
826 3173 920 3225 tmu-

77 3254 223 3324 ὃαιμόνωι
249 3257 356 3324 ἥκιστα
375 3260 409 3322 δὲ
427 3262 588 3335 Κορίνθιοι
608 3261 736 3325 ὄνονται
748 3254 825 3321 τοίις
841 3270 947 3331 ww
999 3282 1007 3357 η
