2040 3464
124 105 155 155 ιο
422 103 604 151 Ἦνοαοτοτ
878 103 913 168 [Ι.

124 182 187 244 [δάν
198 209 230 243 τε
243 186 332 244 ἐκεῖνα
345 182 362 243 ό
380 182 466 258 κήρυξ
482 183 528 241 καὶ
541 183 619 245 εἴπας
630 182 700 258 πρδς
713 179 920 258 Θρασύβουλον

122 270 174 335 τάς
186 270 299 334 ἐντολάς
308 275 358 330 τοῦ
368 271 461 329 Λυδοῦ
475 270 586 344 α’πῆλθε
597 275 624 331 ἐς
635 269 685 331 τάς
699 269 807 344 Σάρδις,
819 268 855 331 οἷς
868 267 923 349 ἐγω

123 359 305 435 πυνθάνομαι,
330 357 362 416 δι’
387 356 465 417 οὐδὲν
492 355 567 416 άλλο
593 359 700 438 ἐγένετο
726 356 746 432 ή
772 355 924 436 διαλλαγή·

124 446 242 516 ἐλπίζων
254 445 309 527 γάρ
323 444 338 503 ὁ
351 443 508 520 Ἀλυάττης
521 444 664 520 σιτοδηίην
676 469 708 503 τε
722 443 791 502 εἶναι
805 442 924 521 ἰσχυρὴν

124 537 153 592 ἐν
165 537 200 610 τῇ
214 532 334 611 Μιλήτῳ
348 533 394 591 καὶ
406 531 457 592 τδν
470 530 541 590 λεῶν
553 531 703 608 τετρύσθαι
717 535 744 593 ἐς
756 529 789 589 τά
803 531 925 608 ἔσχατον

124 624 217 689 κακοῦ,
223 617 306 695 ἤκουε
314 624 364 679 τοῦ
374 618 491 696 κήρυκος
500 619 690 694 νοστήσαντος
699 624 728 676 ἐκ
736 622 786 693 τῆς
793 617 925 693 Μιλήτου

123 706 188 770 τούς
201 708 337 770 ἐναντίους
350 705 480 788 λόγουςῆ
491 706 527 770 οἷς
540 705 623 769 αύτδς
636 704 786 765 κατεδόκεε·
803 704 875 780 μετά
885 705 923 776 δέ,

123 793 143 869 ἦ
155 820 187 855 τε
200 792 340 875 διαλλαγή
350 802 406 871 σφι
417 794 525 874 ἐγένετο
536 793 577 853 ἐπ’
587 791 648 872 ᾧτε
659 793 761 862 ξείνους
768 790 924 867 ἀλλήλοισι

124 881 194 941 εἶναι
211 883 257 940 καὶ
273 882 441 960 ξυμμάχους,
464 882 510 941 καὶ
527 880 575 940 δύο
592 907 623 941 τε
641 880 703 940 άντὶ
720 879 779 943 ἐνδς
795 879 877 955 νηούς
888 885 925 957 τῇ

124 966 258 1048 Ἀθηναίῃ
280 968 442 1047 ᾠκοδόμησε
462 967 478 1028 ὁ
498 967 653 1044 Ἀλυάττης
675 972 704 1027 ἐν
723 971 759 1046 τῇ
778 966 924 1045 Ἀσσησῷ,

124 1055 208 1118 αὐτός
219 1082 250 1116 τε
266 1062 296 1115 ἐκ
312 1061 362 1132 τῆς
378 1055 480 1116 νούσου
493 1055 606 1132 άνέστη.
648 1055 718 1115 κατά
729 1058 782 1132 μὲν
792 1054 842 1114 τόν
854 1055 925 1131 πρδς

125 1144 285 1220 Μιλησίους
303 1169 335 1204 τε
355 1143 401 1203 καὶ
421 1143 627 1222 Θρασύβουλον
641 1142 767 1220 πόλεμον
784 1142 925 1222 Ἀλυάττῃ

126 1228 177 1290 ὦδε
191 1234 267 1311 ἔσχε.

78 1320 116 1378 2³
166 1319 336 1396 Περίανδρος
348 1319 378 1378 δέ
393 1317 428 1394 ἦν
441 1318 576 1397 Κυψέλου
588 1320 661 1388 ταῖς,
676 1316 755 1381 οὗτος
768 1316 784 1378 ὁ
799 1322 837 1396 τῷ
850 1315 924 1395 Θρα-

124 1407 259 1486 συβούλῳ
279 1406 312 1467 τδ
332 1405 504 1485 χρηστήριον
523 1399 659 1483 μηνύσας.
683 1404 839 1483 ἐτυράννευε
859 1406 925 1466 δέά

125 1495 294 1572 Περίανδρος
325 1495 474 1571 Κορίνθου.
506 1498 554 1572 τῷ·
570 1492 604 1569 δή
633 1493 752 1574 λέγουσι
781 1494 925 1569 Κορίνθιοι

126 1581 327 1661 (ὁμολογέουσι
350 1581 382 1640 δέ
404 1587 460 1656 σφι
482 1580 617 1662 Λέσβιοι)
640 1585 669 1640 ἐν
690 1584 729 1658 τῷ
750 1582 806 1659 βίῳ
829 1581 925 1657 θῶυμκι

124 1670 259 1749 μέγιστον
278 1674 464 1745 παραστῆναι,
476 1666 590 1744 Ἀρίονα
609 1667 658 1727 τόν
677 1668 862 1744 Μηθυμναῖον
879 1669 925 1728 ἐπὶ

125 1755 256 1832 δελφῖνος
270 1756 456 1833 ἐξενειχθέντα
469 1755 515 1813 ἐπὶ
527 1756 670 1831 Ταίναρον,
682 1754 763 1814 ἐόντα
775 1755 926 1834 κιθαρῳδόν

124 1845 179 1902 τῶν
199 1840 263 1901 τότε
285 1840 383 1901 ἐόντων
403 1841 512 1904 οὐδενός
532 1840 664 1918 δεύτερον,
686 1843 733 1901 καὶ
752 1841 925 1919 διθύραμβον

124 1933 233 2006 πρῶτον
246 1928 395 2006 άνθριόπων
410 1933 466 1988 τῶν
477 1928 558 2005 ήμεῖς
570 1928 648 2006 ἴδμεν
659 1928 817 2004 ποιήσαντά
831 1955 862 1989 τε
878 1932 926 1991 καὶ

78 2017 116 2075 24
125 2015 304 2094 ὀνομάσαντα
323 2018 369 2075 καὶ
388 2015 534 2085 διδάξαντα
554 2020 582 2075 ἐν
603 2017 740 2096 Κορίνθῳ·
759 2021 858 2077 τοῦτον
875 2017 926 2079 τόν

125 2102 238 2180 Ἀρίονα
250 2105 376 2184 λέγουσι,
386 2102 435 2164 τδν
447 2102 558 2163 πολλόν
570 2107 619 2162 τοῦ
632 2103 734 2182 χρόνου
747 2104 925 2182 διατρίβοντα

126 2191 202 2269 παραὶ
218 2191 385 2270 Περιάνδρῳ,
401 2192 572 2269 ἐπιθυμῆσαι
587 2195 702 2251 πλῶσαι
714 2196 741 2255 ἐς
756 2191 879 2268 Ἰταλίην
893 2219 925 2253 τε

126 2280 172 2338 καὶ
183 2279 322 2353 Σικελίην·
337 2277 527 2360 ἐργασάμενον
537 2279 567 2337 δέ
578 2278 709 2357 χρήματα
721 2279 833 2360 μεγάλα
843 2281 925 2355 θελῆ-

125 2392 176 2426 σαι
188 2366 279 2426 ὀπίσω
292 2371 320 2429 ἐς
333 2366 472 2443 Κόρινθον
485 2365 644 2426 ἀπικέσθαι·
662 2365 805 2444 ὁρμᾶσθαι
816 2367 868 2443 μέν
877 2394 925 2428 νυν

125 2458 156 2513 ἐκ
181 2453 327 2531 Τάραντος,
351 2451 519 2514 πιστεύοντα
544 2452 575 2512 δέ
600 2453 747 2531 οὐδαμοῖσι
771 2458 885 2531 μᾶλλον
905 2453 925 2532 ἦ

126 2542 309 2618 Κορινθίοισι,
323 2540 526 2618 μισθώσασθαι
535 2544 637 2601 πλοῖον
647 2540 752 2618 ἀνδρῶν
761 2543 924 2618 Κορινθίων·

124 2629 188 2692 τούς
201 2629 230 2688 δὲ
244 2633 272 2689 ἐν
280 2632 319 2706 τῷ
331 2627 449 2709 πελάγει
460 2627 652 2705 ἐπιβουλεύειν
660 2628 710 2689 τόν
717 2627 831 2705 Ἀρίονα
841 2632 924 2705 ἐκβα-
963 2680 967 2688 .

124 2715 226 2779 λόντας
249 2717 322 2795 ἐχειν
343 2717 380 2777 τά
404 2715 544 2796 χρήματα·
570 2716 620 2776 τόν
644 2715 675 2775 δέ
699 2716 816 2776 συνέντα
841 2722 925 2778 τοῦτο

124 2804 289 2874 λίσσεσθαι,
315 2803 447 2884 χρήματα
472 2805 524 2881 μέν
546 2811 603 2881 σφι
625 2804 756 2880 προϊέντα
779 2804 871 2883 ψυχήν
895 2805 925 2864 δὲ

123 2891 348 2970 παραιτεόμενον·
363 2890 449 2951 ούκων
457 2891 490 2966 δή
499 2891 603 2951 πείθειν
610 2890 693 2951 αὐτόν
700 2890 834 2952 τούτοισι·
847 2891 925 2951 ἀλλὰ

126 2979 246 3039 κελεύειν
254 2976 318 3041 τούς
330 2978 472 3056 πορθμέας
484 2976 503 3054 ἢ
514 2977 597 3039 αὐτόν
607 2978 779 3057 διαχρᾶσθαί
787 3006 836 3058 μιν
846 2979 880 3042 ὦς
890 2976 924 3038 ἂν

123 3070 217 3144 ταφῆς
235 3071 264 3126 ἐν
280 3069 319 3147 γῇ
334 3064 446 3144 τύχηῆ
463 3065 584 3144 ἐκπηδᾷν
596 3071 625 3131 ἐς
640 3068 692 3142 τήν
710 3067 862 3127 θάλασσαν
873 3066 924 3142 τήν

110 3153 265 3227 ταχιίντην·
290 3152 481 3230 α’πειληθέντα
501 3153 532 3214 δὲ
550 3152 600 3215 τδν
617 3152 733 3233 Ἀρίονα
751 3160 778 3218 ἐς
797 3154 923 3231 ἀπορίην,

92 3237 347 3312 Μβαῑήσασθαι,
372 3242 475 3323 ἐπειδή
493 3250 555 3322 σφι
575 3241 650 3307 οὕτω
669 3243 773 3312 δοκέοι,
791 3241 934 3310 περάδέειν
