2040 3464
110 106 250 173 180-183]
455 111 565 159 κικιο.
877 115 908 161 οι

77 264 80 268 Δ
108 187 223 262 περιθεῖ,
240 186 272 246 ού
288 191 388 267 πολλῷ
405 188 458 267 τέῳ
472 188 674 265 ἀσθενέστερον
686 193 736 248 τοῦ
750 190 844 266 ἐτέρου
856 191 909 250 τεί-

107 299 172 353 χεος
194 274 368 352 στεινότερον
394 276 433 335 δέ.
475 282 504 335 ἐν
527 277 556 334 δὲ
583 276 689 354 φάρσεϊ
716 278 833 356 ἑκατέρῳ
858 282 909 354 τῆς

107 360 208 424 πόλιος
219 364 374 440 τετείχιστο
389 368 417 422 ἐν
434 365 523 442 μέσῳ·
545 369 574 423 ἐν
590 369 627 442 τῷ
644 364 693 441 ἦεν
708 364 744 424 τά
757 363 908 441 βασιλήῖα,

107 449 253 528 περιβόλῳ
270 450 384 530 μεγάλῳ
402 452 496 511 τεκαὶ
521 456 635 530 ἰσχυρῷ·
657 457 685 512 ἐν
708 452 737 510 δέ
757 456 796 530 τῷ
819 453 908 531 ἑτέρῳ,

108 535 177 601 Διός
189 536 287 613 Βήλου
300 538 359 614 ἱρόν
371 538 562 617 χαλκόπυλον,
583 541 628 597 καὶ
649 545 677 602 ἐς
696 542 745 615 ἐμὲ
764 544 847 599 τοῦτο
868 543 908 600 έτι

107 624 161 693 ἐόν,
181 623 230 683 δύο
247 625 367 685 σταδίων
387 625 486 702 πάντη,
508 627 553 685 ἐόν
573 626 754 706 τετράγωνον.
788 629 909 708 ἐνμέσῳ

107 711 138 770 δὲ
158 716 209 772 τοῦ
232 715 291 788 ἱροῦ
312 713 418 794 πύργος
442 715 555 791 στερεός
578 715 764 791 οἰκοδόμηται,
793 717 909 776 σταδίου

107 800 153 858 καὶ
165 800 199 860 τῦ
212 805 300 876 μῆκος
319 803 365 860 καὶ
380 802 413 861 τό
428 801 514 878 εύρος·
537 804 582 860 καὶ
600 804 645 860 ἐπὶ
660 802 747 880 τούτῳ
760 807 797 880 τῷ
810 802 907 884 πύργῳ

106 885 196 950 ἄλλος
208 888 313 966 πύργος
327 891 483 966 ἐπιβέβηκε
497 891 542 948 καὶ
559 891 650 967 ἕτερος
662 890 742 966 μάλα
755 892 801 950 ἐπὶ
810 892 906 970 τούτῳ,

105 975 204 1053 μέχρις
217 973 250 1034 οῦ
263 975 334 1036 όκτοὶ
347 976 467 1058 πύργων·
489 976 629 1052 ἀνάβασις
647 978 676 1035 δὲ
693 984 719 1039 ἐς
733 977 832 1040 αύτούς
846 981 859 1036 ἔ
875 1006 907 1036 ω-

106 1063 154 1121 θεν
167 1063 258 1142 κύκλῳ
271 1065 336 1141 περὶ
353 1064 458 1127 πάντας
475 1065 539 1127 τούς
555 1065 677 1146 πύργους
693 1067 798 1144 ἐχουσα
811 1068 907 1125 πεποί-

105 1175 179 1224 ηται·
199 1157 333 1228 μεσοῦντι
346 1153 377 1212 δέ
389 1179 438 1211 κου
451 1159 500 1228 τῆς
513 1152 671 1229 άναβάσιός
686 1158 747 1212 ἐστι
760 1153 908 1234 καταγωγή

104 1263 136 1296 τε
154 1240 201 1298 καὶ
220 1241 303 1299 θιῦκοι
321 1239 538 1317 ἀμπαυστήριοι,
552 1247 581 1299 ἐν
598 1244 674 1299 τοῖσι
687 1241 841 1310 κατίζοντες
854 1240 905 1317 άμ-

104 1325 240 1386 παύονται
253 1331 280 1386 οἱ
293 1328 500 1404 α’ναβαινοντες·
519 1333 547 1386 ἐν
561 1328 590 1386 δὲ
603 1333 641 1405 τῷ
652 1328 800 1406 τελευταίῳ
810 1327 906 1408 πύργῳ

104 1413 170 1489 νηός
183 1417 279 1474 ἔπεστι
292 1417 388 1494 μέγας·
410 1422 439 1474 ἐν
455 1416 484 1474 δὲ
501 1421 540 1493 τῷ
559 1420 614 1493 νηῷ
633 1416 713 1489 κλίνη
732 1415 843 1494 μεγάλη
864 1417 906 1474 κε’-

105 1525 165 1559 εται
185 1502 214 1560 εῦ
236 1504 402 1581 ἐστρωμένη,
418 1505 466 1562 καί
482 1506 509 1563 οἱ
524 1502 647 1578 τράπεζα
659 1503 826 1579 παρακέεται
838 1500 904 1581 χρυ-

104 1590 167 1664 σέη·
189 1587 304 1670 ἄγαλμα
325 1592 354 1650 δέ
375 1591 423 1650 οῦκ
448 1592 486 1650 ἔνι
507 1590 585 1650 ούδέν
605 1589 673 1649 αύτό
693 1617 703 1648 ι
723 1591 904 1667 ἐνιδρυμένον·

104 1676 168 1736 οῦδὲ
181 1678 265 1737 νύκτα
278 1678 366 1740 οὐδεὶς
377 1679 545 1749 ἐναυλίζεται
559 1677 716 1754 άνθροὶπων,
725 1677 768 1736 ὅτι
780 1679 820 1754 μή
834 1679 904 1758 γυνή

103 1764 192 1841 μούνη
212 1770 267 1826 τοῖν
287 1767 438 1845 ἐπιχωρίων
455 1766 507 1840 τήν
525 1765 559 1826 ἂν
579 1765 595 1826 ό
612 1766 674 1828 θεός
691 1767 788 1841 ἕληται
804 1771 833 1824 ἐκ
852 1793 904 1825 πα-

104 1852 184 1922 σέων,
195 1852 229 1916 ὦς
240 1854 356 1934 λέγουσι
368 1858 394 1913 οἱ
405 1855 552 1923 Χαλδαῖοι,
563 1853 652 1915 ἐόντες
666 1854 734 1930 ἱρέες
743 1853 844 1913 τούτου
853 1859 903 1915 τοῦ

104 1940 179 2000 θεοῦ.
219 1942 296 2000 Φασὶ
313 1943 343 2000 δὲ
364 1945 391 2000 οἱ
409 1941 487 2001 αύτοῖ
502 1940 585 2010 οῦτοι,
605 1943 667 2017 ἐμοὶ
684 1943 735 2017 μὲν
749 1940 781 1999 ού
795 1940 884 2002 πιστά
894 1944 949 2003 Ιὸἱ

102 2027 241 2108 λέγοντες,
254 2029 303 2089 τόν
322 2028 386 2089 θεόν
406 2029 489 2089 αύτδν
507 2034 609 2105 φοιτᾶν
625 2054 657 2087 τε
674 2035 701 2091 ἐς
713 2028 764 2088 τόν
777 2029 843 2105 νηόν
857 2031 903 2090 καὶ

102 2113 283 2190 α’μπαύεσθαι
297 2119 343 2176 ἐπὶ
354 2122 405 2192 τῆς
418 2119 520 2192 κλίνης,
532 2116 654 2194 κατάπερ
668 2122 696 2176 ἐν
706 2116 823 2194 Θήβῃσι
836 2122 904 2196 τῇσι

102 2205 274 2283 Αἰγυπτίῃσι
295 2204 366 2263 κατοὶ
384 2204 434 2264 τόν
454 2204 537 2264 αύτόν
556 2205 668 2282 τρόπον,
690 2204 725 2266 (ῦς
741 2205 859 2285 λέγουσι
876 2209 903 2265 οἱ

102 2291 261 2370 Αἰγύπτιοι·
286 2293 332 2351 καὶ
353 2291 409 2373 γάρ
431 2292 465 2367 δή
488 2294 572 2352 ἐκεῖθι
596 2297 725 2368 κοιμᾶται
747 2298 775 2351 ἐν
794 2298 833 2371 τῷ
852 2298 902 2352 τοῦ

103 2379 172 2442 Διός
191 2385 241 2440 τοῦ
262 2382 402 2456 Θηβαιέος
423 2381 503 2461 γυνή·
530 2379 688 2457 α’μφότεραι
708 2381 738 2439 δὲ
759 2378 840 2439 αῦται
856 2382 902 2440 λέ·

102 2493 199 2546 γονται
211 2468 317 2545 άνδριῦν
329 2468 455 2545 οὐδαμῶν
470 2474 496 2532 ἐς
509 2468 622 2545 ὁμιλίην
632 2473 743 2544 φοιτᾶν·
760 2469 806 2526 καὶ
819 2468 900 2527 κατά-

102 2581 154 2631 περ
169 2561 198 2616 ἐν
212 2556 372 2634 Πατάροισι
388 2560 439 2631 τῆς
451 2558 555 2632 Λυκίης
567 2555 586 2631 ή
599 2555 751 2632 πρόμαντις
764 2559 814 2614 τοῦ
829 2557 901 2626 θεοῦ,

102 2644 186 2704 ἐπεάν
211 2645 334 2726 γένηται·
365 2644 397 2704 ού
422 2645 477 2726 γάρ
504 2644 542 2703 ὦν
569 2645 624 2703 αἰεί
648 2650 709 2703 ἐστι
729 2642 901 2721 χρηστήριον

101 2731 208 2792 αύτόθι·
230 2731 314 2791 ἐπεάν
330 2733 360 2791 δὲ
377 2733 498 2813 γένηται,
512 2732 576 2791 τότε
595 2731 631 2790 ὦν
650 2731 902 2812 συγκατακληίεται

102 2820 151 2882 τάς
169 2819 267 2882 νύκτας
280 2821 334 2878 ἔσω
348 2825 377 2879 ἐν
388 2824 427 2898 τῷ
442 2846 506 2898 νηῳ.
540 2819 626 2879 Ἐστι
639 2819 669 2877 δὲ
681 2823 731 2878 τοῦ
745 2823 773 2876 ἐν
786 2819 949 2893 &Bu-188

52 2926 55 2932 '
102 2911 169 2967 λῶνι
183 2911 243 2984 ἱροῦ
261 2909 307 2966 καὶ
323 2907 413 2970 άλλος
430 2907 503 2966 κάτω
519 2907 591 2983 νηός·
613 2908 678 2966 ἔνθα
696 2905 812 2987 άγολμα
828 2906 902 2986 μέγα

105 3001 150 3055 τοῦ
164 2997 233 3058 Διὸς
246 2998 284 3054 ἔνι
298 2995 452 3073 κατήμενον
465 2995 594 3074 χρύσεον,
614 2995 662 3053 καί
678 2998 705 3054 οἱ
717 2993 840 3071 τράπεζα
852 3018 900 3068 με·
939 3059 944 3069 ¹

105 3084 176 3164 γόλη
199 3085 367 3161 παρακέεται
387 3086 503 3163 χρυσέη,
524 3082 570 3142 καὶ
587 3082 620 3142 τό
639 3081 751 3160 βάθρον
771 3085 798 3140 οἱ
819 3082 864 3139 καὶ
884 3079 900 3140 ό

101 3170 199 3247 θρόνος
220 3170 340 3250 χρύσεός
362 3176 431 3244 ἐστι,
454 3172 509 3244 καὶ,
530 3169 566 3236 ιῦς
586 3171 686 3254 ’ἔλεγον
708 3173 739 3230 οἱ
752 3169 921 3232 {mmm

99 3257 238 3378 ναλάχτων
249 3258 429 3325 ὀκτακοσίων
444 3262 570 3338 χρυσίου
584 3259 749 3335 πεποίηται
759 3259 863 3316 ταῦτα·
883 3251 946 3310 ’ἔξω
