2040 3464
147 109 194 161 ιω
450 106 632 155 ἪΡοΔοιοτ
756 131 757 134 =
893 104 944 168 [ιι.

148 185 194 244 διοὶ
212 185 316 247 τούτων
336 186 477 246 δάκνουσι·
499 186 544 245 διά
561 186 591 244 δὲ
607 189 657 245 τοῦ
673 184 784 246 δικτύου
804 183 869 244 οὐδὲ
887 209 946 245 πει·

145 279 246 350 ρῶνται
260 271 359 351 οἷρχήν·

100 360 139 422 96
188 360 230 419 Τά
249 361 279 418 δὲ
296 360 330 436 δή
347 360 436 420 πλοῖά
450 367 513 436 σφι,
528 361 605 420 τοῖσι
623 360 822 440 φορτηγέουσι,
837 359 898 419 ἔστι
916 363 947 420 ἔκ

147 453 197 523 τῆς
208 446 329 523 οἷκάνθης
339 449 498 526 ποιεύμενα·
511 453 561 523 τῆς
574 447 593 522 η’
603 447 702 525 μορφή
716 448 768 523 μέν
779 452 841 506 ἐστι
854 448 947 521 ὁμοιο-

147 536 217 611 τάτη
230 540 268 614 τῷ
282 537 429 616 Κυρηναίῳ
443 539 530 614 λωτῷ,
545 536 577 594 τό
593 535 622 594 δὲ
635 536 753 612 δάκρυον
772 534 861 612 κόμμι
875 534 947 595 ε’στί·

147 628 179 681 ἐκ
196 623 297 699 ταύτης
314 623 350 683 ὧν
366 628 416 699 τῆς
432 623 553 699 ἀκάνθης
572 622 725 700 κοψάμενοι
744 622 815 691 ξύλα
831 620 902 682 ὅσον
916 648 948 683 τε

148 710 266 790 διπήχεα
276 710 430 788 πλινθηδόν
439 712 604 781 συντιθεῖσι,
615 709 833 790 ναυπηγεύμενοι
842 710 948 786 τρόπον

147 799 263 859 τοιόνδε·
284 800 348 877 περὶ
362 789 492 879 γόμφους
511 797 631 861 πυκνούς
648 799 694 856 καὶ
709 796 832 874 μακρούς
846 799 948 874 περιεί-

147 912 231 963 ρουσι
247 888 282 946 τά
303 887 422 965 διπήχεα
438 887 518 956 ξύλα·
541 885 624 946 ἐπεάν
643 886 672 945 δὲ
691 889 729 964 τῷ
745 885 839 964 τρόπῳ
858 885 947 946 τούτω

148 975 388 1055 ναυπηγήσωνται,
403 975 472 1056 ζυγά
491 979 629 1049 ἐπιπολῆς
644 975 767 1034 τείνουσι
783 973 882 1033 αὐτῶν·
904 1001 947 1034 νο·

150 1067 235 1137 μεῦσι
257 1063 285 1120 δὲ
306 1063 385 1122 οὐδὲν
405 1064 549 1141 χρέωνται·
573 1063 676 1121 ἔσωθεν
698 1061 727 1120 δὲ
744 1060 794 1123 τάς
814 1061 948 1138 α’ρμονίας

149 1155 178 1210 ε’ν
191 1150 228 1210 ὧν
243 1151 407 1211 ἐπάκτωσαν
420 1155 456 1230 τῇ
470 1150 583 1229 βύβλῳ·
601 1150 740 1226 πηδάλιον
754 1150 783 1208 δὲ
798 1150 826 1210 ἓν
840 1155 947 1210 ποιεῦν-

149 1265 203 1308 ται,
219 1240 265 1297 καὶ
282 1244 366 1298 τοῦτο
385 1239 430 1297 διά
448 1242 498 1314 τῆς
511 1237 625 1314 τρόπιος
639 1236 808 1313 διαβύνεται·
837 1240 905 1316 ἱστῷ
919 1238 947 1298 δὲ

149 1327 284 1406 ἀκανθίνῳ
302 1327 444 1405 χρέωνται,
462 1327 580 1386 ἱστίοισι
601 1327 630 1385 δὲ
647 1326 826 1401 βυβλίνοισι.
860 1330 949 1386 ταῦτα

149 1414 185 1473 τά
200 1419 289 1473 πλοῖα
307 1413 359 1473 άνά
379 1417 431 1491 μὲν
443 1415 493 1474 τόν
512 1413 639 1490 ποταμόν
656 1413 688 1471 ού
707 1412 835 1472 δύνανται
852 1414 949 1474 πλέειν

149 1500 184 1577 ἢν
196 1503 237 1578 μή
251 1501 381 1579 λαμπρός
394 1502 494 1579 άνεμος
508 1503 603 1580 ἐπέχῃ,
618 1506 648 1559 ἔκ
661 1505 714 1581 γῆς
727 1500 756 1558 δὲ
770 1501 947 1577 παρέλκεται·
984 1534 986 1538 ·

151 1589 221 1649 κατά
233 1589 299 1666 ῥόον
310 1590 339 1648 δὲ
354 1591 494 1667 κομίζεται
509 1587 569 1648 ὦδε·
587 1591 648 1648 ἔστι
663 1594 692 1647 ἐκ
705 1589 822 1664 μυρίκης
834 1614 948 1665 πεποιη·

149 1679 219 1753 μένη
240 1678 310 1754 θύρη
331 1678 541 1755 κατερραμμένη
557 1677 632 1753 ῥίπεῖ
651 1675 791 1752 καλάμων,
806 1677 852 1735 καὶ
869 1677 948 1741 λίθος

148 1766 313 1842 τετρημένος
327 1765 489 1828 διτάλαντος
501 1764 630 1840 μάλιστά
644 1790 678 1841 κη
691 1764 828 1840 σταθμόν·
844 1763 949 1825 τούτων

149 1853 200 1929 τήν
212 1855 264 1928 μὲν
278 1853 363 1930 θύρην
376 1853 521 1930 δεδεμένην
536 1853 612 1932 κάλῳ
627 1853 770 1930 ἔμπροσθε
783 1856 833 1911 τοῦ
846 1853 949 1913 πλοίου

151 1939 225 1999 α’πίει
242 1941 433 2017 ἐπιφέρεσθαι,
447 1941 496 2000 τόν
513 1941 543 1998 δὲ
558 1942 641 2001 λίθον
653 1939 733 2020 άλλῳ
747 1940 823 2020 κάλῳ
836 1939 947 2002 ὄπισθε·

150 2027 169 2104 ή
182 2031 233 2104 μὲν
246 2028 280 2104 δή
295 2028 372 2106 θύρη,
386 2033 436 2088 τοῦ
449 2027 516 2104 ῥόου
530 2029 723 2105 ἐμπίπτοντος,
735 2030 833 2107 χωρέει
844 2030 949 2107 ταχέως

151 2117 197 2174 καὶ
221 2117 295 2174 ἕλκει
318 2116 369 2192 τήν
389 2116 485 2193 βάριν·
507 2117 602 2195 (τοῦτο
622 2116 678 2197 γάρ
703 2117 736 2192 δή
762 2116 867 2192 ούνομά
888 2122 950 2178 ε’στι

150 2208 227 2264 τοῖσι
239 2205 367 2264 πλοίοισι
380 2204 527 2283 τούτοισι·)
548 2204 564 2263 ὁ
581 2205 610 2264 δὲ
626 2206 706 2267 λίθος
720 2204 821 2265 ὄπισθε
836 2205 949 2265 ἐπελκύ·

150 2319 232 2369 μενος
246 2293 291 2351 καὶ
305 2292 355 2352 ε’ὦν
369 2298 398 2352 ἐν
411 2295 524 2370 βυσσῷ,
539 2292 678 2352 κατιθύνει
691 2292 740 2353 τόν
753 2292 854 2352 πλόον.
889 2294 948 2353 ἔστι

152 2381 183 2440 δέ
199 2389 252 2458 σφι
267 2380 303 2440 τά
316 2385 404 2440 πλοῖα
417 2385 505 2440 ταῦτα
518 2381 622 2455 πλήθεϊ
635 2381 740 2450 πολλοὶ,
756 2382 801 2438 καὶ
816 2379 877 2460 άγει
893 2382 948 2441 ἔνια

104 2469 262 2532 97πολλοὶς
285 2469 413 2548 χιλιάδας
437 2468 589 2529 ταλάντων.
631 2467 734 2527 Ἐπεάν
755 2469 784 2526 δὲ
807 2469 914 2546 ἐπέλθῃ
933 2475 951 2530 ὁ

151 2562 255 2621 Νεῖλος
271 2557 322 2633 τήν
335 2556 436 2636 χιύρην,
451 2561 480 2615 αἱ
496 2556 580 2620 πόλις
593 2561 694 2632 μοῦναι
708 2558 856 2632 φαίνονται
868 2556 952 2634 ύπερ·

153 2647 276 2723 έχουσαι,
298 2645 426 2721 μάλιστά
449 2671 483 2720 κη
504 2646 636 2722 ἐμφερέες
654 2649 722 2723 τῇσι
742 2651 771 2704 έν
786 2648 825 2724 τῷ
845 2647 952 2725 Αἰγαίῳ

152 2733 242 2813 πόντῳ
266 2732 390 2808 νήσοισι·
418 2733 454 2793 τά
480 2735 531 2809 μὲν
554 2733 609 2813 γοὶρ
634 2731 711 2790 ἄλλο
734 2736 784 2808 τῆς
808 2731 953 2812 Αἰγύπτου

152 2822 276 2901 πέλαγος
298 2823 411 2901 γίνεται,
434 2824 463 2880 αἱ
490 2821 519 2879 δὲ
543 2820 625 2883 πόλις
649 2825 750 2897 μοῦναι
772 2820 951 2899 ὑπερέχουσι.

153 2908 358 2986 πορθμεύονται
376 2908 420 2978 ὧν,
435 2907 518 2967 ε’πεοὶν
537 2912 620 2967 τοῦτο
635 2909 757 2989 γένηται,
772 2907 864 2968 ούκέτι
882 2909 953 2970 κατὰ

151 2997 187 3057 τά
199 2997 300 3074 ῥέεθρα
313 3001 363 3055 τοῦ
377 3000 513 3073 ποταμοῦ,
528 2994 606 3055 ἀλλά
619 2996 664 3056 διά
678 2997 769 3074 μέσου
781 3000 832 3056 τοῦ
845 2996 952 3057 πεδίου.

147 3089 178 3148 ές
189 3085 248 3161 μέν
259 3111 293 3166 γε
312 3085 433 3162 Μέμφιν
450 3089 480 3143 ἐκ
498 3083 673 3160 Ναυκράτιος
689 3083 874 3155 ἀναπλώοντι,
887 3083 953 3162 παρ’

135 3171 228 3236 αύτάς
241 3173 294 3239 τοῖς
314 3173 477 3254 πυραμίδας
492 3173 601 3256 γίνεται
616 3171 631 3232 ό
649 3171 747 3235 πλόος·
764 3171 843 3254 Yam
856 3172 889 3230 δλ
903 3172 954 3231 οὐκ

126 3257 225 3331 οἶτος,
254 3263 343 3329 am
369 3263 454 3342 παρά
483 3264 518 3326 τδ
540 3262 597 3334 όξύ
620 3265 673 3323 τοῦ
701 3261 807 3327 δέλτα,
831 3258 878 3314 xxix
896 3258 972 3329 παοῗι
