2040 3464
123 119 171 165 ιιι
428 119 612 167 Ἧνοιουοτ
870 114 919 178 [11.

121 200 172 256 τοῦ
185 195 222 256 ὧν
236 197 270 271 δν)
285 196 379 272 οὔρεος
390 197 491 257 τούτου
507 197 584 275 παρά
598 195 651 272 την
664 195 790 272 ύπωρέην
803 194 885 270 ἦκται
902 204 920 270 ηΙ

122 283 222 360 διώρυξ
240 285 286 342 ἀπ’
302 286 421 361 ἑσπέρης
436 285 529 362 μακρὴ
542 283 614 362 πρδς
631 283 682 358 τήν
695 284 745 358 η’ῶ·
767 284 813 342 καί
829 284 922 341 ἔπειτα

122 371 205 430 τείνει
224 377 251 434 ἐς
270 372 430 452 διασφάγας
444 370 586 449 φερούσας
603 370 659 430 οἷπό
677 376 727 430 τοῦ
744 369 838 446 οὔρεος
853 369 923 447 πρδς

124 460 306 536 μεσαμβρίην
320 486 351 519 τε
370 460 414 517 καὶ
431 460 511 518 νύτον
526 458 635 534 άνεμον,
650 463 677 521 ε’ς
692 457 741 518 τὸν
755 458 861 517 κόλπον
874 456 923 518 τδν

123 544 266 623 Ἀράβιον.
301 551 336 624 τῇ
354 547 384 606 δὲ
402 545 553 624 ἐλάχιστόν
570 552 631 606 ε’στι
647 547 693 604 καὶ
709 545 923 622 συντομώτατον

125 637 155 694 ἔκ
172 640 222 709 τῆς
239 635 358 711 βορηίης
374 634 523 709 θαλάσσης
540 633 698 710 ὑπερβῆναι
718 637 746 696 ἐς
761 632 814 708 τὴν
830 633 923 708 νοτίην

126 723 171 781 καὶ
183 722 320 800 Ἐρυθρὴν
333 722 384 797 τὴν
398 721 485 797 αὐτην
498 721 601 797 ταύτην
615 720 794 796 καλεομένην,
806 719 862 780 α’πδ
873 723 923 780 τοῦ

126 812 237 870 Κασίου
254 809 348 887 οὔρεος
364 814 414 868 τοῦ
432 809 587 886 οὐρίζοντος
602 808 745 888 Αἴγυπτόν
758 834 789 867 τε
808 810 854 867 καὶ
872 809 923 872 Συ-

125 899 195 974 ρίην,
210 897 265 956 οἷπδ
283 896 383 956 τούτου
402 897 457 955 εἰσὶ
475 896 585 956 στάδιοι
601 898 691 975 χίλιοι
709 895 812 971 ἀπαρτὶ
830 901 857 959 ἐς
874 895 924 956 τᾶν

125 983 260 1061 Ἀράβιον
275 985 405 1043 κόλπον.1
419 990 501 1043 τοῦτο
514 987 566 1061 μὲν
578 985 611 1044 τδ
626 983 848 1060 συντομώτατον·
864 984 924 1060 ἡδὲ

127 1072 226 1149 διώρυξ
240 1076 339 1150 πολλῷ
352 1074 509 1149 μακροτέρη
523 1072 581 1151 ὅσῳ
595 1074 767 1148 σκολιωτέρη
781 1072 852 1131 ε’στί·
872 1072 924 1148 την

126 1161 172 1218 ε’πί
185 1164 266 1218 Νεκῶ
279 1161 418 1236 βασιλέος
431 1158 600 1235 ὀρύσσοντες
610 1161 767 1240 Αἰγυπτίων
777 1158 924 1218 οἰπύλοντο

125 1247 245 1306 δυώδεκα
260 1247 397 1325 μυριάδες,
432 1245 529 1308 Νεκοίς
545 1247 596 1322 μέν
610 1272 657 1305 νυν
672 1245 776 1322 μεταξύ
794 1245 924 1323 ὀρύσσων

126 1334 276 1405 ἐπαύσατο,
287 1334 421 1410 μαντηίου
435 1333 567 1410 ἐμποδίου
576 1335 726 1413 γενομένου
738 1334 856 1410 τοιοῦδε,
865 1338 925 1414 “τῷ

126 1423 266 1501 βαρβάρῳ
277 1421 360 1481 αύτδν
372 1420 621 1501 προεργάζεσθαι·”
636 1423 718 1497 βαρβ
727 1421 801 1496 ι’ρους
814 1420 844 1479 δὲ
856 1422 924 1482 πάν-

126 1536 176 1572 τας
189 1514 216 1569 οἰ
232 1508 379 1590 Αἰγύπτιοι
393 1511 526 1567 καλέουσι
539 1508 605 1572 τούς
619 1510 659 1584 μη
675 1510 762 1584 σφίσι
776 1507 925 1589 ὄμογλιίσυ

81 1600 136 1658 159
147 1624 224 1661 σους.
267 1595 454 1673 Παυσάμενος
480 1597 509 1655 δὲ
535 1600 587 1671 τῆς
613 1595 746 1674 διώρυχος
775 1595 791 1655 ὁ
818 1596 923 1667 Νεκοίς,

127 1687 259 1763 ε’τράπετο
277 1686 347 1761 πρὸς
365 1686 526 1761 στρατηίας·
548 1684 593 1742 καί
611 1684 742 1761 τριήρεες,
759 1687 789 1743 αἰ
806 1687 858 1760 μὲν
879 1687 922 1744 ε’πί

125 1778 161 1852 τῇ
174 1773 278 1850 βορηίῃ
290 1771 424 1849 θαλάσσῃ
437 1772 618 1847 ἐποιήθησαν,
630 1775 659 1830 αἱ
672 1770 695 1830 δ’
707 1777 736 1831 ἐν
748 1776 786 1850 τῷ
798 1771 924 1853 Ἀραβίῳ

127 1862 222 1938 κόλπῳ
239 1861 284 1919 ε’πί
303 1865 339 1936 τῇ
355 1860 476 1937 Ἐρυθρῇ
497 1860 641 1938 θαλάσσῃ·
662 1863 717 1919 τῶν
737 1861 776 1918 έτι
797 1863 823 1918 οἰ
842 1860 924 1920 ὁλκοὶ

127 1948 262 2023 ἐπίδηλοι.
297 1948 343 2005 καὶ
362 1946 483 2024 ταύτῃσί
500 1973 531 2006 τε
550 1952 651 2025 ἐχρᾶτο
668 1952 696 2006 ἐν
712 1952 750 2025 τῷ
766 1948 924 2017 δέοντι,καί

127 2035 242 2110 Σύροισι
258 2034 357 2113 πεζῇύ
376 2036 472 2098 Νεκώς
490 2036 648 2111 συμβαλιν
668 2039 697 2094 ἐν
715 2036 859 2115 Μαγδίλῳ
873 2038 921 2095 ε’νί-

126 2149 205 2198 κησε·
222 2124 293 2200 μετοί
307 2123 400 2198 δὲτὴν
413 2123 515 2202 μάχην,
532 2123 654 2182 Κάδυτιν
667 2123 751 2183 πάλιν
760 2128 810 2198 τῆς
824 2126 924 2200 Συρίης

126 2215 228 2270 εὀῦσαν
245 2210 373 2291 μεγάλην
390 2211 455 2269 εἰλε·
478 2217 506 2270 ε’ν
523 2216 559 2289 τῇ
576 2211 605 2270 δὲ
623 2214 722 2286 ἐσθῆτι
740 2212 819 2290 ἔτυχε
836 2217 925 2273 ταῦτα

128 2299 369 2378 κατεργασάμενος
390 2298 506 2374 άνέθηκε
525 2303 563 2376 τῷ
578 2298 747 2367 Ἀπόλλωνι,
764 2299 877 2377 πέμψας
897 2305 924 2362 ἐς

127 2388 286 2468 Βραγχίδας
303 2387 352 2450 τοίς
373 2389 532 2463 Μιλησίων·
554 2387 625 2464 μετά
644 2388 681 2457 δὲ,
701 2387 844 2446 ἑκκαίδεκα
863 2389 925 2448 ἔτεα

82 2494 87 2501 “
126 2476 162 2536 τοὶ
177 2476 269 2536 πάντα
287 2475 371 2554 άρξας
389 2480 514 2555 τελευτᾷ,
528 2480 566 2554 τῷ
578 2476 655 2534 παιδὶ
669 2475 768 2553 Ψάμμι
783 2477 927 2554 παραδούς

125 2564 177 2640 την
191 2563 287 2643 οἰρχήν.

83 2654 138 2715 160
166 2651 232 2710 Ἐπὶ
241 2657 339 2712 τοῦτον
350 2651 383 2727 δη
394 2651 443 2712 τύν
453 2650 568 2728 Ψάμμιν
578 2650 771 2728 βασιλεύοντα
782 2650 926 2732 Αἰγύπτου

127 2740 259 2800 ἀπίκοντο
276 2740 395 2798 Ἠλείων
411 2739 506 2816 ἅνδρες
522 2738 647 2819 ἄγγελοι,
662 2739 808 2817 αὐχέοντες
824 2740 925 2800 δικαιύ·

126 2854 197 2887 τατα
215 2829 261 2886 καὶ
280 2828 421 2887 κάλλιστα
438 2827 544 2886 τιθέναι
561 2826 610 2887 τύν
629 2833 657 2886 ἐν
674 2826 818 2905 Ὀλυμπίῃ
832 2827 927 2910 οἰγοίνα

127 2916 238 2975 πάντων
259 2915 416 2992 ἀνθρώπων,
439 2916 484 2973 καὶ
505 2916 645 2978 δοκέοντες
664 2915 740 2992 παραὶ
761 2921 848 2975 ταῦτα
869 2917 925 2977 οὐδ’

128 2995 162 3056 ἂν
185 2997 250 3060 τούς
273 2995 454 3071 σοφωτάτους
480 2995 631 3072 α’νθρύπων
654 2999 820 3076 Αἰγυπτίους
847 2997 928 3058 οὐδὲν

117 3084 288 3162 ἐπεξευρεῖν·
329 3083 365 3148 ὦς
386 3084 415 3144 δὲ
436 3082 599 3161 ἀπικόμενοι
619 3089 646 3147 ἐς
665 3085 716 3158 την
736 3085 880 3166 Αἰγυπτον
899 3088 927 3147 οἰ

106 3167 223 3232 Ἠλεῖοι
236 3175 342 3258 ἔλεγον
355 3180 414 3237 τῶν
425 3174 521 3236 εἵνεκα
534 3171 681 3243 ἀπίκοντο,
691 3172 811 3231 ἐνδαῖιτα
821 3172 838 3229 δ
850 3174 934 3244 βασι-

85 3255 164 3321 λᾶίθ
182 3259 275 3329 οὗτος
295 3266 504 3344 συγκαλέεται
518 3261 685 3348 Αἰγυπτίων
705 3256 960 3333 τουςλῑἹῦλέΜ
