<?xml version="1.0" encoding="UTF-8"?>
<!DOCTYPE html PUBLIC "-//W3C//DTD XHTML 1.0 Transitional//EN"
    "http://www.w3.org/TR/xhtml1/DTD/xhtml1-transitional.dtd">
<html xmlns="http://www.w3.org/1999/xhtml" xml:lang="en" lang="en">
 <head>
  <title>
</title>
<meta http-equiv="Content-Type" content="text/html;charset=utf-8" />
  <meta name='ocr-system' content='tesseract 3.04.00' />
  <meta name='ocr-capabilities' content='ocr_page ocr_carea ocr_par ocr_line ocrx_word'/>
</head>
<body>
  <div class='ocr_page' id='page_1' title='image "./recensuitjoseph00herogoog_0244.png"; bbox 0 0 2040 3464; ppageno 0'>
   <div class='ocr_carea' id='block_1_1' title="bbox 86 109 933 3236">
    <p class='ocr_par' dir='ltr' id='par_1_1' title="bbox 86 109 933 2453">
     <span class='ocr_line' id='line_1_1' title="bbox 91 109 890 174; baseline 0.006 -15"><span class='ocrx_word' id='word_1_1' title='bbox 91 109 197 174; x_wconf 80' lang='lat'>17-21]</span> <span class='ocrx_word' id='word_1_2' title='bbox 426 114 559 162; x_wconf 73' lang='grc' dir='ltr'>οιιιυιι.</span> <span class='ocrx_word' id='word_1_3' title='bbox 842 117 890 164; x_wconf 72' lang='grc' dir='ltr'>τοι</span> 
     </span>
     <span class='ocr_line' id='line_1_2' title="bbox 89 189 891 270; baseline 0.007 -25"><span class='ocrx_word' id='word_1_4' title='bbox 89 189 280 263; x_wconf 87' lang='grc' dir='ltr'>μετεπέμπετο</span> <span class='ocrx_word' id='word_1_5' title='bbox 295 191 325 258; x_wconf 76' lang='grc' dir='ltr'>ἐξ</span> <span class='ocrx_word' id='word_1_6' title='bbox 339 189 541 266; x_wconf 82' lang='grc' dir='ltr'>Ἐλεφαντίνης</span> <span class='ocrx_word' id='word_1_7' title='bbox 558 190 658 254; x_wconf 85' lang='grc' dir='ltr'>πόλιος</span> <span class='ocrx_word' id='word_1_8' title='bbox 673 194 729 251; x_wconf 74' lang='grc' dir='ltr'>τῶν</span> <span class='ocrx_word' id='word_1_9' title='bbox 741 191 891 270; x_wconf 85' lang='grc' dir='ltr'>Ἰχθυοφά-</span> 
     </span>
     <span class='ocr_line' id='line_1_3' title="bbox 89 275 890 359; baseline 0.006 -26"><span class='ocrx_word' id='word_1_10' title='bbox 89 300 145 354; x_wconf 89' lang='grc' dir='ltr'>γων</span> <span class='ocrx_word' id='word_1_11' title='bbox 157 275 263 352; x_wconf 75' lang='grc' dir='ltr'>ἀνδρῶν</span> <span class='ocrx_word' id='word_1_12' title='bbox 276 277 341 340; x_wconf 80' lang='grc' dir='ltr'>τούς</span> <span class='ocrx_word' id='word_1_13' title='bbox 355 278 555 353; x_wconf 77' lang='grc' dir='ltr'>ἐπισταμένους</span> <span class='ocrx_word' id='word_1_14' title='bbox 569 277 621 354; x_wconf 74' lang='grc' dir='ltr'>τὴν</span> <span class='ocrx_word' id='word_1_15' title='bbox 633 278 783 338; x_wconf 78' lang='grc' dir='ltr'>Αἰθιοπίδα</span> <span class='ocrx_word' id='word_1_16' title='bbox 795 282 890 359; x_wconf 79' lang='grc' dir='ltr'>γλῶσ·</span> 
     </span>
     <span class='ocr_line' id='line_1_4' title="bbox 89 361 888 444; baseline 0.008 -24"><span class='ocrx_word' id='word_1_17' title='bbox 89 387 154 421; x_wconf 90' lang='grc' dir='ltr'>σαν·</span> <span class='ocrx_word' id='word_1_18' title='bbox 181 367 211 422; x_wconf 85' lang='grc' dir='ltr'>ἐν</span> <span class='ocrx_word' id='word_1_19' title='bbox 230 361 252 440; x_wconf 79' lang='grc' dir='ltr'>ᾧ</span> <span class='ocrx_word' id='word_1_20' title='bbox 272 364 302 422; x_wconf 90' lang='grc' dir='ltr'>δὲ</span> <span class='ocrx_word' id='word_1_21' title='bbox 321 362 435 426; x_wconf 81' lang='grc' dir='ltr'>τούτους</span> <span class='ocrx_word' id='word_1_22' title='bbox 454 365 600 440; x_wconf 86' lang='grc' dir='ltr'>μετήῖσαν,</span> <span class='ocrx_word' id='word_1_23' title='bbox 622 364 757 444; x_wconf 81' lang='grc' dir='ltr'>ἐντούτῳ</span> <span class='ocrx_word' id='word_1_24' title='bbox 778 367 888 426; x_wconf 86' lang='grc' dir='ltr'>ἐκέλευε</span> 
     </span>
     <span class='ocr_line' id='line_1_5' title="bbox 89 448 888 530; baseline 0.01 -24"><span class='ocrx_word' id='word_1_25' title='bbox 89 450 135 508; x_wconf 88' lang='grc' dir='ltr'>ἐπὶ</span> <span class='ocrx_word' id='word_1_26' title='bbox 153 448 207 526; x_wconf 71' lang='grc' dir='ltr'>την</span> <span class='ocrx_word' id='word_1_27' title='bbox 226 450 398 530; x_wconf 83' lang='grc' dir='ltr'>Καρχηδόνα</span> <span class='ocrx_word' id='word_1_28' title='bbox 422 452 519 510; x_wconf 77' lang='grc' dir='ltr'>πλέειν</span> <span class='ocrx_word' id='word_1_29' title='bbox 538 451 588 512; x_wconf 82' lang='grc' dir='ltr'>τόν</span> <span class='ocrx_word' id='word_1_30' title='bbox 608 452 736 512; x_wconf 80' lang='grc' dir='ltr'>ναυτικόν</span> <span class='ocrx_word' id='word_1_31' title='bbox 756 452 888 530; x_wconf 87' lang='grc' dir='ltr'>στρατόν·</span> 
     </span>
     <span class='ocr_line' id='line_1_6' title="bbox 88 537 888 617; baseline 0.008 -22"><span class='ocrx_word' id='word_1_32' title='bbox 88 537 213 601; x_wconf 87' lang='grc' dir='ltr'>Φοίνικες</span> <span class='ocrx_word' id='word_1_33' title='bbox 225 537 255 596; x_wconf 86' lang='grc' dir='ltr'>δὲ</span> <span class='ocrx_word' id='word_1_34' title='bbox 269 537 320 597; x_wconf 80' lang='grc' dir='ltr'>οιίε</span> <span class='ocrx_word' id='word_1_35' title='bbox 333 540 444 614; x_wconf 80' lang='grc' dir='ltr'>ἔφασαν</span> <span class='ocrx_word' id='word_1_36' title='bbox 457 538 587 614; x_wconf 81' lang='grc' dir='ltr'>ποιήσειν</span> <span class='ocrx_word' id='word_1_37' title='bbox 604 543 702 599; x_wconf 79' lang='grc' dir='ltr'>ταῦτα·</span> <span class='ocrx_word' id='word_1_38' title='bbox 723 540 847 617; x_wconf 82' lang='grc' dir='ltr'>ὁρκίοισί</span> <span class='ocrx_word' id='word_1_39' title='bbox 856 566 888 602; x_wconf 85' lang='grc' dir='ltr'>τε</span> 
     </span>
     <span class='ocr_line' id='line_1_7' title="bbox 88 624 888 706; baseline 0.006 -24"><span class='ocrx_word' id='word_1_40' title='bbox 88 624 144 704; x_wconf 83' lang='grc' dir='ltr'>γάρ</span> <span class='ocrx_word' id='word_1_41' title='bbox 162 625 315 706; x_wconf 88' lang='grc' dir='ltr'>μεγάλοισι</span> <span class='ocrx_word' id='word_1_42' title='bbox 333 625 491 685; x_wconf 80' lang='grc' dir='ltr'>ἐνδεδέσθαι</span> <span class='ocrx_word' id='word_1_43' title='bbox 512 627 557 684; x_wconf 86' lang='grc' dir='ltr'>καὶ</span> <span class='ocrx_word' id='word_1_44' title='bbox 576 626 625 686; x_wconf 77' lang='grc' dir='ltr'>οὐκ</span> <span class='ocrx_word' id='word_1_45' title='bbox 644 624 681 686; x_wconf 76' lang='grc' dir='ltr'>ἂν</span> <span class='ocrx_word' id='word_1_46' title='bbox 697 630 801 686; x_wconf 82' lang='grc' dir='ltr'>ποιέειν</span> <span class='ocrx_word' id='word_1_47' title='bbox 820 627 888 687; x_wconf 86' lang='grc' dir='ltr'>ὅσια</span> 
     </span>
     <span class='ocr_line' id='line_1_8' title="bbox 88 712 888 790; baseline 0.008 -22"><span class='ocrx_word' id='word_1_48' title='bbox 88 712 135 770; x_wconf 84' lang='grc' dir='ltr'>ἐπὶ</span> <span class='ocrx_word' id='word_1_49' title='bbox 144 713 208 776; x_wconf 77' lang='grc' dir='ltr'>τούς</span> <span class='ocrx_word' id='word_1_50' title='bbox 216 715 317 777; x_wconf 80' lang='grc' dir='ltr'>παῖδας</span> <span class='ocrx_word' id='word_1_51' title='bbox 327 712 391 776; x_wconf 80' lang='grc' dir='ltr'>τούς</span> <span class='ocrx_word' id='word_1_52' title='bbox 401 717 505 773; x_wconf 81' lang='grc' dir='ltr'>ἑωυτῶν</span> <span class='ocrx_word' id='word_1_53' title='bbox 515 713 739 790; x_wconf 84' lang='grc' dir='ltr'>στρατευόμενοι·</span> <span class='ocrx_word' id='word_1_54' title='bbox 754 715 888 776; x_wconf 86' lang='grc' dir='ltr'>Φοινίκων</span> 
     </span>
     <span class='ocr_line' id='line_1_9' title="bbox 88 798 886 882; baseline 0.006 -25"><span class='ocrx_word' id='word_1_55' title='bbox 88 798 119 857; x_wconf 74' lang='grc' dir='ltr'>δὲ</span> <span class='ocrx_word' id='word_1_56' title='bbox 132 798 165 859; x_wconf 86' lang='grc' dir='ltr'>ού</span> <span class='ocrx_word' id='word_1_57' title='bbox 175 802 366 877; x_wconf 76' lang='grc' dir='ltr'>βουλομένων,</span> <span class='ocrx_word' id='word_1_58' title='bbox 378 805 405 860; x_wconf 86' lang='grc' dir='ltr'>οἱ</span> <span class='ocrx_word' id='word_1_59' title='bbox 418 802 514 860; x_wconf 82' lang='grc' dir='ltr'>λοιποὶ</span> <span class='ocrx_word' id='word_1_60' title='bbox 527 801 578 860; x_wconf 86' lang='grc' dir='ltr'>ούκ</span> <span class='ocrx_word' id='word_1_61' title='bbox 591 801 741 879; x_wconf 81' lang='grc' dir='ltr'>α’ξιόμαχοι</span> <span class='ocrx_word' id='word_1_62' title='bbox 754 801 886 882; x_wconf 88' lang='grc' dir='ltr'>ἐγίνοντο.</span> 
     </span>
     <span class='ocr_line' id='line_1_10' title="bbox 89 887 887 970; baseline 0.005 -26"><span class='ocrx_word' id='word_1_63' title='bbox 89 887 278 966; x_wconf 82' lang='grc' dir='ltr'>Καρχηδόνιοι</span> <span class='ocrx_word' id='word_1_64' title='bbox 304 890 356 961; x_wconf 89' lang='grc' dir='ltr'>μέν</span> <span class='ocrx_word' id='word_1_65' title='bbox 383 914 431 948; x_wconf 90' lang='grc' dir='ltr'>νυν</span> <span class='ocrx_word' id='word_1_66' title='bbox 456 888 526 948; x_wconf 76' lang='grc' dir='ltr'>ούτω</span> <span class='ocrx_word' id='word_1_67' title='bbox 554 889 728 964; x_wconf 82' lang='grc' dir='ltr'>δουλοσύνην</span> <span class='ocrx_word' id='word_1_68' title='bbox 755 890 887 970; x_wconf 83' lang='grc' dir='ltr'>διέφυγον</span> 
     </span>
     <span class='ocr_line' id='line_1_11' title="bbox 88 974 886 1058; baseline 0.006 -26"><span class='ocrx_word' id='word_1_69' title='bbox 88 974 159 1050; x_wconf 78' lang='grc' dir='ltr'>πρός</span> <span class='ocrx_word' id='word_1_70' title='bbox 178 977 322 1052; x_wconf 86' lang='grc' dir='ltr'>Περσέων·</span> <span class='ocrx_word' id='word_1_71' title='bbox 350 975 514 1051; x_wconf 80' lang='grc' dir='ltr'>Καμβύσης</span> <span class='ocrx_word' id='word_1_72' title='bbox 532 977 587 1058; x_wconf 82' lang='grc' dir='ltr'>γάρ</span> <span class='ocrx_word' id='word_1_73' title='bbox 607 978 676 1053; x_wconf 85' lang='grc' dir='ltr'>βίην</span> <span class='ocrx_word' id='word_1_74' title='bbox 696 977 746 1036; x_wconf 86' lang='grc' dir='ltr'>ούκ</span> <span class='ocrx_word' id='word_1_75' title='bbox 767 977 886 1036; x_wconf 82' lang='grc' dir='ltr'>ἐδικαίου</span> 
     </span>
     <span class='ocr_line' id='line_1_12' title="bbox 88 1062 886 1140; baseline 0.005 -21"><span class='ocrx_word' id='word_1_76' title='bbox 88 1064 261 1140; x_wconf 81' lang='grc' dir='ltr'>προσφέρειν</span> <span class='ocrx_word' id='word_1_77' title='bbox 274 1064 388 1133; x_wconf 79' lang='grc' dir='ltr'>Φοίνιξι,</span> <span class='ocrx_word' id='word_1_78' title='bbox 403 1062 446 1123; x_wconf 84' lang='grc' dir='ltr'>ὅτι</span> <span class='ocrx_word' id='word_1_79' title='bbox 459 1064 552 1139; x_wconf 89' lang='grc' dir='ltr'>σφέας</span> <span class='ocrx_word' id='word_1_80' title='bbox 563 1090 595 1123; x_wconf 92' lang='grc' dir='ltr'>τε</span> <span class='ocrx_word' id='word_1_81' title='bbox 608 1062 705 1127; x_wconf 82' lang='grc' dir='ltr'>αύτούς</span> <span class='ocrx_word' id='word_1_82' title='bbox 718 1064 886 1124; x_wconf 82' lang='grc' dir='ltr'>ἐδεδώκεσαν</span> 
     </span>
     <span class='ocr_line' id='line_1_13' title="bbox 88 1149 886 1228; baseline 0.006 -23"><span class='ocrx_word' id='word_1_83' title='bbox 88 1149 221 1228; x_wconf 80' lang='grc' dir='ltr'>Πέρσησι</span> <span class='ocrx_word' id='word_1_84' title='bbox 248 1151 294 1208; x_wconf 85' lang='grc' dir='ltr'>καὶ</span> <span class='ocrx_word' id='word_1_85' title='bbox 320 1154 375 1214; x_wconf 79' lang='grc' dir='ltr'>πᾶς</span> <span class='ocrx_word' id='word_1_86' title='bbox 399 1156 429 1209; x_wconf 87' lang='grc' dir='ltr'>ἐκ</span> <span class='ocrx_word' id='word_1_87' title='bbox 449 1152 581 1210; x_wconf 89' lang='grc' dir='ltr'>Φοινίκων</span> <span class='ocrx_word' id='word_1_88' title='bbox 600 1149 703 1226; x_wconf 82' lang='grc' dir='ltr'>ἤρτητο</span> <span class='ocrx_word' id='word_1_89' title='bbox 724 1150 740 1209; x_wconf 87' lang='grc' dir='ltr'>ό</span> <span class='ocrx_word' id='word_1_90' title='bbox 760 1151 886 1214; x_wconf 77' lang='grc' dir='ltr'>ναυτικάς</span> 
     </span>
     <span class='ocr_line' id='line_1_14' title="bbox 88 1237 887 1314; baseline 0.003 -20"><span class='ocrx_word' id='word_1_91' title='bbox 88 1237 218 1312; x_wconf 82' lang='grc' dir='ltr'>στρατός.</span> <span class='ocrx_word' id='word_1_92' title='bbox 259 1238 352 1301; x_wconf 88' lang='grc' dir='ltr'>δόντες</span> <span class='ocrx_word' id='word_1_93' title='bbox 382 1239 412 1297; x_wconf 82' lang='grc' dir='ltr'>δὲ</span> <span class='ocrx_word' id='word_1_94' title='bbox 441 1238 487 1296; x_wconf 86' lang='grc' dir='ltr'>καὶ</span> <span class='ocrx_word' id='word_1_95' title='bbox 517 1238 639 1314; x_wconf 91' lang='grc' dir='ltr'>Κύπριοι</span> <span class='ocrx_word' id='word_1_96' title='bbox 667 1238 760 1311; x_wconf 90' lang='grc' dir='ltr'>σφέας</span> <span class='ocrx_word' id='word_1_97' title='bbox 789 1237 887 1302; x_wconf 81' lang='grc' dir='ltr'>αύτούς</span> 
     </span>
     <span class='ocr_line' id='line_1_15' title="bbox 87 1324 933 1405; baseline 0.004 -22"><span class='ocrx_word' id='word_1_98' title='bbox 87 1326 220 1404; x_wconf 82' lang='grc' dir='ltr'>Πέρσησι</span> <span class='ocrx_word' id='word_1_99' title='bbox 253 1325 452 1402; x_wconf 89' lang='grc' dir='ltr'>ἐστρατεύοντο</span> <span class='ocrx_word' id='word_1_100' title='bbox 485 1324 526 1383; x_wconf 80' lang='grc' dir='ltr'>ἐπ’</span> <span class='ocrx_word' id='word_1_101' title='bbox 555 1327 707 1405; x_wconf 84' lang='grc' dir='ltr'>Αἴγυπτον.</span> <span class='ocrx_word' id='word_1_102' title='bbox 748 1324 829 1382; x_wconf 84' lang='grc' dir='ltr'>Ἐπεί</span> <span class='ocrx_word' id='word_1_103' title='bbox 855 1351 886 1384; x_wconf 89' lang='grc' dir='ltr'>τε</span> <span class='ocrx_word' id='word_1_104' title='bbox 895 1327 933 1386; x_wconf 80' lang='lat'>20</span> 
     </span>
     <span class='ocr_line' id='line_1_16' title="bbox 88 1410 884 1491; baseline 0.004 -22"><span class='ocrx_word' id='word_1_105' title='bbox 88 1411 118 1469; x_wconf 82' lang='grc' dir='ltr'>δὲ</span> <span class='ocrx_word' id='word_1_106' title='bbox 137 1417 175 1491; x_wconf 73' lang='grc' dir='ltr'>τῷ</span> <span class='ocrx_word' id='word_1_107' title='bbox 196 1413 343 1491; x_wconf 79' lang='grc' dir='ltr'>Καμβύση</span> <span class='ocrx_word' id='word_1_108' title='bbox 364 1418 394 1471; x_wconf 85' lang='grc' dir='ltr'>ἐκ</span> <span class='ocrx_word' id='word_1_109' title='bbox 413 1417 464 1487; x_wconf 81' lang='grc' dir='ltr'>τῆς</span> <span class='ocrx_word' id='word_1_110' title='bbox 483 1411 683 1490; x_wconf 81' lang='grc' dir='ltr'>Ἐλεφαντίνης</span> <span class='ocrx_word' id='word_1_111' title='bbox 703 1410 836 1470; x_wconf 86' lang='grc' dir='ltr'>άπίκοντο</span> <span class='ocrx_word' id='word_1_112' title='bbox 857 1415 884 1472; x_wconf 82' lang='grc' dir='ltr'>οἱ</span> 
     </span>
     <span class='ocr_line' id='line_1_17' title="bbox 87 1497 883 1582; baseline -0.003 -24"><span class='ocrx_word' id='word_1_113' title='bbox 87 1497 278 1582; x_wconf 80' lang='grc' dir='ltr'>Ἰχθυοφάγοι,</span> <span class='ocrx_word' id='word_1_114' title='bbox 293 1502 398 1576; x_wconf 77' lang='grc' dir='ltr'>ἔπεμπε</span> <span class='ocrx_word' id='word_1_115' title='bbox 414 1499 514 1562; x_wconf 75' lang='grc' dir='ltr'>αύτούς</span> <span class='ocrx_word' id='word_1_116' title='bbox 532 1505 559 1563; x_wconf 84' lang='grc' dir='ltr'>ἐς</span> <span class='ocrx_word' id='word_1_117' title='bbox 575 1499 640 1562; x_wconf 80' lang='grc' dir='ltr'>τούς</span> <span class='ocrx_word' id='word_1_118' title='bbox 653 1501 790 1562; x_wconf 80' lang='grc' dir='ltr'>Αἰθίοπας</span> <span class='ocrx_word' id='word_1_119' title='bbox 803 1506 883 1559; x_wconf 87' lang='grc' dir='ltr'>ἐντει-</span> 
     </span>
     <span class='ocr_line' id='line_1_18' title="bbox 86 1586 885 1667; baseline 0.003 -24"><span class='ocrx_word' id='word_1_120' title='bbox 86 1586 208 1661; x_wconf 87' lang='grc' dir='ltr'>λάμενος</span> <span class='ocrx_word' id='word_1_121' title='bbox 226 1589 262 1646; x_wconf 88' lang='grc' dir='ltr'>τοὶ</span> <span class='ocrx_word' id='word_1_122' title='bbox 280 1588 373 1667; x_wconf 87' lang='grc' dir='ltr'>λέγειν</span> <span class='ocrx_word' id='word_1_123' title='bbox 389 1587 454 1666; x_wconf 79' lang='grc' dir='ltr'>χρὴ,</span> <span class='ocrx_word' id='word_1_124' title='bbox 473 1588 519 1646; x_wconf 83' lang='grc' dir='ltr'>καὶ</span> <span class='ocrx_word' id='word_1_125' title='bbox 536 1588 611 1663; x_wconf 80' lang='grc' dir='ltr'>δῶρα</span> <span class='ocrx_word' id='word_1_126' title='bbox 629 1589 766 1663; x_wconf 90' lang='grc' dir='ltr'>φέροντας</span> <span class='ocrx_word' id='word_1_127' title='bbox 778 1587 885 1663; x_wconf 87' lang='grc' dir='ltr'>πορφύ-</span> 
     </span>
     <span class='ocr_line' id='line_1_19' title="bbox 86 1673 885 1754; baseline 0 -22"><span class='ocrx_word' id='word_1_128' title='bbox 86 1673 151 1749; x_wconf 92' lang='grc' dir='ltr'>ρεόν</span> <span class='ocrx_word' id='word_1_129' title='bbox 163 1701 194 1734; x_wconf 90' lang='grc' dir='ltr'>τε</span> <span class='ocrx_word' id='word_1_130' title='bbox 208 1676 272 1750; x_wconf 78' lang='grc' dir='ltr'>εἷμα</span> <span class='ocrx_word' id='word_1_131' title='bbox 285 1677 331 1733; x_wconf 89' lang='grc' dir='ltr'>καὶ</span> <span class='ocrx_word' id='word_1_132' title='bbox 343 1676 464 1754; x_wconf 91' lang='grc' dir='ltr'>χρύσεον</span> <span class='ocrx_word' id='word_1_133' title='bbox 477 1674 617 1751; x_wconf 83' lang='grc' dir='ltr'>στρεπτόν</span> <span class='ocrx_word' id='word_1_134' title='bbox 635 1675 826 1753; x_wconf 89' lang='grc' dir='ltr'>περιαυχένιον</span> <span class='ocrx_word' id='word_1_135' title='bbox 839 1674 885 1732; x_wconf 86' lang='grc' dir='ltr'>καὶ</span> 
     </span>
     <span class='ocr_line' id='line_1_20' title="bbox 87 1761 886 1839; baseline 0.001 -20"><span class='ocrx_word' id='word_1_136' title='bbox 87 1762 173 1836; x_wconf 85' lang='grc' dir='ltr'>ψέλια</span> <span class='ocrx_word' id='word_1_137' title='bbox 189 1764 235 1821; x_wconf 86' lang='grc' dir='ltr'>καὶ</span> <span class='ocrx_word' id='word_1_138' title='bbox 254 1762 343 1839; x_wconf 90' lang='grc' dir='ltr'>μύρου</span> <span class='ocrx_word' id='word_1_139' title='bbox 363 1762 550 1838; x_wconf 78' lang='grc' dir='ltr'>ἀλάβαστρον</span> <span class='ocrx_word' id='word_1_140' title='bbox 570 1762 616 1821; x_wconf 87' lang='grc' dir='ltr'>καὶ</span> <span class='ocrx_word' id='word_1_141' title='bbox 637 1762 793 1837; x_wconf 75' lang='grc' dir='ltr'>φοινικηίου</span> <span class='ocrx_word' id='word_1_142' title='bbox 810 1761 886 1821; x_wconf 85' lang='grc' dir='ltr'>οἴνου</span> 
     </span>
     <span class='ocr_line' id='line_1_21' title="bbox 87 1846 884 1924; baseline 0.004 -19"><span class='ocrx_word' id='word_1_143' title='bbox 87 1848 179 1908; x_wconf 87' lang='grc' dir='ltr'>κάδον.</span> <span class='ocrx_word' id='word_1_144' title='bbox 220 1853 248 1909; x_wconf 84' lang='grc' dir='ltr'>οἱ</span> <span class='ocrx_word' id='word_1_145' title='bbox 269 1850 298 1908; x_wconf 87' lang='grc' dir='ltr'>δὲ</span> <span class='ocrx_word' id='word_1_146' title='bbox 314 1851 446 1912; x_wconf 85' lang='grc' dir='ltr'>Αἰθίοπες</span> <span class='ocrx_word' id='word_1_147' title='bbox 465 1846 550 1918; x_wconf 83' lang='grc' dir='ltr'>οὗτοι,</span> <span class='ocrx_word' id='word_1_148' title='bbox 571 1854 598 1912; x_wconf 90' lang='grc' dir='ltr'>ἐς</span> <span class='ocrx_word' id='word_1_149' title='bbox 615 1848 680 1911; x_wconf 81' lang='grc' dir='ltr'>τούς</span> <span class='ocrx_word' id='word_1_150' title='bbox 701 1848 884 1924; x_wconf 85' lang='grc' dir='ltr'>άπέπεμπεό</span> 
     </span>
     <span class='ocr_line' id='line_1_22' title="bbox 87 1936 885 2017; baseline 0.005 -25"><span class='ocrx_word' id='word_1_151' title='bbox 87 1936 257 2012; x_wconf 88' lang='grc' dir='ltr'>Καμβύσης,</span> <span class='ocrx_word' id='word_1_152' title='bbox 278 1938 410 2016; x_wconf 86' lang='grc' dir='ltr'>λέγονται</span> <span class='ocrx_word' id='word_1_153' title='bbox 431 1936 500 1996; x_wconf 87' lang='grc' dir='ltr'>εἶναι</span> <span class='ocrx_word' id='word_1_154' title='bbox 517 1937 648 2017; x_wconf 89' lang='grc' dir='ltr'>μέγιστοι</span> <span class='ocrx_word' id='word_1_155' title='bbox 668 1937 714 1994; x_wconf 87' lang='grc' dir='ltr'>καὶ</span> <span class='ocrx_word' id='word_1_156' title='bbox 735 1936 885 1996; x_wconf 86' lang='grc' dir='ltr'>κάλλιστοι</span> 
     </span>
     <span class='ocr_line' id='line_1_23' title="bbox 87 2022 884 2102; baseline 0.001 -21"><span class='ocrx_word' id='word_1_157' title='bbox 87 2022 237 2100; x_wconf 75' lang='grc' dir='ltr'>ἀνθρώπων</span> <span class='ocrx_word' id='word_1_158' title='bbox 250 2024 368 2084; x_wconf 84' lang='grc' dir='ltr'>πάντων·</span> <span class='ocrx_word' id='word_1_159' title='bbox 388 2023 502 2100; x_wconf 90' lang='grc' dir='ltr'>νόμοισι</span> <span class='ocrx_word' id='word_1_160' title='bbox 519 2024 550 2082; x_wconf 84' lang='grc' dir='ltr'>δὲ</span> <span class='ocrx_word' id='word_1_161' title='bbox 570 2025 616 2082; x_wconf 86' lang='grc' dir='ltr'>καὶ</span> <span class='ocrx_word' id='word_1_162' title='bbox 629 2022 745 2082; x_wconf 74' lang='grc' dir='ltr'>ἄλλοισι</span> <span class='ocrx_word' id='word_1_163' title='bbox 758 2025 884 2102; x_wconf 81' lang='grc' dir='ltr'>χρᾶσθαι</span> 
     </span>
     <span class='ocr_line' id='line_1_24' title="bbox 87 2109 883 2191; baseline 0 -23"><span class='ocrx_word' id='word_1_164' title='bbox 87 2110 186 2175; x_wconf 86' lang='grc' dir='ltr'>αύτούς</span> <span class='ocrx_word' id='word_1_165' title='bbox 201 2119 275 2188; x_wconf 91' lang='grc' dir='ltr'>φασι</span> <span class='ocrx_word' id='word_1_166' title='bbox 296 2112 527 2191; x_wconf 86' lang='grc' dir='ltr'>κεχωρισμένοισι</span> <span class='ocrx_word' id='word_1_167' title='bbox 543 2115 599 2170; x_wconf 84' lang='grc' dir='ltr'>τῶν</span> <span class='ocrx_word' id='word_1_168' title='bbox 616 2109 712 2169; x_wconf 79' lang='grc' dir='ltr'>ἄλλων</span> <span class='ocrx_word' id='word_1_169' title='bbox 725 2110 883 2187; x_wconf 78' lang='grc' dir='ltr'>ἀνθρώπων,</span> 
     </span>
     <span class='ocr_line' id='line_1_25' title="bbox 87 2195 886 2276; baseline 0.001 -21"><span class='ocrx_word' id='word_1_170' title='bbox 87 2199 134 2256; x_wconf 90' lang='grc' dir='ltr'>καὶ</span> <span class='ocrx_word' id='word_1_171' title='bbox 147 2198 181 2274; x_wconf 79' lang='grc' dir='ltr'>δη</span> <span class='ocrx_word' id='word_1_172' title='bbox 198 2201 245 2258; x_wconf 84' lang='grc' dir='ltr'>καὶ</span> <span class='ocrx_word' id='word_1_173' title='bbox 263 2198 335 2258; x_wconf 79' lang='grc' dir='ltr'>κατά</span> <span class='ocrx_word' id='word_1_174' title='bbox 354 2198 406 2275; x_wconf 75' lang='grc' dir='ltr'>τήν</span> <span class='ocrx_word' id='word_1_175' title='bbox 425 2199 582 2274; x_wconf 73' lang='grc' dir='ltr'>βασιληίην</span> <span class='ocrx_word' id='word_1_176' title='bbox 597 2198 702 2276; x_wconf 80' lang='grc' dir='ltr'>τοιῷδε·</span> <span class='ocrx_word' id='word_1_177' title='bbox 722 2198 772 2256; x_wconf 84' lang='grc' dir='ltr'>τόν</span> <span class='ocrx_word' id='word_1_178' title='bbox 785 2195 818 2257; x_wconf 80' lang='grc' dir='ltr'>ἂν</span> <span class='ocrx_word' id='word_1_179' title='bbox 830 2202 886 2256; x_wconf 81' lang='grc' dir='ltr'>τῶν</span> 
     </span>
     <span class='ocr_line' id='line_1_26' title="bbox 87 2284 884 2367; baseline 0.005 -25"><span class='ocrx_word' id='word_1_180' title='bbox 87 2285 180 2345; x_wconf 79' lang='grc' dir='ltr'>οἰστῶν</span> <span class='ocrx_word' id='word_1_181' title='bbox 189 2289 302 2363; x_wconf 88' lang='grc' dir='ltr'>κρίνωσι</span> <span class='ocrx_word' id='word_1_182' title='bbox 311 2286 446 2367; x_wconf 87' lang='grc' dir='ltr'>μέγιστόν</span> <span class='ocrx_word' id='word_1_183' title='bbox 456 2312 487 2344; x_wconf 92' lang='grc' dir='ltr'>τε</span> <span class='ocrx_word' id='word_1_184' title='bbox 500 2286 569 2344; x_wconf 89' lang='grc' dir='ltr'>εἶναι</span> <span class='ocrx_word' id='word_1_185' title='bbox 579 2286 624 2342; x_wconf 82' lang='grc' dir='ltr'>καὶ</span> <span class='ocrx_word' id='word_1_186' title='bbox 638 2284 708 2343; x_wconf 78' lang='grc' dir='ltr'>κατά</span> <span class='ocrx_word' id='word_1_187' title='bbox 718 2284 750 2344; x_wconf 83' lang='grc' dir='ltr'>τό</span> <span class='ocrx_word' id='word_1_188' title='bbox 761 2285 884 2364; x_wconf 81' lang='grc' dir='ltr'>μέγαθος</span> 
     </span>
     <span class='ocr_line' id='line_1_27' title="bbox 88 2371 750 2453; baseline -0.002 -23"><span class='ocrx_word' id='word_1_189' title='bbox 88 2374 160 2452; x_wconf 83' lang='grc' dir='ltr'>ἔχειν</span> <span class='ocrx_word' id='word_1_190' title='bbox 172 2374 223 2450; x_wconf 75' lang='grc' dir='ltr'>τήν</span> <span class='ocrx_word' id='word_1_191' title='bbox 238 2374 328 2453; x_wconf 82' lang='grc' dir='ltr'>ἰσχύν,</span> <span class='ocrx_word' id='word_1_192' title='bbox 341 2378 441 2433; x_wconf 81' lang='grc' dir='ltr'>τοῦτον</span> <span class='ocrx_word' id='word_1_193' title='bbox 454 2373 564 2442; x_wconf 83' lang='grc' dir='ltr'>α’ξιοῦσι</span> <span class='ocrx_word' id='word_1_194' title='bbox 576 2371 750 2448; x_wconf 88' lang='grc' dir='ltr'>βασιλεύειν.</span> 
     </span>
    </p>

    <p class='ocr_par' dir='ltr' id='par_1_2' title="bbox 86 2458 928 3236">
     <span class='ocr_line' id='line_1_28' title="bbox 126 2458 928 2536; baseline -0.002 -16"><span class='ocrx_word' id='word_1_195' title='bbox 126 2460 173 2525; x_wconf 84' lang='grc' dir='ltr'>Ἐς</span> <span class='ocrx_word' id='word_1_196' title='bbox 199 2461 312 2523; x_wconf 88' lang='grc' dir='ltr'>τούτους</span> <span class='ocrx_word' id='word_1_197' title='bbox 333 2461 366 2536; x_wconf 72' lang='grc' dir='ltr'>δὴ</span> <span class='ocrx_word' id='word_1_198' title='bbox 388 2461 425 2520; x_wconf 79' lang='grc' dir='ltr'>ὧν</span> <span class='ocrx_word' id='word_1_199' title='bbox 444 2460 509 2522; x_wconf 80' lang='grc' dir='ltr'>τούς</span> <span class='ocrx_word' id='word_1_200' title='bbox 528 2459 628 2536; x_wconf 73' lang='grc' dir='ltr'>ἄνδρας</span> <span class='ocrx_word' id='word_1_201' title='bbox 648 2458 685 2521; x_wconf 78' lang='grc' dir='ltr'>ὦς</span> <span class='ocrx_word' id='word_1_202' title='bbox 704 2458 837 2518; x_wconf 88' lang='grc' dir='ltr'>άπίκοντο</span> <span class='ocrx_word' id='word_1_203' title='bbox 857 2459 928 2518; x_wconf 76' lang='grc' dir='ltr'>οἱ21</span> 
     </span>
     <span class='ocr_line' id='line_1_29' title="bbox 86 2545 884 2628; baseline -0.004 -22"><span class='ocrx_word' id='word_1_204' title='bbox 86 2545 278 2628; x_wconf 86' lang='grc' dir='ltr'>Ἰχθυοφάγοι,</span> <span class='ocrx_word' id='word_1_205' title='bbox 300 2548 420 2610; x_wconf 88' lang='grc' dir='ltr'>διδόντες</span> <span class='ocrx_word' id='word_1_206' title='bbox 438 2547 475 2606; x_wconf 79' lang='grc' dir='ltr'>τά</span> <span class='ocrx_word' id='word_1_207' title='bbox 495 2548 568 2623; x_wconf 80' lang='grc' dir='ltr'>δῶρα</span> <span class='ocrx_word' id='word_1_208' title='bbox 588 2551 626 2624; x_wconf 79' lang='grc' dir='ltr'>τῷ</span> <span class='ocrx_word' id='word_1_209' title='bbox 644 2547 767 2620; x_wconf 81' lang='grc' dir='ltr'>βασιλέϊ</span> <span class='ocrx_word' id='word_1_210' title='bbox 787 2545 884 2613; x_wconf 73' lang='grc' dir='ltr'>αὐτῶν,</span> 
     </span>
     <span class='ocr_line' id='line_1_30' title="bbox 87 2632 883 2715; baseline -0.003 -22"><span class='ocrx_word' id='word_1_211' title='bbox 87 2637 185 2715; x_wconf 77' lang='grc' dir='ltr'>ἔλεγον</span> <span class='ocrx_word' id='word_1_212' title='bbox 207 2637 281 2696; x_wconf 88' lang='grc' dir='ltr'>τάδε·</span> <span class='ocrx_word' id='word_1_213' title='bbox 316 2647 334 2671; x_wconf 89' lang='grc'><strong>“</strong></span> <span class='ocrx_word' id='word_1_214' title='bbox 343 2635 482 2698; x_wconf 85' lang='grc' dir='ltr'>Βασιλεύς</span> <span class='ocrx_word' id='word_1_215' title='bbox 509 2634 525 2693; x_wconf 82' lang='lat'>0‘</span> <span class='ocrx_word' id='word_1_216' title='bbox 552 2634 685 2710; x_wconf 88' lang='grc' dir='ltr'>Περσέων</span> <span class='ocrx_word' id='word_1_217' title='bbox 713 2632 883 2709; x_wconf 89' lang='grc' dir='ltr'>Καμβύσης,</span> 
     </span>
     <span class='ocr_line' id='line_1_31' title="bbox 86 2719 884 2801; baseline -0.005 -20"><span class='ocrx_word' id='word_1_218' title='bbox 86 2724 260 2800; x_wconf 89' lang='grc' dir='ltr'>βουλόμενος</span> <span class='ocrx_word' id='word_1_219' title='bbox 273 2724 360 2798; x_wconf 86' lang='grc' dir='ltr'>φίλος</span> <span class='ocrx_word' id='word_1_220' title='bbox 372 2748 416 2782; x_wconf 92' lang='grc' dir='ltr'>τοι</span> <span class='ocrx_word' id='word_1_221' title='bbox 431 2722 477 2781; x_wconf 86' lang='grc' dir='ltr'>καὶ</span> <span class='ocrx_word' id='word_1_222' title='bbox 496 2721 583 2789; x_wconf 80' lang='grc' dir='ltr'>ξεῖνος</span> <span class='ocrx_word' id='word_1_223' title='bbox 599 2721 740 2801; x_wconf 88' lang='grc' dir='ltr'>γενέσθαι,</span> <span class='ocrx_word' id='word_1_224' title='bbox 753 2719 841 2795; x_wconf 75' lang='grc' dir='ltr'>ἡμέας</span> <span class='ocrx_word' id='word_1_225' title='bbox 853 2743 884 2778; x_wconf 84' lang='grc' dir='ltr'>τε</span> 
     </span>
     <span class='ocr_line' id='line_1_32' title="bbox 86 2806 884 2890; baseline -0.008 -20"><span class='ocrx_word' id='word_1_226' title='bbox 86 2809 235 2889; x_wconf 75' lang='grc' dir='ltr'>ἀπέπεμψε</span> <span class='ocrx_word' id='word_1_227' title='bbox 256 2815 283 2873; x_wconf 87' lang='grc' dir='ltr'>ἐς</span> <span class='ocrx_word' id='word_1_228' title='bbox 303 2810 405 2890; x_wconf 90' lang='grc' dir='ltr'>λόγους</span> <span class='ocrx_word' id='word_1_229' title='bbox 424 2834 469 2869; x_wconf 87' lang='grc' dir='ltr'>τοι</span> <span class='ocrx_word' id='word_1_230' title='bbox 489 2809 581 2867; x_wconf 84' lang='grc' dir='ltr'>ἐλθεῖν</span> <span class='ocrx_word' id='word_1_231' title='bbox 601 2807 726 2876; x_wconf 89' lang='grc' dir='ltr'>κελεύων,</span> <span class='ocrx_word' id='word_1_232' title='bbox 747 2808 792 2864; x_wconf 88' lang='grc' dir='ltr'>καὶ</span> <span class='ocrx_word' id='word_1_233' title='bbox 810 2806 884 2882; x_wconf 86' lang='grc' dir='ltr'>δῶρα</span> 
     </span>
     <span class='ocr_line' id='line_1_33' title="bbox 86 2892 886 2970; baseline -0.008 -12"><span class='ocrx_word' id='word_1_234' title='bbox 86 2898 175 2958; x_wconf 81' lang='grc' dir='ltr'>ταῦτά</span> <span class='ocrx_word' id='word_1_235' title='bbox 199 2924 244 2957; x_wconf 94' lang='grc' dir='ltr'>τοι</span> <span class='ocrx_word' id='word_1_236' title='bbox 270 2897 342 2956; x_wconf 83' lang='grc' dir='ltr'>διδοῖ</span> <span class='ocrx_word' id='word_1_237' title='bbox 362 2901 439 2956; x_wconf 84' lang='grc' dir='ltr'>τοῖσι</span> <span class='ocrx_word' id='word_1_238' title='bbox 463 2896 508 2954; x_wconf 86' lang='grc' dir='ltr'>καὶ</span> <span class='ocrx_word' id='word_1_239' title='bbox 535 2894 619 2956; x_wconf 83' lang='grc' dir='ltr'>αύτός</span> <span class='ocrx_word' id='word_1_240' title='bbox 641 2895 769 2970; x_wconf 89' lang='grc' dir='ltr'>μάλιστα</span> <span class='ocrx_word' id='word_1_241' title='bbox 791 2892 886 2968; x_wconf 83' lang='grc' dir='ltr'>ἥδεται</span> 
     </span>
     <span class='ocr_line' id='line_1_34' title="bbox 86 2981 885 3064; baseline -0.006 -21"><span class='ocrx_word' id='word_1_242' title='bbox 86 2983 266 3064; x_wconf 81' lang='grc' dir='ltr'>χρεωμενος.”</span> <span class='ocrx_word' id='word_1_243' title='bbox 306 2984 322 3043; x_wconf 84' lang='grc' dir='ltr'>ό</span> <span class='ocrx_word' id='word_1_244' title='bbox 352 2985 382 3043; x_wconf 85' lang='grc' dir='ltr'>δὲ</span> <span class='ocrx_word' id='word_1_245' title='bbox 413 2984 519 3060; x_wconf 83' lang='grc' dir='ltr'>Αἰθίοψ</span> <span class='ocrx_word' id='word_1_246' title='bbox 548 2981 645 3058; x_wconf 72' lang='grc' dir='ltr'>μαθων</span> <span class='ocrx_word' id='word_1_247' title='bbox 675 2982 718 3042; x_wconf 85' lang='grc' dir='ltr'>ότι</span> <span class='ocrx_word' id='word_1_248' title='bbox 750 2981 885 3040; x_wconf 88' lang='grc' dir='ltr'>κατόπται</span> 
     </span>
     <span class='ocr_line' id='line_1_35' title="bbox 86 3067 886 3153; baseline -0.003 -25"><span class='ocrx_word' id='word_1_249' title='bbox 86 3072 188 3146; x_wconf 79' lang='grc' dir='ltr'>ἥκοιεν,</span> <span class='ocrx_word' id='word_1_250' title='bbox 200 3073 278 3153; x_wconf 89' lang='grc' dir='ltr'>λέγει</span> <span class='ocrx_word' id='word_1_251' title='bbox 290 3071 361 3148; x_wconf 82' lang='grc' dir='ltr'>πρός</span> <span class='ocrx_word' id='word_1_252' title='bbox 378 3070 478 3133; x_wconf 79' lang='grc' dir='ltr'>αὐτούς</span> <span class='ocrx_word' id='word_1_253' title='bbox 494 3069 596 3129; x_wconf 87' lang='grc' dir='ltr'>τοιάδε·</span> <span class='ocrx_word' id='word_1_254' title='bbox 618 3067 708 3128; x_wconf 57' lang='lat' dir='ltr'>“ofin</span> <span class='ocrx_word' id='word_1_255' title='bbox 721 3068 737 3129; x_wconf 82' lang='grc' dir='ltr'>ὁ</span> <span class='ocrx_word' id='word_1_256' title='bbox 752 3068 886 3145; x_wconf 85' lang='grc' dir='ltr'>Περσέων</span> 
     </span>
     <span class='ocr_line' id='line_1_36' title="bbox 86 3155 910 3236; baseline -0.013 -19"><span class='ocrx_word' id='word_1_257' title='bbox 86 3158 226 3236; x_wconf 83' lang='grc' dir='ltr'>βασιλεύς</span> <span class='ocrx_word' id='word_1_258' title='bbox 246 3159 320 3234; x_wconf 80' lang='grc' dir='ltr'>δῶρα</span> <span class='ocrx_word' id='word_1_259' title='bbox 342 3157 429 3235; x_wconf 84' lang='grc' dir='ltr'>ύμέας</span> <span class='ocrx_word' id='word_1_260' title='bbox 457 3158 568 3236; x_wconf 84' lang='grc' dir='ltr'>’έπεμψε</span> <span class='ocrx_word' id='word_1_261' title='bbox 594 3157 739 3234; x_wconf 76' lang='grc' dir='ltr'>φέροντας</span> <span class='ocrx_word' id='word_1_262' title='bbox 757 3155 910 3229; x_wconf 54' lang='grc' dir='ltr'>προτιμῶν</span> 
     </span>
    </p>
   </div>
   <div class='ocr_carea' id='block_1_2' title="bbox 79 3234 944 3368">
    <p class='ocr_par' dir='ltr' id='par_1_3' title="bbox 79 3234 944 3368">
     <span class='ocr_line' id='line_1_37' title="bbox 79 3234 944 3368; baseline -0.001 -63"><span class='ocrx_word' id='word_1_263' title='bbox 79 3250 192 3368; x_wconf 56' lang='grc' dir='ltr'>πολλγγΰ</span> <span class='ocrx_word' id='word_1_264' title='bbox 217 3247 280 3323; x_wconf 82' lang='grc' dir='ltr'>ἐμοὶ</span> <span class='ocrx_word' id='word_1_265' title='bbox 309 3248 402 3319; x_wconf 81' lang='grc' dir='ltr'>ξεῖνος</span> <span class='ocrx_word' id='word_1_266' title='bbox 430 3248 586 3324; x_wconf 81' lang='grc' dir='ltr'>γενέσθαι,</span> <span class='ocrx_word' id='word_1_267' title='bbox 616 3244 687 3309; x_wconf 72' lang='grc' dir='ltr'>οἶιτε</span> <span class='ocrx_word' id='word_1_268' title='bbox 712 3241 804 3320; x_wconf 58' lang='grc' dir='ltr'>υμᾶς</span> <span class='ocrx_word' id='word_1_269' title='bbox 823 3234 944 3300; x_wconf 48' lang='grc' dir='ltr'>δ’ὒλω</span> 
     </span>
    </p>
   </div>
   <div class='ocr_carea' id='block_1_3' title="bbox 0 0 1024 3464">
    <p class='ocr_par' dir='ltr' id='par_1_4' title="bbox 0 0 1024 3464">
     <span class='ocr_line' id='line_1_38' title="bbox 0 0 1024 3464; baseline 0 0"><span class='ocrx_word' id='word_1_270' title='bbox 0 0 1024 3464; x_wconf 95' lang='lat' dir='ltr'> </span> 
     </span>
    </p>
   </div>
  </div>
 </body>
</html>
