2040 3464
109 118 139 160 τι
413 112 592 160 Ἧνοιουον
869 108 901 173 [1.

108 196 202 269 Κῦρος
214 191 390 268 παραλαβὼν
402 190 553 270 τδνλαγδν
566 191 710 268 ἀνέσχισε·
731 187 816 267 εύρῶν
832 189 862 248 δὲ
878 194 907 248 έν

109 279 181 357 αύτῷ
205 278 238 339 τδ
263 280 384 354 βιβλίον
410 278 484 338 ἐνεδν
509 278 609 354 λαβιδν
633 278 790 358 ἐπελέγετο·
816 275 852 335 τά
878 277 907 336 δὲ

109 366 260 448 γράμματα
281 367 360 446 ἔλεγε
379 365 454 425 τάδε·
476 365 523 424 “ὦ
538 370 591 424 παῖ
610 365 783 441 Καμβύσεω,
802 367 836 424 σέ
852 364 907 445 γάρ

110 457 168 515 θεοὶ
190 455 334 531 ε’πορέωσι·
356 453 388 512 ού
407 453 462 533 γάρ
483 452 516 513 άν
537 479 601 513 κοτε
622 459 648 515 ἐς
667 457 803 512 τοσοῦτον
822 451 908 530 τύχης

109 541 217 602 ἀπίκευ·
238 542 275 602 σι)
290 547 339 601 νῦν
350 541 509 623 Ἀστυάγεα
521 541 570 600 τδν
583 545 704 601 σεωυτοῦ
720 541 808 616 φονέα
820 542 907 600 τίσαι·

110 630 181 690 κατὰ
192 633 244 708 μὲν
258 629 313 710 γάρ
326 629 378 705 τήν
393 629 492 689 τούτου
508 630 666 706 προθυμίην
678 629 819 705 τέθνηκας,
832 628 864 688 τδ
879 629 909 688 δὲ

110 719 180 779 κατά
204 718 282 781 θεούς
303 744 334 778 τε
358 718 404 777 καὶ
425 721 474 794 ἐμὲ
495 719 607 795 περίεις·
633 715 669 777 τά
692 742 727 776 σε
750 718 796 774 καὶ
818 717 909 776 πάλαι

110 807 195 866 δοκέω
214 807 306 867 πάντα
326 807 552 883 ἐκμεμαθηκέναι,
571 806 622 865 σέο
640 831 671 864 τε
689 803 773 863 αὐτοῦ
790 805 855 882 πέρι
874 804 910 866 οἷς

111 894 237 973 ἐπρήχθη
257 896 303 953 καὶ
320 896 367 953 οἶα
385 892 439 974 ε’γῶ
455 893 509 953 ὑπδ
524 892 695 973 Ἀστυάγεος
712 894 848 962 πέπονθα,
867 891 910 952 ὅτι

112 1008 147 1042 σε
160 983 209 1041 οὐκ
223 981 368 1041 οἷπέκτεινα
381 981 458 1040 οἷλλαὶ
472 981 558 1040 έδωκα
573 986 611 1060 τῷ
626 980 767 1060 βουκόλῳ.
809 981 846 1040 σύ
862 985 910 1040 νῦν

110 1069 145 1145 ἢν
160 1069 254 1149 βούλῃ
272 1071 334 1146 ἐμοὶ
351 1071 507 1139 πείθεσθαι,
523 1073 632 1144 τῆσπερ
652 1067 810 1149 Ἀστυάγης
830 1067 911 1147 ἄρχει

111 1155 536 1236 χάρηςταύτηςάπάσηςάρξεις.
570 1158 686 1233 Πέρσας
694 1157 748 1237 γὰρ
758 1156 911 1220 ἀναπείσας

111 1245 287 1306 α’πίστασθαι
299 1244 490 1322 στρατηλάτεε
506 1245 552 1302 ἐπὶ
565 1244 688 1319 Μήδους·
705 1246 751 1303 καὶ
766 1244 801 1320 ἤν
812 1270 844 1304 τε
857 1241 911 1327 ε’γῶ

111 1332 165 1394 ύπδ
174 1332 344 1415 ’λστυάγεος
357 1333 504 1411 άποδεχθῶ
517 1332 674 1413 στρατηγὸς
687 1332 766 1392 οἷντία
779 1358 839 1404 σευ,
851 1334 911 1394 ἔστι

111 1448 156 1481 τοι
175 1423 211 1482 τά
231 1422 268 1482 σύ
288 1421 416 1498 βούλεαι,
437 1419 473 1496 ἧν
492 1446 524 1480 τε
544 1424 598 1479 τῶν
617 1446 660 1482 τις
681 1421 799 1498 δοκίμων
822 1419 911 1485 ἄλλος

113 1509 226 1586 Μήδων·
248 1515 353 1587 πρῶτοι
373 1509 428 1590 γάρ
450 1506 526 1567 οὗτοι
546 1507 719 1571 α’ποστάντες
740 1507 787 1566 οἵτ’
808 1511 912 1569 ἐκείνου

113 1600 159 1657 καὶ
171 1597 315 1680 γενόμενοι
327 1596 397 1675 πρδς
409 1597 469 1667 σέο,
478 1596 637 1677 Ἀστυάγεα
650 1598 803 1673 καταιρέειν
817 1598 912 1674 πειρή-

113 1713 220 1746 σονται·
243 1686 278 1749 οἷς
299 1685 335 1745 ὧν
356 1686 466 1761 ἑτοίμου
485 1690 535 1744 τοῦ
554 1711 589 1766 γε
608 1684 703 1744 ε’νθάδε
724 1684 816 1748 ἐόντος
835 1688 912 1747 ποίεε

112 1779 208 1845 ταῦτα,
222 1775 268 1832 καὶ
279 1775 356 1833 ποίεε
369 1772 439 1831 κατά
451 1772 561 1851 τάχος.”

70 1866 123 1920 l&
153 1861 291 1924 Ἀκούσας
307 1865 395 1920 ταῦτα
415 1861 430 1920 ὁ
451 1867 552 1938 Κῦρος,
573 1861 716 1938 ἐφρόντιζε
736 1860 803 1940 ὅτεῳ
819 1863 913 1943 τρόπῳ

114 1949 268 2028 σοφωτάτῳ
282 1951 397 2027 Πέρσας
409 1948 746 2009 οἷναπείσειάπίστασθαι·
760 1953 914 2026 φροντίζων

114 2038 144 2097 δὲ
158 2037 313 2115 εὑρίσκεται
325 2042 412 2096 ταῦτα
426 2036 592 2113 καιριώτατα
603 2037 680 2096 εἶναι·
696 2039 785 2096 ε’ποίεε
798 2039 827 2097 δὲ
838 2039 912 2098 τάδε·

112 2125 225 2207 γράψας
238 2130 265 2188 ἐς
277 2127 397 2201 βιβλίον
409 2124 444 2184 τά
457 2125 602 2201 ἐβούλετο,
616 2125 699 2200 άλίην
711 2131 766 2186 τῶν
779 2130 914 2203 Περσέων

115 2213 277 2289 ε’ποιήσατο·
297 2213 369 2290 μετὰ
384 2214 422 2284 δὲ,
439 2212 594 2282 ἀναπτύξας
608 2213 642 2272 τά
657 2215 778 2290 βιβλίον
794 2218 840 2274 καὶ
857 2221 913 2275 ε’πι·

114 2301 272 2382 λεγόμενος,
292 2304 346 2378 ἔφη
363 2300 522 2380 Ἀστυάγεά
539 2327 588 2377 μιν
603 2301 762 2384 στρατηγδν
781 2306 914 2380 Περσέων

115 2389 313 2460 ἀποδεικνύναι,
338 2399 355 2424 “
364 2394 412 2449 νῦν
437 2388 492 2459 τε,”
516 2391 571 2465 ἔφη
597 2390 695 2469 λέγων,
718 2389 766 2448 “οἰ
793 2392 914 2469 Πέρσαι,

115 2477 293 2560 προαγορεύω
303 2479 368 2554 ὑμῖν
378 2481 505 2555 παρεῖναι
516 2478 633 2536 ἕκαστον
644 2479 743 2554 ἔχοντα
754 2479 915 2554 δρέπανον.”

117 2570 277 2644 Κῦροςμὲν
292 2572 380 2626 ταῦτα
394 2565 596 2646 προηγόρευσε.
638 2565 712 2644 (ἔστι
731 2567 761 2624 δὲ
781 2570 915 2645 Περσέων

117 2655 209 2733 συχνοὶ
228 2656 318 2734 γένεα·
340 2655 386 2712 καὶ
401 2654 436 2712 τοὶ
451 2657 503 2729 μὲν
523 2653 612 2712 αὐτῶν
629 2653 644 2712 ὁ
664 2658 757 2730 Κῦρος
778 2656 915 2718 συνάλισε

117 2745 163 2802 καὶ
176 2743 305 2802 οἷνέπεισε
321 2741 497 2801 ἀπίστασθαι
514 2741 569 2801 οἷπό
587 2741 700 2816 Μήδων·
719 2744 779 2801 ἔστι
797 2744 826 2802 δὲ
840 2744 915 2816 τάδε,

117 2833 148 2900 ἐξ
164 2829 200 2890 ὧν
217 2829 305 2890 ὧλλοι
321 2830 422 2893 πάντες
434 2829 565 2907 ἀρτέαται
578 2829 700 2906 Πέρσαι·
717 2833 915 2912 Πασαργάδαι,

117 2919 273 2996 Μαράφιοι,
295 2918 434 2977 Μάσπιοι·
475 2918 579 2977 τούτων
600 2919 789 2999 Πασαργάδαι
810 2922 865 2980 εἶσὶ
886 2922 915 2981 ἂι

117 3026 217 3076 ριστοι·
233 3005 261 3059 ἐν
275 3005 351 3059 τοῖσι
368 3001 414 3057 καὶ
425 2998 617 3077 Ἀχαιμενίδαι
633 3003 688 3058 εἰσὶ
705 3001 825 3077 φρήτρη,
840 3005 915 3062 ἔνθεν

117 3092 144 3147 οἶ
155 3087 296 3163 βασιλέες
313 3090 339 3146 οἱ
352 3088 505 3163 Περσεῖδαι
516 3086 661 3167 γεγόνασι.
701 3088 787 3147 ἄλλοι
801 3090 829 3148 δὲ
844 3092 915 3167 Πέρ-

100 3198 154 3230 σαι
168 3175 228 3232 εἰσὶ
237 3176 306 3234 οἵδε·
343 3177 547 3248 Πανθιαλαῖοι,
559 3179 916 3254 ΔηρουσιαίοιΧερμάνιου

109 3254 124 3276 ⁹
212 3263 220 3283 “
288 3262 298 3282 ’
389 3264 397 3284 ‘
457 3264 506 3288 ΑΙ
555 3269 563 3290 ς
638 3269 646 3289 ε
680 3269 690 3289 x
710 3265 721 3286 ιι
869 3265 874 3283 ι

83 3280 240 3332 θ”Τθιμεν
251 3289 360 3329 παντες
376 3293 522 3347 αροτηρες
539 3292 608 3340 εισι,
622 3293 652 3327 οι
664 3267 696 3326 δε
708 3269 798 3325 ολλοι
807 3265 935 3338 νομαδες·
