2040 3464
84 96 194 160 ομιτ]
422 99 554 147 υκιιιιικ.
698 77 700 80 ’
837 99 885 149 υιι

83 175 176 250 ραννὶς
195 179 292 254 χρῆμα
314 176 473 251 σφαλερόν·
492 176 598 235 πολλοὶ
619 176 649 235 δὲ
665 174 750 251 αὐτῆς
769 174 886 252 ἐρασταί

83 263 178 332 εἷσι,ἀ
199 263 228 321 δὲ
246 263 333 343 γέρων
346 289 376 320 τε
393 263 446 338 ἤδη
467 264 512 321 καὶ
526 263 705 340 παρηβηκός·
726 261 766 339 μη
784 263 835 340 δῷς
849 261 885 322 τά

82 354 207 410 σεωυτοῦ
221 350 314 431 ἀγαθά
329 349 472 410 ἀλλοισι·”
491 351 510 426 ἦ
523 354 575 427 μὲν
588 351 621 426 δή
636 351 672 410 τά
685 349 885 431 ἐπαγωγότατα

82 438 248 517 διδαχθεῖσα
268 437 323 496 όπά
344 444 393 497 τοῦ
413 439 519 514 πατρός
536 441 615 518 ἔλεγε
631 438 702 515 πρός
715 438 806 506 αὐτόν,
821 437 836 495 ὁ
856 437 886 496 δὲ

786 522 867 547 κ”λ

81 525 300 603 ἀποκρινάμενος
314 527 368 601 ἔφη
383 526 491 601 οὐδαμοὶ
504 525 579 601 ἥξειν
594 532 620 589 ἐς
634 526 773 602 Κόρινθον
783 551 834 584 εστ
851 551 885 584 αν

81 613 255 688 πυνθάνηται
268 613 414 691 περιεόντα
427 614 476 673 τόν
489 616 606 690 πατέρα·
628 612 840 694 ἀπαγγειλάσης
855 614 884 671 δὲ

80 699 183 776 ταύτης
200 704 289 760 ταῦτα
307 699 339 760 τό
358 701 452 777 τρίτον
470 701 640 778 Περίανδρος
654 701 758 776 κη’ρυκα
771 701 884 776 πέμπει,

80 787 259 864 βουλόμενος
275 787 358 851 αότάς
370 791 423 864 μὲν
437 793 464 850 ἐς
478 790 623 865 Κέρκυραν
635 787 719 863 ἥκειν,
735 792 838 847 ἐκεῖνον
854 788 884 846 δὲ

82 875 191 934 ἐκέλευε
212 881 240 939 ἐς
260 874 400 951 Κόρινθον
421 875 590 952 ἀπικόμενον
606 875 737 954 διάδοχον
754 876 884 956 γίνεσθαι

42 997 45 1000 -
81 966 132 1037 τῆς
152 964 320 1040 τυραννίδος·
347 965 562 1026 καταινέσαντος
583 962 606 1023 δ’
622 965 668 1023 ε’πὶ
687 964 813 1023 τούτοισι
833 967 883 1023 τοῦ

82 1050 213 1121 παιδάς,ἀ
227 1055 278 1128 μὲν
286 1053 458 1129 Περίανδρος
469 1053 621 1111 ἐστέλλετο
636 1057 662 1114 ἐς
675 1050 727 1127 την
738 1053 883 1129 Κέρκυραν

82 1137 144 1196 ὁδέ
164 1143 230 1202 παῖς
249 1143 276 1199 οἶ
295 1145 322 1202 ἐς
339 1139 391 1215 την
410 1139 559 1215 Κόρινθον·
580 1139 716 1214 μαθόντες
729 1140 758 1198 δὲ
771 1143 797 1198 οἷ
812 1146 883 1216 Κερ·

82 1229 190 1301 κυραῖοι
209 1226 313 1285 τούτων
335 1227 448 1296 ἕκαστα,
471 1228 515 1285 ἵνα
534 1227 575 1302 μή
596 1233 651 1302 σφι
672 1227 842 1303 Περίανδρος
856 1232 884 1288 ε’ς

81 1311 133 1387 την
150 1313 244 1392 χάρην
257 1314 390 1389 ἀπίκηται
407 1314 547 1373 κτείνουσι
564 1313 613 1373 τόν
627 1314 781 1390 νεηνίσκον.
823 1313 884 1372 ἀντὶ

80 1400 184 1478 τούτων
197 1405 248 1477 μὲν
262 1402 433 1479 Περίανδρος
446 1402 634 1478 Κερκυραίους
647 1401 816 1477 ἐτιμωρέετο.

121 1489 336 1566 Λακεδαιμόνιοι
351 1489 380 1547 δὲ
393 1488 488 1567 στόλῳ
498 1489 612 1569 μεγάλῳ
623 1488 658 1550 ὦς
668 1487 809 1558 ἀπίκοντο,
821 1493 882 1548 ε’πο·
892 1491 929 1548 54

81 1576 209 1652 λιόρκεον
226 1577 332 1653 Σάμον·
367 1575 584 1652 προσβαλόντες
602 1577 631 1635 δὲ
650 1575 720 1652 πρός
739 1575 772 1635 τό
790 1581 883 1654 τεῖχος

81 1668 131 1722 τοῦ
154 1667 205 1740 μὲν
226 1665 297 1743 πρὸς
319 1664 455 1742 θαλάσσῃ
477 1668 611 1726 ἑστεῶτος
631 1663 738 1743 πύργου
760 1665 829 1722 κατά
849 1664 882 1723 τό

81 1753 251 1826 προάστειον
267 1757 317 1827 τῆς
334 1752 434 1814 πόλιος
448 1752 639 1830 ὑπερέβησαν·
661 1751 732 1828 μετά
745 1752 783 1821 δὲ,
798 1751 884 1811 αὐτοῦ

80 1840 280 1916 βοηθήσαντος
294 1839 491 1917 Πολυκράτεος
506 1841 579 1917 χειρὶ
595 1844 701 1917 πολλῇ,
716 1839 882 1916 ἀπηλάσθη-

82 1954 147 1986 σαν·
169 1928 239 1986 κατά
258 1929 286 1987 δέ
302 1928 352 1987 τόν
371 1927 461 1987 ἐπάνω
479 1927 586 2007 πόργον
598 1928 648 1986 τόν
663 1928 708 1985 ἐπὶ
723 1931 774 2003 τῆς
786 1928 884 2006 ῥάχιος

80 2020 132 2073 τοῦ
152 2015 246 2091 οὔρεος
267 2016 390 2085 ἐπεόντα,
413 2016 569 2090 ἐπεξῆλθον
586 2016 660 2074 οἵτε
680 2017 819 2092 ἐπίκουροι
838 2017 883 2075 καὶ

81 2102 172 2162 αὐτῶν
185 2106 296 2180 Σαμίων
314 2104 421 2183 συχνοὶ,
435 2102 579 2179 δεξάμενοι
592 2103 621 2161 δὲ
634 2104 698 2167 τούς
711 2105 883 2180 Λακεδαιμο-

82 2190 155 2252 νίους
175 2191 216 2249 ἐπ’
234 2190 332 2271 ὀλίγον
352 2190 454 2268 χρόνον
474 2192 592 2271 ἔφευγον
613 2190 714 2250 ὀπίσω·
737 2195 763 2251 οἱ
781 2192 810 2250 δὲ
827 2198 884 2251 ε’πι-

81 2278 219 2353 σπόμενοι
238 2281 366 2337 ἔκτεινον.
400 2283 436 2336 Εἰ
451 2279 503 2353 μέν
519 2305 566 2338 νυν
584 2283 611 2337 οἱ
629 2279 778 2355 παρεόντες
795 2283 930 2339 Anne-55

80 2365 228 2441 δαιμονίων
242 2366 334 2442 ὁμοῖοι
348 2367 474 2446 ἐγένοντο
488 2366 591 2441 ταύτην
603 2367 655 2441 τὴν
664 2366 770 2443 ἡμέρην
783 2367 882 2445 Ἀρχίῃ

79 2478 111 2510 τε
132 2455 177 2511 καὶ
195 2454 325 2533 Λυκώπῃ,
343 2454 440 2530 αἱρέθη
456 2452 489 2511 ἂν
506 2453 609 2529 Σάμος·
631 2454 745 2532 Ἀρχίης
764 2454 819 2533 γάρ
837 2456 883 2512 καὶ

79 2541 216 2616 Λυκώπης
232 2547 330 2618 μοῦνοι
347 2540 570 2603 συνεσπεσόντες
587 2541 725 2621 φεύγουσι
743 2545 771 2604 ἐς
783 2540 816 2600 τό
829 2546 882 2600 τεῖ-

79 2653 131 2707 χος
151 2633 228 2689 τοῖσι
248 2630 382 2705 Σαμίοισι
399 2630 445 2687 καὶ
465 2628 702 2703 ἀποκληισθέντες
721 2631 771 2703 τῆς
791 2628 883 2687 ἀπίσω

79 2718 155 2787 ὁδοῦ,
170 2717 308 2778 ἀπέθανον
322 2723 351 2777 ἐν
364 2721 400 2795 τῇ
413 2716 482 2775 πόλι
494 2721 530 2794 τῇ
544 2717 665 2792 Σαμίων.
694 2717 777 2796 τρίτῳ
790 2715 819 2774 δὲ
833 2716 880 2775 ἀπ’

78 2805 198 2885 Ἀρχίεω
218 2805 318 2864 τούτου
338 2804 467 2886 γεγονότι
487 2803 566 2883 άλλη)
585 2802 694 2882 Ἀρχίῃ,
715 2807 753 2881 τῷ
774 2804 881 2879 Σαμίου

82 2899 130 2953 τοῦ
149 2894 274 2971 Ἀρχίεω,
294 2891 376 2955 οὗτός
394 2898 423 2951 ἐν
440 2891 549 2969 Πιτάνῃ
567 2891 761 2971 συνεγενόμην,
780 2891 882 2969 (δήμου

82 2984 135 3063 γάρ
151 2981 251 3041 τούτου
267 2981 323 3060 ἦν,)
338 2980 369 3043 ὃς
385 2981 480 3049 ξείνων
493 2980 603 3039 πάντων
616 2979 744 3061 μάλιστα
758 2979 839 3056 ἐτίμα
851 3006 883 3040 τε

80 3071 211 3148 Σαμίους,
227 3071 274 3128 καί
290 3072 315 3128 οἱ
328 3073 366 3147 τῷ
379 3069 464 3146 πατρὶ
479 3070 533 3144 ἔφη
551 3068 658 3144 Σάμιον
670 3066 792 3144 τοῦνομα
803 3069 883 3144 τεθη-

79 3184 126 3220 ναι
140 3158 184 3218 ὅτι
198 3161 224 3217 οἱ
237 3157 253 3217 ὁ
266 3156 359 3233 πατὴρ
372 3155 488 3237 Ἀρχίης
502 3163 531 3217 ἐν
546 3156 633 3238 Σάμω
648 3155 825 3236 ἀριστώοας
835 3161 897 3212 'm-

73 3245 208 3322 λειίτησε·
222 3250 307 3324 τιμᾶν
320 3245 352 3306 δὲ
366 3247 494 3327 Σαμίους
510 3249 578 3329 ἔφη,
586 3247 664 3310 διότι
676 3244 813 3320 ταῲῖραί
826 3245 857 3298 οἵ.
866 3238 921 3296 *ssw
