2040 3464
127 93 181 155 ιω*
430 108 612 156 Ἥνοιουοτ
863 111 923 174 [w.

125 184 209 244 αὐτόν
229 184 378 261 Ἀριστέην
394 176 517 261 φανέντα
535 192 591 261 σφι
613 191 640 249 ἐς
657 187 708 261 τὴν
720 185 816 265 χιόρην
832 192 926 248 κελεῦ-

126 298 176 331 σαι
188 273 288 349 βωμόν
300 271 461 332 Ἀπόλλωνι
474 273 651 349 ἱδρύσασθαι,
666 275 712 333 καὶ
724 274 862 350 Ἀριστέω
875 282 925 336 τοῦ

124 361 337 436 Προκοννησίου
371 361 526 437 ἐπωνυμίην
556 362 656 440 ἔχοντα
685 360 834 437 ἀνδριάντα
860 363 933 441 παρί

124 447 209 506 αὐτόν
236 447 357 507 ἶστόναι·
392 448 480 524 φάναι
504 448 569 529 γὰρ,
597 450 653 524 σφὶ
679 448 729 508 τόν
755 449 925 512 Ἀπόλλωνα

499 535 507 557 ἱ
542 536 549 555 ἱ
606 537 613 556 Ι

122 532 302 594 Ἰταλιωτέων
324 535 454 612 μούνοισι
474 536 507 611 δη
532 538 683 596 απικεσθαι
704 542 731 598 ἐς
750 537 803 613 τὴν
822 539 925 616 χώρην,

161 621 341 646 ἱὶΙεϋ

125 648 171 682 και
184 648 266 686 αυτος
284 649 311 682 οι
327 625 444 684 επεσθαι
462 623 478 682 ὁ
496 627 544 683 νῦν
563 624 613 682 ἔων
629 623 787 700 Ἀριστέης·
807 625 873 684 τότε
887 628 925 698 δὲ,

125 710 172 770 ὅτε
183 711 275 771 εἵπετο
283 714 321 791 τῷ
329 712 390 789 θεῷ,
402 710 470 770 εἶναι
482 711 575 788 κόραξ
598 712 643 768 καὶ
653 712 702 770 τόν
711 713 828 771 εἴπαντα
838 719 926 774 ταῦτα

123 797 324 875 ἀφανισθῆναι,
346 797 439 875 σφέας
460 799 490 858 δὲ
506 799 726 878 (Μεταποντῖνοι
745 799 877 880 λέγουσι)
899 808 926 865 ἐς

126 887 257 962 Δελφούς
266 885 430 963 πέμψαντας
442 886 566 946 τὸνθεόν
578 890 727 961 ἐπειρωτᾶν
737 885 754 945 ὅ
766 913 795 946 τι
804 887 838 947 τό
851 888 927 963 φόσ·

123 1000 164 1049 μα
176 977 225 1033 τοῦ
241 972 385 1050 ἀνθρώπου
400 974 458 1049 εἷη;
474 973 527 1049 την
540 975 569 1032 δὲ
579 974 689 1049 Πυθίην
699 972 793 1048 σφέας
804 976 926 1035 κελεύειν

124 1063 272 1122 πείθεσθαι
279 1066 317 1140 τῷ
326 1061 464 1138 φόσματι,
469 1061 661 1138 πειθομένοισι
671 1062 701 1120 δὲ
709 1061 823 1138 ἄμεινον
834 1066 926 1123 ουνοί·

126 1151 238 1210 σεσθαι·
254 1150 302 1208 καί
312 1156 404 1226 σφεας
422 1149 585 1226 δεξαμένους
597 1155 686 1209 ταῦτα
698 1154 819 1225 ποιῆσαι
839 1157 927 1212 ἐπιτι·

124 1239 187 1298 λέα.
216 1240 262 1297 καὶ
279 1242 328 1298 νῦν
346 1239 446 1314 ἔστηκε
462 1238 573 1314 α’νδριοὶς
591 1239 746 1314 ἐπωνυμίην
765 1240 836 1317 ἔχων
851 1240 928 1317 Ἀριν

125 1327 197 1386 στέω
208 1326 272 1403 παρ’
284 1326 357 1405 αὐτῷ
368 1330 407 1404 τῷ
416 1325 559 1406 ἀγάλματι
572 1331 622 1385 τοῦ
636 1325 827 1389 Ἀπόλλωνος·
841 1326 926 1405 πέριξ

125 1415 155 1473 δὲ
170 1414 254 1475 αὐτόν
270 1414 374 1489 δάφναι
387 1417 497 1473 έστιῖσν
518 1413 551 1473 τό
565 1414 595 1472 δὲ
608 1412 725 1495 ἄγαλμα
739 1418 768 1473 ἐν
781 1418 817 1492 τῇ
833 1415 926 1496 ἀγορῇ

126 1503 240 1580 ἵδρυται.
281 1501 417 1578 Ἀριστέω
429 1501 482 1579 μέν
494 1527 542 1561 νυν
555 1501 619 1577 πέρι
631 1505 757 1561 τοσαῦτα
771 1501 904 1578 εἰρήσθω.

79 1591 115 1649 16
164 1595 221 1666 Τῆς
240 1590 270 1649 δὲ
291 1595 351 1670 γῆς,
372 1594 423 1664 τῆς
438 1590 502 1667 πέρι
521 1589 601 1648 όδεὸ
623 1588 710 1669 λόγος
731 1589 858 1666 ὥρμηται
879 1591 925 1650 λε’·

124 1680 234 1759 γεσθαι,
251 1677 339 1740 οὐδεὶς
354 1677 411 1736 οἶδε
424 1677 536 1754 α’τρεκές
553 1677 569 1736 ὅ
588 1702 617 1736 τι
628 1676 661 1736 τό
676 1676 835 1754 κατύπερθέ
854 1685 925 1738 ἐστι·

125 1766 234 1828 οὐδενός
249 1765 303 1846 γὰρ
322 1765 356 1841 δὴ
377 1764 517 1824 αὐτόπτεω
539 1765 637 1825 εἰδέναι
658 1765 785 1841 φαμένου
807 1765 926 1843 δύναμαι

124 1855 272 1913 πυθέσθαι·
294 1853 357 1912 αι’-δὲ
372 1853 428 1935 γαρ
449 1854 512 1912 οὐδὲ
526 1853 681 1930 Ἀριστέης,
700 1857 750 1912 τοῦ
766 1879 820 1930 περ
839 1855 926 1935 ὀλίγῳ

123 1942 259 2019 πρότερον
290 1941 392 2000 τούτων
423 1942 535 2018 μνήμην
566 1942 721 2018 ἐποιεύμην,
752 1941 816 2000 οὐδὲ
844 1941 926 2007 οὗτος

124 2031 290 2107 προσωτέρω
299 2028 470 2105 Ἰσσηδόνων
483 2035 512 2089 ἐν
525 2028 636 2089 αὐτοῖσι
645 2033 722 2088 τοῖσι
733 2030 815 2088 έπεσι
824 2032 925 2091 ποιέων

124 2121 214 2193 ἔφησε
234 2116 394 2176 ἀπικέσθαι·
421 2117 498 2176 ἀλλὰ
517 2117 553 2176 τό
573 2116 727 2193 κατύπερθε
749 2119 829 2199 ἔλεγε
845 2118 924 2198 α’κοῇ,

124 2206 180 2278 φὰς
199 2204 364 2280 Ἰσσηδόνας
391 2205 460 2264 εἶναι
479 2205 543 2266 τούς
563 2209 651 2263 ταῦτα
671 2205 815 2284 λέγοντας.
859 2205 925 2264 ἀλλ’

124 2293 193 2352 ὅσον
218 2295 269 2369 μὲν
294 2291 374 2368 ἡμεῖς
398 2292 530 2369 ἀτρεκέως
557 2293 603 2350 ἐπὶ
623 2292 801 2370 μακρότατον
823 2293 883 2353 οἶοί
901 2293 926 2353 τ’

80 2381 273 2462 17ἐγενόμεθα
299 2380 369 2459 ἀκοῇ
397 2381 545 2450 ἐξικέσθαι,
573 2384 630 2440 πᾶν
659 2379 810 2458 εἰρήσεται.
851 2381 925 2442 Ἀπό

122 2473 171 2528 τοῦ
186 2468 421 2546 Βορυσθενεϊτέων
435 2470 577 2545 ἐμπορίου,
592 2467 686 2546 (τοῦτο
699 2467 754 2549 γὰρ
766 2472 823 2528 τῶν
836 2495 925 2546 παρα·

123 2559 288 2617 θαλασσίων
313 2556 484 2633 μεσαίτατόν
510 2561 572 2615 ἐστι
592 2555 686 2632 πόσης
711 2561 762 2631 τῆς
784 2558 926 2638 Σκυθίης)

121 2643 178 2704 όπό
203 2645 303 2704 τούτου
328 2647 434 2721 πρῶτοι
463 2644 639 2702 Καλλιπίδαι
666 2643 806 2720 νέμονται,
834 2646 926 2710 ἐόντες

116 2732 255 2809 Ἓλληνες
277 2731 392 2796 Σκύθαι·
420 2732 490 2808 ύπέρ
513 2732 542 2791 δὲ
562 2731 666 2790 τούτων
689 2731 764 2790 ἄλλο
787 2734 875 2806 ἔθνος,
898 2735 926 2795 οἳ

121 2817 275 2892 Ἀλόζωνες
297 2821 452 2880 καλέονται·
478 2817 555 2879 οὗτοι
577 2820 606 2877 δὲ
630 2819 676 2877 καὶ
697 2822 724 2878 οἷ
746 2821 926 2881 Καλλιπίδαι

120 2910 156 2969 τό
169 2913 220 2980 μὲν
234 2909 311 2968 ἅλλα
325 2910 394 2968 κατοὶ
408 2907 493 2968 ταύτὰ
508 2908 635 2986 Σκύθησι
650 2909 830 2978 ἐπασκέουσι,
843 2915 925 2970 σῖτον

122 2997 152 3055 δὲ
173 2998 218 3056 καὶ
242 2996 392 3073 σπείρουσι
415 2998 460 3056 καὶ
481 2995 629 3066 σιτέονται,
651 2997 697 3054 καὶ
722 2995 855 3073 κρόμμυα
879 2999 926 3058 καὶ

114 3085 244 3164 σκόροδα
264 3086 312 3145 καὶ
333 3085 439 3164 φακούς
460 3086 505 3143 καὶ
525 3085 667 3164 κέγχρους.
709 3083 780 3160 ὑπὲρ
793 3084 825 3144 δὲ
838 3083 926 3146 Ἀλα-

105 3175 206 3251 ζόνων
219 3177 349 3239 οἰκέουσι
363 3174 477 3242 Σκύθαι
488 3173 633 3251 ἀροτῆρες,
644 3170 673 3228 (λ
685 3169 737 3228 0³³*
749 3172 796 3229 ’ἐπὶ
808 3174 931 3250 σιτήσει-

97 3267 270 3343 ππιιζαουσι
291 3268 345 3331 τὸν
368 3270 456 3330 σῖτον
470 3261 542 3345 §NR
569 3260 617 3320 ἐπὶ
636 3256 753 3326 πυῆῦῑῑ·
788 3255 943 3317 ’ῐῦλΜλλ
