2040 3464
133 106 165 151 ιι
442 102 626 150 ἯΡοΔοιον
896 101 929 163 [ι.

128 185 221 258 Κᾶρες
237 183 289 259 μὲν
305 181 453 261 ἀπιγμένοι
470 186 497 242 ἐς
514 179 565 256 τήν
582 179 697 257 ἤπειρον
712 186 741 239 ἐκ
757 185 811 240 τᾶν
828 186 930 256 νήσων.

127 268 161 328 τό
173 268 229 348 γᾶρ
248 269 369 328 παλαιᾶν
388 268 477 332 ἐόντες
493 269 572 328 Μίνω
585 295 616 327 τε
630 268 820 343 κατήκοαι’καὶ
834 269 930 328 καλεό-

127 382 207 434 μενοι
226 356 355 437 Λέλεγες,
373 357 449 434 εἶχον
464 355 514 418 τᾶς
530 355 634 431 νήσους
652 355 742 432 φόρον
761 359 813 433 μὲν
834 356 931 416 οὐδένα

128 443 332 513 ὐποτελέοντες,
350 443 419 503 ὅσον
434 445 479 502 καὶ
494 443 546 524 ἐγώ
561 443 674 506 δυνατός
689 448 744 520 εἶμι
756 442 929 521 μακρότατον

130 532 270 600 ἐξικέσθαι
288 532 367 610 ἀκοή,
387 535 413 590 οἱ
432 532 469 600 δὲ,
489 530 557 594 ὅκως
571 532 665 594 Μίνως
679 531 777 601 δέοιτο,
791 531 931 609 ἐπλήρουν

129 622 156 677 οἶ
175 618 225 681 πᾶς
243 621 314 682 νέας·
343 619 392 678 ἅτε
412 620 442 677 δὲ
462 620 542 678 Μίνω
562 644 594 677 τε
612 620 857 695 κατεστραμμένου
876 625 931 701 γήν

129 707 241 782 πολλήν
260 708 305 766 καὶ
322 706 496 786 εὐτυχέοντος
514 712 552 785 τῷ
568 707 691 784 πολέμῳ,
710 707 743 766 τᾶ
758 707 881 783 Καρικόν
895 708 931 784 ἦν

129 796 206 857 ἔθνος
218 795 411 875 λογιμώτατον
428 799 483 853 τῶν
496 794 594 853 ἐθνέων
608 794 736 854 ἁπάντων
750 794 820 853 κατοὶ
831 798 931 855 τοῦτον

128 880 187 958 ἅμα
212 882 262 941 τᾶν
287 881 389 960 χρόνον
414 886 510 960 μακρῷ
536 881 672 958 μάλιστα·
703 882 751 940 καί
772 888 827 957 σφι
850 883 931 959 τριξᾶ

129 970 300 1047 ἐξευρήματα
321 971 436 1051 ἐγένετο,
463 975 540 1028 τοῖσι
561 973 588 1028 οἱ
603 969 743 1045 Ἕλληνες
763 969 929 1062 ἐχρήσαντο·

129 1059 175 1116 καὶ
197 1057 251 1138 γᾶρ
276 1058 321 1116 ἐπὶ
343 1058 379 1116 τᾶ
400 1056 501 1134 κροίνεα
524 1057 632 1133 λόφους
656 1058 815 1118 ἐπιδέεσθαι
837 1060 930 1136 Κᾶρές

494 1144 713 1168 λ’ἱλῖΙ

129 1151 184 1205 εἰσι
197 1149 223 1204 οἱ
237 1146 438 1214 καταδέξαντες,
459 1171 504 1203 και
519 1171 563 1203 επι
576 1171 626 1207 τας
639 1147 760 1208 ασπιδας
772 1145 808 1203 τοὶ
821 1146 930 1222 σημήῖα

129 1235 281 1302 ποιέεσθαι,
299 1234 345 1292 καὶ
365 1233 453 1310 ὄχανα
473 1232 578 1292 ἀσπίσι
597 1231 677 1291 οὗτοί
693 1237 748 1292 εἶσι
765 1237 792 1292 οἱ
811 1234 929 1309 ποιησαί-

128 1348 206 1398 μενοι
226 1327 339 1398 πρῶτοι·
368 1323 435 1383 τέως
461 1320 490 1379 δὲ
517 1320 579 1380 ἄνευ
607 1320 713 1398 ὀχάνων
738 1320 855 1397 ἐφόρεον
880 1321 930 1385 τᾶς

129 1410 249 1472 ἀσπίδας
264 1410 364 1472 πάντες
381 1411 460 1485 οἵπερ
478 1409 599 1468 ἐώθεσαν
616 1408 720 1467 ἀσπίσι
736 1409 871 1487 χρέεσθαι
888 1436 929 1468 τε-

129 1502 243 1575 λαμῶσι
260 1498 417 1557 σκυτίνοισι
431 1498 603 1572 οἰηκίζοντες,
617 1497 680 1573 περὶ
698 1501 774 1555 τοῖσι
787 1495 887 1575 αὐχέσι
898 1523 930 1556 τε

129 1588 174 1644 καὶ
187 1590 263 1645 τοῖσι
277 1584 452 1662 ἀριστεροῖσι
466 1584 567 1660 ὤμοισι
581 1585 774 1661 περικείμενοι.
806 1583 878 1660 μετᾶ
891 1585 928 1654 δὲ,

127 1672 192 1736 τούς
213 1676 311 1749 Κᾶρας
330 1671 420 1751 χρόνῳ
440 1671 559 1748 ὕστερον
578 1676 679 1750 πολλῷ
700 1672 817 1748 Δωριέες
832 1697 864 1730 τε
884 1674 929 1731 καὶ

123 1761 216 1823 Ἴωνες
236 1760 425 1835 ἐξανέστησαν
446 1764 475 1818 ἐκ
491 1765 545 1819 τᾶν
562 1758 663 1834 νήσων·
686 1760 732 1817 καὶ
749 1759 819 1818 οὕτω
835 1764 863 1821 ἐς
877 1759 930 1835 τήν

127 1847 242 1925 ἤπειρον
255 1846 396 1906 ἀπίκοντο.
432 1846 501 1905 κατᾶ
513 1850 565 1923 μὲν
578 1847 612 1921 δή
627 1851 724 1923 Κᾶρας
738 1846 807 1906 οὕτω
821 1851 930 1923 Κρῆτες

128 1936 246 2016 λέγουσι
265 1935 406 2015 γενέσθαι·
427 1935 459 1994 οὐ
479 1936 574 2011 μέντοι
595 1933 675 1993 αὐτοί
688 1961 722 2015 γε
740 1934 927 2014 ὁμολογέουσι

127 2023 253 2083 τούτοισι
276 2026 303 2081 οἱ
325 2027 425 2098 Κᾶρες,
448 2021 526 2081 ἀλλά
549 2022 695 2098 νομίζουσι
716 2020 795 2102 αὐτοὶ
816 2022 930 2086 ἐωυτούς

129 2111 198 2171 εἶναι
220 2109 391 2190 αὐτόχθονας
412 2110 574 2187 ήπειρώτας,
599 2111 644 2167 καὶ
670 2114 708 2188 τῷ
736 2108 868 2186 οὐνόματι
891 2116 930 2189 τῷ

128 2199 201 2277 αὐτῷ
217 2198 260 2258 ἀεὶ
278 2198 495 2276 διαχρεωμένους
513 2202 603 2276 τῷπερ
625 2202 682 2257 νῦν·
704 2196 883 2256 ἀποδεικνῦσι
899 2199 930 2258 δὲ

129 2292 159 2347 ἐν
178 2286 346 2345 Μυλάσοισι
367 2285 434 2347 Διὸς
451 2287 559 2362 Καρίου
580 2284 639 2362 ἱρᾶν
655 2285 781 2363 ἀρχαῖον,
800 2290 849 2344 τοῦ
869 2291 930 2345 Μυ-

128 2380 209 2435 σοῖσι
236 2376 288 2451 μέν
314 2374 360 2432 καὶ
386 2373 506 2432 Λυδοῖσι
531 2375 645 2450 μέτεστι
672 2373 707 2435 ἀς
734 2373 930 2454 κασιγνήτοισι

81 2531 84 2536 1
128 2468 207 2522 ἐοῦσι
219 2466 296 2521 τοῖσι
309 2462 418 2537 Καρσί·
439 2459 489 2519 τᾶν
508 2460 563 2542 γᾶρ
583 2459 676 2520 Λυδόν
698 2462 743 2518 καὶ
762 2460 811 2520 πᾶν
828 2462 931 2522 Μυσᾶν

128 2552 246 2632 λέγουσι
269 2549 339 2608 εἶναι
361 2548 456 2626 Καρός
478 2546 641 2624 ἀδελφεούς·
669 2549 795 2608 τούτοισι
817 2551 869 2625 μὲν
895 2550 929 2626 δή

127 2640 250 2716 μέτεστι·
272 2636 336 2696 ὅσοι
359 2636 389 2694 δὲ
410 2635 500 2699 ἐόντες
521 2636 612 2696 ᾶλλου
633 2637 724 2698 ἔθνεος
745 2636 930 2717 ὁμόγλωσσοι

84 2728 138 2789 Ιῖ2
147 2732 223 2787 τοῖσι
237 2725 334 2800 Καρσὶ
347 2725 482 2804 ἐγένοντο,
501 2724 628 2784 τούτοισι
641 2725 671 2782 δὲ
685 2724 716 2783 οὐ
730 2724 811 2801 μέτα.
850 2729 887 2783 Οἱ
900 2726 930 2784 δὲ

128 2815 244 2876 Καύνιοι
257 2812 431 2892 αὐτόχθονες,
447 2812 550 2872 δοκέειν
570 2814 638 2889 ἐμοὶ,
654 2813 721 2871 εἰσί·
743 2812 822 2871 αὐτοὶ
834 2813 930 2889 μέντοι

127 2909 158 2962 ἐκ
171 2902 285 2980 Κρήτης
298 2901 374 2976 φασὶ
388 2900 465 2959 εἶναι·
482 2900 734 2979 προσκεχωρήκασι
748 2901 778 2959 δὲ
790 2905 929 2980 γλῶσσαν

127 2994 178 3068 μὲν
201 2990 271 3067 πράς
291 2988 323 3048 τᾶ
348 2987 473 3064 Καρικόν
495 2990 580 3056 ἔθνος,
603 2987 622 3063 ή
644 2992 671 3047 οἱ
692 2994 785 3066 Κᾶρες
804 2988 875 3065 πρὸς
894 2990 928 3048 πᾶ

121 3078 275 3138 Καυνικόν·
302 3079 386 3135 τοῦτο
405 3074 461 3155 γᾶρ
481 3074 531 3133 οὐκ
555 3078 608 3154 ἔχω
630 3076 762 3153 ἀτρεκέως
783 3078 927 3152 διακρῖναι·

107 3163 229 3238 νοῇιιοισι
249 3165 283 3224 δὲ
300 3163 442 3244 χρέωνται
462 3164 695 3244 κεχωρισμένοισι
708 3163 818 3222 πολλόν
831 3169 885 3223 τῶν
898 3190 928 3224 τε

90 3245 201 3310 τίλλων
217 3251 387 3329 ἀνθρώπων
403 3254 454 3314 καὶ
474 3257 592 3332 Καρῶν.
627 3257 707 3313 τοῖσι
718 3251 774 3329 γαρ
789 3251 939 3307 κάλλισιῖιν
