2040 3464
115 106 252 170 191--193]
459 111 571 159 ΚΛΕῙΩ.
882 111 913 157 95

113 183 221 262 ἔσχατα
239 190 290 260 τῆς
309 187 408 252 πόλιος
424 188 591 258 ἑαλωκότων,
608 187 672 250 τούς
687 186 720 247 τό
736 183 826 263 μέσον
844 187 913 246 οἶκέ·

113 297 194 334 οντας
219 276 274 331 τῶν
301 277 488 350 Βαβυλωνίων
514 275 547 334 ού
572 276 721 347 μανθάνειν
747 275 913 337 ἑαλωκότας·

113 357 191 419 ἀλλὰ
211 361 316 441 (τυχεῖν
336 361 391 441 γάρ
412 369 469 439 σφι
493 366 594 422 ἐοῦσαν
618 362 714 442 ὁρτήν)
738 362 863 439 χορεύειν
884 387 915 421 τε

114 451 211 506 τοῦτον
230 449 279 506 τόν
298 448 400 524 χρόνον
418 451 464 508 καὶ
481 455 510 508 ἐν
526 449 688 528 εὐπαθείῃσι
706 449 782 518 εἶναι,
797 455 825 512 ἐς
843 449 859 509 ὃ
878 448 913 525 δή

113 535 160 593 καὶ
172 535 205 594 τό
219 534 307 612 κάρτα
320 535 463 596 ἐπύθοντο.

154 621 213 680 Καὶ
230 623 371 698 Βαβυλῶν
386 628 438 700 μὲν
454 624 523 683 οὕτω
541 624 606 684 τότε
624 628 733 701 πρῶτον
751 622 893 701 α’ραίρητο.
904 626 960 684 192

114 710 165 784 τὴν
185 711 214 769 δὲ
234 710 348 787 δύναμιν
367 715 422 771 τῶν
438 713 627 786 Βαβυλωνίων
644 715 782 770 πολλοῖσι
800 714 852 787 μέν
867 714 914 772 καὶ

113 798 231 858 ἄλλοισι
250 799 368 874 δηλώσω
390 798 446 875 ὅση
466 801 508 862 τίς
528 805 596 870 ἐστι,
619 805 647 859 ἐν
668 800 698 858 δὲ
718 799 751 875 δή
773 800 819 857 καὶ
834 800 912 878 τῷδε’

112 888 234 960 βασιλεῖ
254 891 292 965 τῷ
314 887 429 967 μεγάλῳ
453 893 480 950 ἐς
500 887 610 963 τροφήν
633 887 718 947 αύτοῦ
738 913 770 946 τε
794 887 839 945 καὶ
863 892 914 964 τῆς

112 979 247 1051 στρατιῆς
267 975 446 1051 διαραίρηται,
469 975 558 1052 πάρεξ
576 979 627 1035 τοῦ
648 975 747 1051 φόρου,
770 979 808 1055 γῆ
832 978 913 1034 πάσα

112 1060 183 1138 ὅσης
202 1062 292 1141 ἄρχει·
313 1062 433 1121 δυώδεκα
449 1061 486 1121 ῶν
501 1067 595 1139 μηνῶν
612 1062 710 1123 ἐόντων
725 1069 752 1125 ἐς
764 1062 813 1121 τόν
827 1068 912 1122 ἐνιαυ-

112 1149 171 1219 τόν,
184 1150 247 1213 τούς
262 1152 400 1226 τέσσερας
416 1154 505 1226 μῆνας
520 1151 617 1226 τρέφει
637 1176 686 1226 μιν
706 1151 724 1225 ἦ
745 1150 914 1227 Βαβυλωνίη

113 1237 198 1316 χιύρη,
211 1237 275 1300 τούς
291 1237 320 1296 δὲ
337 1237 407 1297 ὀκτῶ
420 1242 475 1297 τῶν
488 1243 580 1314 μηνῶν
593 1238 611 1312 ἦ
626 1237 712 1312 λοιπή
726 1243 807 1296 παῖσα
819 1237 913 1313 Ἀσίη·

114 1324 184 1385 οὕτω
203 1326 366 1401 τριτημορίη
385 1325 404 1400 ἦ
424 1324 564 1401 Ἀσσυρίη
580 1324 657 1403 χάρη
675 1330 711 1403 τῇ
732 1325 845 1399 δυνάμει
864 1330 914 1400 τῆς

113 1411 204 1488 άλλης
216 1412 323 1488 Ἀσίης·
345 1414 391 1471 καὶ
407 1412 427 1488 ἦ
443 1412 516 1490 οἷρχη
533 1417 583 1487 τῆς
595 1413 686 1490 χώρης
698 1410 808 1486 ταύτης,
822 1410 874 1486 τὴν
887 1415 913 1471 οἱ

114 1501 225 1578 Πέρσαι
251 1500 427 1577 σατραπηίην
450 1500 592 1567 καλέουσι,
617 1501 678 1558 ἐστι
701 1498 832 1557 άπασέων
859 1503 913 1558 τῶν

113 1586 220 1666 άρχέων
237 1587 346 1648 πολλόν
363 1614 391 1647 τι
407 1588 550 1664 κρατίστη·
572 1586 637 1645 ὅκου
650 1586 858 1665 Τριτανταίχμῃ
875 1591 914 1666 τῷ

112 1674 290 1751 ’Ἀρταβάζου
311 1680 340 1734 ἐκ
360 1676 503 1751 βασιλέως
524 1676 615 1752 ἔχοντι
635 1673 684 1733 τόν
708 1673 794 1749 νομόν
814 1678 914 1734 τοῦτον

113 1761 244 1843 ἀργυρίου
263 1766 315 1838 μὲν
334 1762 454 1840 προσῄει
474 1761 592 1837 ἑκάστης
611 1761 716 1837 ἡμέρης
734 1760 847 1837 α’ρτάβη
866 1788 912 1838 με·

113 1850 178 1925 στή·
207 1848 237 1929 (ἦ
259 1849 288 1908 δὲ
308 1849 428 1925 οἶρτάβη,
449 1850 552 1927 μέτρον
575 1848 620 1908 ἐόν
643 1849 794 1925 Περσικόν,
815 1850 913 1927 χωρέει

112 1938 244 2014 μεδίμνου
263 1937 392 2013 Ἀττικῆς
410 1941 509 1995 πλεῖον
527 1937 628 2016 χοίνιξι
647 1938 725 2013 τρισὶ
744 1936 911 2016 Ἀττικῇσι·)

114 2025 194 2083 ἵπποι
208 2026 238 2083 δὲ
250 2028 277 2084 οἱ
291 2023 374 2083 αὐτοῦ
387 2024 461 2100 ἦσαν
473 2025 534 2102 ἰδίη,
545 2023 634 2100 πάρεξ
642 2030 697 2083 τῶν
710 2027 912 2101 πολεμιστέων,

113 2115 140 2171 οἱ
160 2114 212 2188 μέν
232 2112 430 2187 ἀναβαίνοντες
450 2111 500 2174 τάς
521 2112 624 2187 θηλέας
645 2111 813 2183 ὀκτακόσιοι,
836 2115 866 2171 αἱ
884 2113 914 2171 δὲ

111 2200 276 2275 βαινόμεναι
297 2200 483 2278 ἑξακισχίλιαι
504 2201 549 2258 καὶ
572 2199 677 2276 μύριαι·
707 2199 839 2274 οἷνέβαινε
858 2199 913 2281 γάρ

113 2289 229 2350 ἕκαστος
247 2292 302 2347 τῶν
322 2289 440 2365 ἐρσένων
458 2287 562 2347 τούτων
583 2289 672 2345 εἴκοσι
693 2287 803 2351 ἵππους·
826 2292 913 2347 κυνῶν

112 2377 142 2434 δὲ
161 2375 282 2435 Ἰνδικῶν
300 2380 421 2435 τοσοῦτο
441 2374 475 2450 δή
495 2401 523 2434 τι
542 2376 653 2450 πλῆθος
676 2376 817 2452 ἐτρέφετο,
841 2375 913 2434 ῶστε

111 2464 244 2540 τέσσερες
269 2467 324 2523 τῶν
350 2468 380 2522 ἐν
402 2467 440 2540 τῷ
466 2463 549 2540 πεδίῳ
581 2467 672 2538 κῶμαι
700 2463 832 2543 μεγάλαι,
857 2466 913 2520 τῶν

110 2551 207 2610 ἄλλων
234 2555 331 2610 ἐοῦσαι
353 2550 471 2619 ἀτελέες,
494 2554 572 2610 τοῖσι
596 2551 661 2609 κυσὶ
684 2549 913 2628 προσετεταχάτο

112 2640 190 2698 σιτία
203 2639 344 2717 παρέχειν.
384 2642 499 2697 τοιαῦτα
514 2640 566 2714 μέν
578 2642 616 2716 τῷ
629 2637 743 2716 ἄρχοντι
756 2642 806 2713 τῆς
818 2638 914 2711 Βαβυ-

112 2730 201 2788 λῶνος
222 2725 331 2803 ὑπῆρχε
354 2724 442 2784 ἐόντα,
484 2725 521 2784 Ἡ
543 2725 572 2783 δὲ
594 2729 632 2804 γῆ
657 2730 712 2784 τῶν
734 2724 960 2800 Ἀσσυρίων193

112 2813 189 2873 ύεται
209 2816 260 2890 μέν
282 2813 376 2894 ὀλίγῳ,
400 2814 446 2871 καὶ
468 2813 501 2872 τό
526 2815 660 2889 ἐκτρέφον
681 2812 732 2887 τήν
759 2813 837 2887 ῥίζαν
863 2815 914 2871 τοῦ

113 2900 194 2960 σίτου
213 2902 274 2960 ἐστὶ
288 2905 381 2959 τοῦτο·
403 2899 555 2976 άρδόμευον
571 2902 666 2976 μέντοι
680 2905 710 2957 ἐκ
722 2904 771 2958 τοῦ
785 2902 913 2975 ποταμοῦ

112 2988 259 3065 ἁδρύνεταί
271 3014 303 3047 τε
320 2987 353 3047 τό
370 2986 460 3064 λήϊον,
478 2989 526 3048 καὶ
543 2988 734 3071 παραγίνεται
750 2986 767 3047 ὃ
786 2989 883 3050 οἶτος,
897 2981 932 3039 (υἷι

102 3073 226 3151 κατάπερ
249 3080 281 3134 ἐν
300 3074 439 3160 Αἰγύπτῳ
461 3078 552 3141 αὐτοῦ
581 3083 635 3141 τοῦ
662 3078 803 3154 ποταμοῦ
831 3065 968 3169 emm}

90 3182 189 3221 νοντας
205 3165 235 3222 ἐς
252 3162 305 3226 τάς
324 3165 463 3246 α’ρούρας,
486 3169 577 3232 ἀλλὰ
595 3169 693 3252 χερσί
709 3193 750 3228 τε
765 3164 818 3225 καὶ
833 3161 986 3252 κηλωυχχι·

77 3263 138 3297 οισι
169 3245 347 3326 αρδόμενος·
383 3257 407 3335 ἦ
438 3260 504 3342 γὰρ
535 3259 745 3342 Βαβυλωνίη
777 3249 874 3334 χῶροι)
901 3248 1018 3297 πασας
