2040 3464
138 115 188 162 252
440 115 623 163 ‘HPOAOTOT
873 114 942 176 [lll'.

139 191 194 255 ῦπδ
219 196 282 273 γῆν.
325 191 493 269 θερμότατος
520 193 552 252 δέ
576 198 636 254 ἐστι
665 192 682 253 ό
705 192 787 268 ἥλιος
813 191 944 252 τούτοισι

137 285 215 340 τοῖσι
240 279 412 356 ἀνθρώποισι
437 280 470 340 τό
502 280 621 350 ἑωθινόν,
649 279 681 340 οῦ
713 278 838 357 κατάπερ
864 284 944 340 τοῖσι

137 365 255 426 ἄλλοισι
281 368 469 444 μεσαμβρίης,
498 367 564 426 ἀλλ’
591 369 757 444 ὑπερτείλας
781 368 883 446 μέχρις
910 367 944 426 οῦ

138 454 242 535 ἀγορῆς
256 454 409 517 διαλύσιος·
423 459 522 515 τοῦτον
535 456 565 514 δὲ
577 456 627 515 τόν
639 454 742 533 χρόνον
756 454 828 513 καίει
840 458 943 533 πολλᾷ

140 546 253 619 μᾶλλον
272 541 290 618 ἢ
308 547 344 620 τῇ
361 545 528 622 μεσαμβρίῃ
547 543 599 619 την
617 542 754 612 Ἑλλάδα,
769 541 856 605 οὕτως
876 541 943 602 ὥστΙ

140 636 169 690 ἐν
189 629 268 689 ῦδατι
286 629 373 711 λόγος
394 630 494 694 αύτούς
515 637 578 690 ἐστι
599 631 759 709 βρέχεσθαι
779 634 944 705 τηνικαῦτα·

139 723 271 795 μεσοῦσα
298 719 328 776 δὲ
352 717 372 793 ἡ
398 718 489 795 ἡμέρη
514 718 619 797 σχεδόν
642 717 849 794 παραπλησίως
872 718 944 777 καίει

138 805 204 868 τούς
222 832 253 866 τε
269 805 374 869 ἄλλους
395 804 556 883 ἀνθρώπους
576 806 622 864 καὶ
641 807 706 869 τοῦς
718 805 831 868 Ἰνδούς.
875 804 944 865 α’πο-

140 894 305 969 κλινομένης
322 894 351 952 δὲ
366 898 417 968 τῆς
431 896 621 970 μεσαμβρίης,
637 893 746 975 γίνεταί
759 900 816 968 σφι
832 892 944 968 όῆλιος

140 980 262 1057 κατάπερ
276 985 352 1040 τοῖσι
365 981 483 1041 άλλοισι
497 981 512 1042 ὁ
527 981 645 1044 ἑωθινός·
666 982 712 1039 καὶ
724 980 758 1040 τό
773 980 829 1040 άπδ
843 981 944 1041 τούτου

140 1067 224 1128 ἐπιών
241 1070 287 1128 ἐπὶ
302 1073 415 1146 μᾶλλον
433 1069 525 1148 ψύχει,
543 1076 571 1133 ἐς
588 1070 604 1129 ὃ
621 1070 667 1128 ἐπὶ
683 1069 810 1147 δυσμῇσι
829 1070 881 1128 ἐών
897 1071 944 1127 καὶ

96 1157 151 1217 105
160 1156 193 1216 τό
208 1156 295 1234 κάρτα
312 1157 405 1236 ψύχει.
445 1157 549 1217 Ἐπεὰν
564 1158 594 1216 δέ
614 1159 719 1217 ἔλθωσι
737 1162 765 1220 ἐς
785 1155 835 1216 τόν
850 1160 945 1235 χῶρον

141 1247 167 1304 οἱ
184 1243 266 1305 Ἰνδοὶ
285 1246 393 1324 ἔχοντες
417 1246 544 1315 θυλάκια,
565 1245 762 1322 ἐμπλήσαντες
782 1249 872 1304 ταῦτα
893 1250 945 1320 τῆς

141 1331 257 1410 ψάμμου
269 1334 321 1408 την
332 1335 471 1412 ταχίστην
485 1334 635 1393 ἐλαύνουσι
652 1333 753 1393 ὀπίσω·
775 1331 876 1392 αὐτίκα
888 1332 945 1411 γάρ

141 1424 169 1479 οἱ
191 1421 331 1498 μύρμηκες
353 1421 426 1499 ὀδμῇ
447 1421 496 1503 (ὥς
518 1422 551 1496 δή
575 1422 689 1501 λέγεται
714 1419 770 1479 ῦπό
795 1420 944 1500 Περσέων)

141 1508 277 1583 μαθόντες
294 1510 433 1570 διώκουσι·
459 1510 528 1569 εἶναι
544 1511 573 1569 δὲ
588 1508 731 1588 παχύτητα
749 1507 840 1567 ου’δενὶ
862 1509 945 1586 ἑτέρῳ

142 1596 247 1672 ὁμοῖον,
262 1597 332 1657 οῦτω
345 1599 425 1668 ὥστε,
441 1603 464 1657 εί
476 1598 517 1675 μή
533 1597 749 1676 προλαμβάνειν
762 1595 828 1658 τοῦς
839 1595 946 1659 Ἰνδούς

142 1689 192 1759 τῆς
212 1685 277 1745 ὁδοῦ
296 1691 324 1744 ἐν
339 1684 360 1764 ᾧ
375 1687 440 1749 τοῦς
460 1685 606 1763 μύρμηκας
624 1685 826 1765 συλλέγεσθαι,
846 1683 946 1743 οῦδένα

142 1770 177 1830 ἄν
194 1779 290 1848 σφεων
309 1773 516 1845 ἀποσώζεσθαι·
539 1775 604 1836 τοῦς
621 1773 673 1849 μέν
691 1798 739 1831 νυν
759 1773 875 1847 έρσενας
890 1776 946 1831 τῶν

144 1859 276 1935 καμήλων
294 1860 376 1940 (εἶναι
391 1863 446 1943 γάρ
463 1861 590 1937 ἥσσονας
608 1862 667 1920 θεῖν
684 1865 740 1919 τῶν
758 1859 878 1938 θηλέων)
899 1861 945 1918 καὶ

142 1947 338 2023 παραλύεσθαι
361 1951 562 2026 ἐπελκομένους
589 1948 638 2008 οῦκ
662 1947 733 2023 ὁμοῦ
757 1945 946 2023 ἀμφοτέρους·

143 2034 193 2097 τός
206 2035 236 2093 δὲ
250 2037 352 2110 θηλέας
366 2037 646 2115 ἀναμιμνησκομένας
663 2039 718 2095 τῶν
735 2035 832 2093 ἔλιπον
844 2035 947 2094 τέκνων

144 2121 277 2182 ἐνδιδόναι
303 2125 432 2200 μαλακόν
453 2125 542 2184 οῦδέν.
582 2123 633 2184 τόν
654 2126 706 2199 μὲν
733 2122 767 2197 δή
794 2122 872 2180 πλέω
896 2120 947 2181 τοῦ

142 2215 251 2289 χρυσοῦ
274 2213 345 2272 οὕτω
367 2217 394 2272 οἱ
413 2212 497 2273 Ἰνδοὶ
519 2217 644 2282 κτῶνται,
667 2210 703 2274 ιῦς
725 2210 839 2287 Πέρσαι
861 2211 946 2284 φασί·

144 2298 234 2362 ἄλλος
260 2300 290 2359 δὲ
316 2300 503 2378 σπανιώτερός
525 2307 587 2360 ἐστι
610 2306 639 2359 ἐν
662 2303 698 2377 τῇ
722 2297 800 2378 χώρη
824 2296 947 2374 ὀρυσσό-

143 2413 235 2462 μενος.

100 2477 156 2535 106
198 2481 234 2536 Αἰ
253 2477 275 2536 δ’
295 2478 427 2557 ἐσχατιαί
443 2504 495 2540 κως
510 2482 562 2552 τῆς
577 2474 738 2552 οἰκουμένης
753 2471 789 2532 τοὶ
802 2472 948 2532 κάλλιστα

43 2569 47 2575 ’
146 2566 257 2643 ἔλαχον,
285 2566 407 2642 κατάπερ
433 2565 452 2640 ἡ
479 2565 585 2627 Ἑλλάς
611 2563 660 2626 τοὶς
687 2560 759 2638 ὥρας
784 2560 898 2620 πολλόν
920 2586 948 2621 τι

146 2651 288 2712 κάλλιστα
306 2654 474 2731 κεκραμένας
496 2655 589 2730 ἔλαχε.
624 2655 707 2710 τοῦτο
727 2648 855 2729 μὲνγὰρ
877 2648 949 2725 πρός

145 2741 196 2815 την
210 2741 244 2799 ἕω
258 2741 365 2820 ἐσχάτη
378 2745 432 2802 τιῦν
443 2741 605 2816 οἰκεομένων
618 2738 636 2814 ἦ
650 2737 750 2798 Ἰνδικύ
766 2743 836 2806 ἐστι,
851 2735 948 2814 ώσπερ

146 2827 244 2910 ὀλίγον
265 2830 401 2907 πρότερον
425 2829 529 2906 εἴρηκα·
564 2833 593 2887 ἐν
616 2826 711 2905 ταύτῃ,
734 2829 817 2884 τοῦτο
839 2828 892 2901 μὲν
912 2825 949 2885 τά

92 2967 94 2970 .
147 2917 258 2996 ἔμψυχα
271 2912 429 2995 τετράποδά
441 2943 472 2977 τε
490 2917 536 2975 καὶ
553 2916 589 2976 τά
606 2916 712 2991 πετηνά
728 2917 829 2992 πολλῷ
842 2911 948 2991 μέζωῆ

147 3009 176 3063 ἐν
194 3011 271 3066 τοῖσι
288 2999 406 3066 ἄλλοισι
424 3005 556 3086 χωρίοισί
574 3010 643 3072 ἐστι,
662 3001 752 3080 πάρεξ
768 3006 824 3061 τῶν
846 3001 948 3061 ἵππων·

140 3092 231 3176 τούτῳ
246 3095 278 3156 δέ
298 3099 450 3157 ἑσσοῦνται
464 3093 520 3154 ύπῦ
537 3097 592 3153 τῶν
609 3092 750 3167 Μηδικῶν,
771 3091 902 3150 Νισαίων
919 3091 948 3150 δέ

60 3142 104 3264 ι·
125 3186 323 3266 Ιταλευμένων,
333 3187 438 3251 ἵππων·
460 3189 548 3249 τοῦτο
560 3184 592 3245 δε
603 3179 711 3264 χρυσὸς
723 3178 843 3240 ἴνπλετυς
854 3177 949 3237 υῦτέθι

132 3271 193 3342 ῗηῖ,
212 3274 232 3337 0‘
246 3280 310 3353 μὲν
325 3277 551 3359 ὀρυσσόμενος,
571 3273 639 3338 ὁδὶ
656 3263 902 3343 mrussw‘ssffl
912 3262 971 3320 ἢ
