2040 3464
80 98 191 165 ιιι-ω]
406 103 568 151 αιτιιιωα
837 103 882 151 ιιι

81 175 296 258 ε’γχριπτόμενοι
315 178 361 238 καὶ
375 179 510 256 ψαύοντες
527 180 564 243 οἷς
580 179 718 256 μάλιστα,
734 180 778 240 ἵνα
795 179 830 256 δὴ
842 178 884 257 μὴ

80 265 232 343 ἁμάρτοιεν
246 270 298 342 τῆς
313 266 378 326 ὁδοῦ
395 267 440 326 διά
458 267 508 326 τόν
520 267 594 344 ῥόον.
632 268 716 327 ἐπεάν
730 268 759 327 δὲ
777 266 885 343 πληθύ·

82 355 166 414 εσθαι
178 353 297 433 άρχηται
310 353 327 414 ά
341 359 454 427 Νεῖλος,
468 355 505 414 τά
518 381 548 414 τε
562 360 645 414 κοῖλα
658 360 709 431 τῆς
722 359 776 435 γῆς
789 356 835 415 καὶ
848 354 884 415 τιί

81 444 209 519 τέλματα
228 442 264 502 τά
279 441 356 520 παραὶ
372 441 423 501 τὸν
442 442 572 518 ποταμόν
592 447 690 518 πρῶτα
710 442 825 522 ἄρχεται
840 443 886 501 πί·

83 531 221 601 πλασθαι,
230 530 388 606 διηθέοντος
400 534 451 589 τοῦ
464 529 563 593 ὕδατος
577 535 607 588 ἐκ
620 535 672 589 τοῦ
683 535 822 606 ποταμοῦ·
840 530 887 590 καὶ

83 617 183 677 αὐτίκα
192 643 223 677 τε
236 618 311 676 πλέα
320 617 427 698 γίνεται
440 622 529 677 ταῦτα
542 618 588 676 καὶ
598 622 772 696 παραχρῆμα
784 617 886 697 ἰχθύων

84 709 211 783 σμικρῶν
232 707 371 764 πίπλαται
392 705 494 765 πάντα.
537 704 619 765 κόθεν
640 705 670 764 δὲ
692 705 765 768 οἰκός
786 705 871 765 αύτού

84 795 221 874 γίνεσθαι,
236 793 290 874 ε’γιύ
303 811 352 869 μοι
366 793 451 851 δοκέω
466 794 624 853 κατανοέειν
636 797 729 852 τούτο·
751 797 801 852 τοῦ
819 819 886 871 προ-

84 883 166 957 τέρου
193 882 268 944 ἔτεος
294 879 377 940 έπεοίν
405 880 533 959 ἀπολίπῃ
557 879 573 940 ὅ
600 885 714 950 Νεῖλος,
740 883 767 939 οἰ
794 880 887 959 ἰχθύες

86 969 239 1032 ἐντεκόντες
261 967 300 1027 αἰαὶ
321 973 348 1031 ές
371 968 423 1044 τὴν
445 969 507 1028 ἰλύν
530 967 590 1045 ἅμα
612 973 650 1046 τῷ
676 968 786 1048 ἐσχάτῳ
806 968 887 1028 ύδατι

86 1056 333 1116 ἀπαλλάσσονται·
355 1057 439 1115 ε’πεάν
455 1056 484 1114 δὲ
500 1057 697 1132 περιελθόντας
715 1060 765 1114 τοῦ
783 1056 887 1135 χρόνου

87 1144 174 1204 πάλιν
185 1146 290 1221 ἐπέλθῃ
300 1144 333 1202 τό
347 1143 427 1220 ὕδωρ,
439 1149 469 1202 ε’κ
482 1148 537 1203 τῶν
548 1143 606 1202 οἰῶν
616 1143 720 1202 τούτων
731 1145 888 1220 παραυτίκα

86 1233 212 1311 γίνονται
232 1235 259 1291 οἱ
278 1231 380 1309 ἰχθύες.
415 1233 461 1290 καὶ
480 1232 544 1308 περὶ
564 1235 615 1309 μὲν
631 1232 696 1294 τούς
716 1233 794 1308 ἰχθῦς
816 1230 887 1290 οὕτω

89 1322 173 1398 ἔχει..

129 1407 280 1485 Ἀλείφατι
293 1408 323 1468 δὲ
338 1408 472 1487 χρέωνται
486 1409 644 1488 Αἰγυπτίων
658 1411 685 1468 οἶ
697 1408 761 1485 περὶ
774 1407 809 1466 τά
824 1408 888 1466 ἕλεα
897 1409 934 1466 94
1003 1413 1011 1422 '

89 1498 224 1560 οἰκέοντες
240 1496 296 1556 οἷπδ
310 1500 365 1556 τῶν
378 1498 583 1572 σιλλικυπρίων
596 1501 646 1555 τοῦ
663 1500 779 1572 καρποῦ,
793 1494 827 1554 τά
842 1521 888 1554 κα·

88 1589 172 1644 λεῦσι
186 1587 238 1662 μὲν
251 1583 401 1665 Αἰγύπτιοι
419 1585 483 1642 κίκι·
504 1587 617 1642 ποιεῦσι
636 1583 665 1642 δὲ
682 1581 743 1642 ὧδε·
764 1583 841 1659 παραὶ
853 1583 890 1642 τά

88 1674 189 1751 χείλεα
205 1677 260 1732 τῶν
275 1697 306 1731 τε
325 1677 459 1748 ποταμῶν
473 1673 519 1730 καὶ
536 1677 592 1731 τῶν
608 1673 727 1747 λιμνέων
740 1672 890 1749 σπείρουσι

89 1761 126 1821 τά
153 1759 339 1837 σιλλικύπρια
361 1764 458 1829 ταῦτα,
481 1760 518 1820 τά
542 1766 571 1820 ε’ν
592 1760 721 1836 Ἕλλησι
745 1759 889 1836 αὐτόματα

89 1848 174 1928 ἄγρια
199 1847 309 1923 φύεται·
335 1853 424 1906 ταῦτα
448 1853 477 1908 ἰν
499 1853 535 1926 τῇ
557 1848 688 1929 Αἰγύπτῳ
711 1847 889 1925 σπειρόμενα,

91 1933 200 2009 καρπόν
214 1936 293 2011 φέρει
305 1931 418 1994 πολλόν
430 1938 482 2012 μὲν
496 1936 620 1997 δυσώδεα
652 1938 673 1995 έ·
694 1941 794 1996 τοῦτον
808 1937 891 1996 ε’πειίν

91 2022 291 2092 συλλέξωνται,
311 2027 338 2083 οἱ
357 2026 408 2099 μὲν
427 2023 562 2102 κόψαντες
580 2025 728 2084 α’πιπούσι·
750 2028 776 2084 οἱ
795 2025 825 2084 δὲ
845 2026 891 2083 καὶ

92 2109 246 2187 φρύψντες
269 2111 420 2190 ἀπέψουσι,
444 2113 490 2170 καὶ
516 2111 549 2172 τό
574 2112 712 2190 ιίπορρέον
736 2112 783 2171 ἀπ’
807 2112 892 2172 αὐτοῦ

91 2199 317 2278 συγκομίζονται.
352 2199 461 2259 ἔστιδὲ
481 2205 547 2260 πῖον
568 2202 613 2259 καὶ
634 2201 714 2259 οὐδὲν
728 2198 824 2275 ἧσσον
841 2204 892 2259 τοῦ

92 2287 188 2344 ε’λαίου
205 2291 244 2365 τῷ
259 2287 352 2367 λύχνῳ
368 2291 515 2364 προσηνὲς,
530 2287 620 2364 όδμην
638 2289 668 2346 δὲ
685 2289 793 2364 βαρέαν
808 2288 893 2364 παρέ·

90 2400 182 2453 χεται.
195 2375 290 2451 ,Πρὸς
303 2376 333 2433 δὲ
345 2375 411 2438 τούς
424 2376 554 2438 κώνωπας
568 2375 709 2451 άφθόνους
723 2375 818 2438 ε’όντας
827 2375 892 2434 τάδε
902 2377 940 2435 95

92 2463 152 2537 σφί
164 2466 226 2521 ἔστι
239 2464 466 2542 μεμηχανημένα·
483 2464 549 2526 τούς
562 2467 613 2540 μὲν
624 2463 660 2522 τά
673 2463 729 2522 ἅνω
741 2467 796 2523 τῶν
810 2463 894 2523 ἑλέων

93 2550 233 2614 οἰκέοντας
248 2553 274 2610 οἰ
288 2551 390 2631 πύργοι
407 2551 573 2627 ὠφελέουσι,
589 2557 616 2615 ές
632 2552 679 2613 οὓς
695 2550 894 2626 ἀναβαίνοντες

92 2638 260 2714 κοιμέονται·
278 2643 304 2698 οἰ
317 2639 373 2720 γάρ
388 2639 512 2702 κώνωπες
520 2639 574 2698 ύπὸ
589 2644 644 2698 τῶν
657 2638 764 2713 οἰνέμων
777 2636 827 2696 ούκ
841 2636 898 2696 οἶοί

92 2753 124 2786 τε
135 2730 192 2786 εἰσι
203 2726 277 2804 ύψού
287 2728 431 2787 πέτεσθαι·
445 2731 523 2788 τοῖσι
537 2729 566 2786 δὲ
576 2727 639 2802 περὶ
649 2726 684 2784 τοί
696 2727 761 2784 ἕλεα
772 2725 895 2784 οἰκέουσι

92 2814 159 2874 τάδε
173 2813 235 2874 α’ντί
247 2819 303 2875 τῶν
315 2814 428 2896 πύργων
442 2815 519 2874 ἄλλα
531 2812 735 2892 μεμηχάνηται·
756 2815 812 2874 πᾶς
825 2810 896 2889 ἀνὴρ

93 2902 184 2961 αὐτῶν
205 2901 431 2980 α’μφίβληστρον
452 2903 571 2978 ἔκτηται,
590 2907 628 2980 τῷ
648 2906 698 2965 τῆς
718 2902 772 2980 μὲν
790 2898 895 2975 ἡμέρης

95 2991 175 3069 ἰχθῦς
186 2988 302 3070 άγρεύει,
316 2990 369 3065 τὴν
382 2991 412 3049 δὲ
424 2989 510 3050 νύκτα
522 2989 589 3050 τάδε
603 2988 676 3067 αύτῷ
689 2993 801 3068 χρᾶται·
819 2990 848 3046 ἔν
860 2992 897 3065 τῇ

94 3079 264 3138 ἀναπαύεται
285 3081 364 3158 κοίτη
379 3078 444 3155 περὶ
459 3075 564 3154 ταύτην
581 3079 680 3154 ἵστησι
698 3077 732 3138 τά
747 3075 896 3153 α’μφίβλη-

377 3164 596 3191 Ἀλίῖθη

94 3192 192 3243 στρον,
204 3168 250 3224 καὶ
264 3168 357 3227 ἔπειτα
371 3193 400 3227 εν
416 3193 448 3232 υς
460 3193 501 3228 υπ
523 3193 599 3250 αυτιρ
616 3166 756 3230 καθεύδει·
776 3163 854 3224 οἱδὶ.
867 3161 920 3218 κέα-
1007 3242 1010 3247 Ι

87 3276 181 3322 νωπες,Ι
194 3252 228 3328 ἤν
237 3258 294 3336 μὲν
306 3261 338 3315 ἐν
353 3257 456 3340 ίματίῳ
467 3259 679 3341 ε’νελιξάμενος
692 3253 801 3332 εἵιδηῆ
815 3244 951 3312 0vava
