<?xml version="1.0" encoding="UTF-8"?>
<!DOCTYPE html PUBLIC "-//W3C//DTD XHTML 1.0 Transitional//EN"
    "http://www.w3.org/TR/xhtml1/DTD/xhtml1-transitional.dtd">
<html xmlns="http://www.w3.org/1999/xhtml" xml:lang="en" lang="en">
 <head>
  <title>
</title>
<meta http-equiv="Content-Type" content="text/html;charset=utf-8" />
  <meta name='ocr-system' content='tesseract 3.04.00' />
  <meta name='ocr-capabilities' content='ocr_page ocr_carea ocr_par ocr_line ocrx_word'/>
</head>
<body>
  <div class='ocr_page' id='page_1' title='image "./recensuitjoseph00herogoog_0388.png"; bbox 0 0 2040 3464; ppageno 0'>
   <div class='ocr_carea' id='block_1_1' title="bbox 83 96 949 3416">
    <p class='ocr_par' dir='ltr' id='par_1_1' title="bbox 86 96 887 355">
     <span class='ocr_line' id='line_1_1' title="bbox 89 96 885 174; baseline 0.009 -16"><span class='ocrx_word' id='word_1_1' title='bbox 89 111 227 174; x_wconf 77' lang='grc' dir='ltr'>κιο-ιιι]</span> <span class='ocrx_word' id='word_1_2' title='bbox 371 96 597 161; x_wconf 75' lang='grc' dir='ltr'>Μυκυουυυιι.</span> <span class='ocrx_word' id='word_1_3' title='bbox 838 119 885 165; x_wconf 80' lang='lat'>353</span> 
     </span>
     <span class='ocr_line' id='line_1_2' title="bbox 86 189 887 273; baseline 0.009 -23"><span class='ocrx_word' id='word_1_4' title='bbox 86 195 113 251; x_wconf 83' lang='grc' dir='ltr'>οἱ</span> <span class='ocrx_word' id='word_1_5' title='bbox 130 190 226 268; x_wconf 77' lang='grc' dir='ltr'>ἄνδρες</span> <span class='ocrx_word' id='word_1_6' title='bbox 240 192 335 270; x_wconf 84' lang='grc' dir='ltr'>τρίτου</span> <span class='ocrx_word' id='word_1_7' title='bbox 353 191 448 268; x_wconf 82' lang='grc' dir='ltr'>μηνῦς,</span> <span class='ocrx_word' id='word_1_8' title='bbox 464 194 510 251; x_wconf 85' lang='grc' dir='ltr'>καὶ</span> <span class='ocrx_word' id='word_1_9' title='bbox 526 197 564 272; x_wconf 79' lang='grc' dir='ltr'>τῷ</span> <span class='ocrx_word' id='word_1_10' title='bbox 582 189 617 252; x_wconf 73' lang='grc' dir='ltr'>ἂν</span> <span class='ocrx_word' id='word_1_11' title='bbox 636 194 699 273; x_wconf 81' lang='grc' dir='ltr'>οἴκῃ</span> <span class='ocrx_word' id='word_1_12' title='bbox 714 198 769 254; x_wconf 84' lang='grc' dir='ltr'>τῶν</span> <span class='ocrx_word' id='word_1_13' title='bbox 782 194 887 273; x_wconf 75' lang='grc' dir='ltr'>ἀνδρῶν</span> 
     </span>
     <span class='ocr_line' id='line_1_3' title="bbox 86 279 607 355; baseline 0.004 -15"><span class='ocrx_word' id='word_1_14' title='bbox 86 280 119 340; x_wconf 79' lang='grc' dir='ltr'>τῦ</span> <span class='ocrx_word' id='word_1_15' title='bbox 132 280 251 350; x_wconf 84' lang='grc' dir='ltr'>παιδίον,</span> <span class='ocrx_word' id='word_1_16' title='bbox 265 279 365 341; x_wconf 90' lang='grc' dir='ltr'>τούτου</span> <span class='ocrx_word' id='word_1_17' title='bbox 378 284 444 342; x_wconf 80' lang='grc' dir='ltr'>παῖς</span> <span class='ocrx_word' id='word_1_18' title='bbox 457 282 607 355; x_wconf 80' lang='grc' dir='ltr'>νομίζεται.</span> 
     </span>
    </p>

    <p class='ocr_par' dir='ltr' id='par_1_2' title="bbox 86 368 932 2566">
     <span class='ocr_line' id='line_1_4' title="bbox 128 368 932 449; baseline 0.007 -20"><span class='ocrx_word' id='word_1_19' title='bbox 128 368 214 429; x_wconf 88' lang='grc' dir='ltr'>Οῦτοι</span> <span class='ocrx_word' id='word_1_20' title='bbox 239 373 291 446; x_wconf 81' lang='grc' dir='ltr'>μὲν</span> <span class='ocrx_word' id='word_1_21' title='bbox 318 372 345 428; x_wconf 84' lang='grc' dir='ltr'>οἶ</span> <span class='ocrx_word' id='word_1_22' title='bbox 378 370 611 446; x_wconf 78' lang='grc' dir='ltr'>παραθαλάσσιοι</span> <span class='ocrx_word' id='word_1_23' title='bbox 637 374 692 432; x_wconf 87' lang='grc' dir='ltr'>τιῦν</span> <span class='ocrx_word' id='word_1_24' title='bbox 725 372 932 449; x_wconf 82' lang='grc' dir='ltr'>Νομάδων181</span> 
     </span>
     <span class='ocr_line' id='line_1_5' title="bbox 86 458 886 542; baseline 0.004 -24"><span class='ocrx_word' id='word_1_25' title='bbox 86 458 201 534; x_wconf 82' lang='grc' dir='ltr'>Λιβύων</span> <span class='ocrx_word' id='word_1_26' title='bbox 222 459 351 536; x_wconf 81' lang='grc' dir='ltr'>εἰρέαται·</span> <span class='ocrx_word' id='word_1_27' title='bbox 375 458 444 534; x_wconf 83' lang='grc' dir='ltr'>ῦπὲρ</span> <span class='ocrx_word' id='word_1_28' title='bbox 466 459 496 518; x_wconf 81' lang='grc' dir='ltr'>δὲ</span> <span class='ocrx_word' id='word_1_29' title='bbox 517 459 621 519; x_wconf 89' lang='grc' dir='ltr'>τούτων</span> <span class='ocrx_word' id='word_1_30' title='bbox 643 465 670 523; x_wconf 81' lang='grc' dir='ltr'>ές</span> <span class='ocrx_word' id='word_1_31' title='bbox 690 461 847 542; x_wconf 88' lang='grc' dir='ltr'>μεσόγαιαν</span> <span class='ocrx_word' id='word_1_32' title='bbox 867 461 886 537; x_wconf 82' lang='grc' dir='ltr'><em>ἡ</em></span> 
     </span>
     <span class='ocr_line' id='line_1_6' title="bbox 87 543 887 625; baseline 0.003 -19"><span class='ocrx_word' id='word_1_33' title='bbox 87 546 222 624; x_wconf 76' lang='grc' dir='ltr'>θηριώδης</span> <span class='ocrx_word' id='word_1_34' title='bbox 235 548 297 605; x_wconf 87' lang='grc' dir='ltr'>ε’στὶ</span> <span class='ocrx_word' id='word_1_35' title='bbox 310 547 416 623; x_wconf 83' lang='grc' dir='ltr'>Λιβύη·</span> <span class='ocrx_word' id='word_1_36' title='bbox 438 547 506 624; x_wconf 80' lang='grc' dir='ltr'>ῦπέρ</span> <span class='ocrx_word' id='word_1_37' title='bbox 519 543 550 606; x_wconf 77' lang='grc' dir='ltr'>δὲ</span> <span class='ocrx_word' id='word_1_38' title='bbox 565 552 615 623; x_wconf 78' lang='grc' dir='ltr'>τῆς</span> <span class='ocrx_word' id='word_1_39' title='bbox 629 548 775 625; x_wconf 76' lang='grc' dir='ltr'>θηριώδεος</span> <span class='ocrx_word' id='word_1_40' title='bbox 794 548 887 625; x_wconf 84' lang='grc' dir='ltr'>ὀφρύη</span> 
     </span>
     <span class='ocr_line' id='line_1_7' title="bbox 87 634 888 712; baseline 0.005 -20"><span class='ocrx_word' id='word_1_41' title='bbox 87 634 203 712; x_wconf 83' lang='grc' dir='ltr'>ψάμμης</span> <span class='ocrx_word' id='word_1_42' title='bbox 230 634 350 709; x_wconf 83' lang='grc' dir='ltr'>κατήκει,</span> <span class='ocrx_word' id='word_1_43' title='bbox 375 637 582 712; x_wconf 82' lang='grc' dir='ltr'>παρατείνουσα</span> <span class='ocrx_word' id='word_1_44' title='bbox 605 635 662 695; x_wconf 75' lang='grc' dir='ltr'>ἀπὸ</span> <span class='ocrx_word' id='word_1_45' title='bbox 689 637 807 712; x_wconf 80' lang='grc' dir='ltr'>Θηβέων</span> <span class='ocrx_word' id='word_1_46' title='bbox 832 640 888 696; x_wconf 83' lang='grc' dir='ltr'>τῶν</span> 
     </span>
     <span class='ocr_line' id='line_1_8' title="bbox 86 722 887 803; baseline 0.002 -23"><span class='ocrx_word' id='word_1_47' title='bbox 86 723 259 803; x_wconf 76' lang='grc' dir='ltr'>Αἰγυπτιέων</span> <span class='ocrx_word' id='word_1_48' title='bbox 290 724 336 781; x_wconf 84' lang='grc' dir='ltr'>ε’πὶ</span> <span class='ocrx_word' id='word_1_49' title='bbox 369 722 542 799; x_wconf 76' lang='grc' dir='ltr'>Ἡρακληίας</span> <span class='ocrx_word' id='word_1_50' title='bbox 572 724 689 799; x_wconf 79' lang='grc' dir='ltr'>στήλας·</span> <span class='ocrx_word' id='word_1_51' title='bbox 733 729 762 783; x_wconf 81' lang='grc' dir='ltr'>έν</span> <span class='ocrx_word' id='word_1_52' title='bbox 791 725 821 783; x_wconf 82' lang='grc' dir='ltr'>δὲ</span> <span class='ocrx_word' id='word_1_53' title='bbox 850 727 887 802; x_wconf 77' lang='grc' dir='ltr'>τῇ</span> 
     </span>
     <span class='ocr_line' id='line_1_9' title="bbox 87 809 887 891; baseline 0.001 -22"><span class='ocrx_word' id='word_1_54' title='bbox 87 809 180 889; x_wconf 78' lang='grc' dir='ltr'>ὀφρύῃ</span> <span class='ocrx_word' id='word_1_55' title='bbox 210 810 296 891; x_wconf 82' lang='grc' dir='ltr'>ταύτῃ</span> <span class='ocrx_word' id='word_1_56' title='bbox 331 810 459 888; x_wconf 82' lang='grc' dir='ltr'>μάλιστα</span> <span class='ocrx_word' id='word_1_57' title='bbox 489 812 534 870; x_wconf 76' lang='grc' dir='ltr'>διά</span> <span class='ocrx_word' id='word_1_58' title='bbox 564 813 629 871; x_wconf 88' lang='grc' dir='ltr'>δέκα</span> <span class='ocrx_word' id='word_1_59' title='bbox 658 812 782 889; x_wconf 76' lang='grc' dir='ltr'>ἡμερέων</span> <span class='ocrx_word' id='word_1_60' title='bbox 812 811 887 882; x_wconf 81' lang='grc' dir='ltr'>ὁδοῦ,</span> 
     </span>
     <span class='ocr_line' id='line_1_10' title="bbox 87 897 887 981; baseline 0.001 -24"><span class='ocrx_word' id='word_1_61' title='bbox 87 897 156 962; x_wconf 73' lang='grc' dir='ltr'>ἁλός</span> <span class='ocrx_word' id='word_1_62' title='bbox 174 905 236 959; x_wconf 87' lang='grc' dir='ltr'>ε’στι</span> <span class='ocrx_word' id='word_1_63' title='bbox 251 900 360 977; x_wconf 84' lang='grc' dir='ltr'>τρύφεα</span> <span class='ocrx_word' id='word_1_64' title='bbox 374 899 445 960; x_wconf 72' lang='grc' dir='ltr'>κατὰ</span> <span class='ocrx_word' id='word_1_65' title='bbox 457 900 590 979; x_wconf 86' lang='grc' dir='ltr'>χόνδρους</span> <span class='ocrx_word' id='word_1_66' title='bbox 603 900 744 981; x_wconf 79' lang='grc' dir='ltr'>μεγάλους</span> <span class='ocrx_word' id='word_1_67' title='bbox 758 906 787 960; x_wconf 83' lang='grc' dir='ltr'>ἔν</span> <span class='ocrx_word' id='word_1_68' title='bbox 801 905 887 959; x_wconf 86' lang='grc' dir='ltr'>κολω·</span> 
     </span>
     <span class='ocr_line' id='line_1_11' title="bbox 86 988 887 1068; baseline 0 -22"><span class='ocrx_word' id='word_1_69' title='bbox 86 991 170 1047; x_wconf 86' lang='grc' dir='ltr'>νοΐσι·</span> <span class='ocrx_word' id='word_1_70' title='bbox 192 990 238 1047; x_wconf 86' lang='grc' dir='ltr'>καὶ</span> <span class='ocrx_word' id='word_1_71' title='bbox 259 993 288 1048; x_wconf 79' lang='grc' dir='ltr'>ἐν</span> <span class='ocrx_word' id='word_1_72' title='bbox 308 992 451 1068; x_wconf 73' lang='grc' dir='ltr'>κορυφῇσι</span> <span class='ocrx_word' id='word_1_73' title='bbox 472 988 591 1048; x_wconf 79' lang='grc' dir='ltr'>ἑκάστου</span> <span class='ocrx_word' id='word_1_74' title='bbox 610 993 661 1048; x_wconf 89' lang='grc' dir='ltr'>τοῦ</span> <span class='ocrx_word' id='word_1_75' title='bbox 681 992 808 1048; x_wconf 79' lang='grc' dir='ltr'>κολωνοῦ</span> <span class='ocrx_word' id='word_1_76' title='bbox 823 988 887 1048; x_wconf 87' lang='grc' dir='ltr'>α’να-</span> 
     </span>
     <span class='ocr_line' id='line_1_12' title="bbox 87 1076 886 1158; baseline 0 -23"><span class='ocrx_word' id='word_1_77' title='bbox 87 1077 203 1147; x_wconf 85' lang='grc' dir='ltr'>κοντίζει</span> <span class='ocrx_word' id='word_1_78' title='bbox 220 1082 249 1135; x_wconf 89' lang='grc' dir='ltr'>ε’κ</span> <span class='ocrx_word' id='word_1_79' title='bbox 267 1078 359 1153; x_wconf 80' lang='grc' dir='ltr'>μέσου</span> <span class='ocrx_word' id='word_1_80' title='bbox 369 1080 425 1135; x_wconf 90' lang='grc' dir='ltr'>-τοῦ</span> <span class='ocrx_word' id='word_1_81' title='bbox 439 1076 508 1140; x_wconf 82' lang='grc' dir='ltr'>άλὸς</span> <span class='ocrx_word' id='word_1_82' title='bbox 520 1076 592 1153; x_wconf 84' lang='grc' dir='ltr'>ῦδωρ</span> <span class='ocrx_word' id='word_1_83' title='bbox 607 1077 715 1156; x_wconf 84' lang='grc' dir='ltr'>ψυχρῦν</span> <span class='ocrx_word' id='word_1_84' title='bbox 729 1078 774 1136; x_wconf 85' lang='grc' dir='ltr'>καὶ</span> <span class='ocrx_word' id='word_1_85' title='bbox 787 1076 886 1158; x_wconf 90' lang='grc' dir='ltr'>γλυκύ·</span> 
     </span>
     <span class='ocr_line' id='line_1_13' title="bbox 86 1163 888 1244; baseline 0.001 -21"><span class='ocrx_word' id='word_1_86' title='bbox 86 1166 150 1240; x_wconf 85' lang='grc' dir='ltr'>περὶ</span> <span class='ocrx_word' id='word_1_87' title='bbox 170 1165 200 1223; x_wconf 82' lang='grc' dir='ltr'>δὲ</span> <span class='ocrx_word' id='word_1_88' title='bbox 221 1165 288 1224; x_wconf 79' lang='grc' dir='ltr'>αῦτῦ</span> <span class='ocrx_word' id='word_1_89' title='bbox 309 1163 449 1242; x_wconf 80' lang='grc' dir='ltr'>ἅνθρωποι</span> <span class='ocrx_word' id='word_1_90' title='bbox 471 1165 592 1224; x_wconf 83' lang='grc' dir='ltr'>οἰκέουσι</span> <span class='ocrx_word' id='word_1_91' title='bbox 613 1167 729 1244; x_wconf 84' lang='grc' dir='ltr'>έσχατοι</span> <span class='ocrx_word' id='word_1_92' title='bbox 749 1164 819 1241; x_wconf 80' lang='grc' dir='ltr'>πρδς</span> <span class='ocrx_word' id='word_1_93' title='bbox 838 1169 888 1240; x_wconf 78' lang='grc' dir='ltr'>τῆς</span> 
     </span>
     <span class='ocr_line' id='line_1_14' title="bbox 87 1251 886 1330; baseline 0.003 -20"><span class='ocrx_word' id='word_1_94' title='bbox 87 1253 199 1328; x_wconf 81' lang='grc' dir='ltr'>ἐρήμου,</span> <span class='ocrx_word' id='word_1_95' title='bbox 215 1254 262 1311; x_wconf 78' lang='grc' dir='ltr'>καὶ</span> <span class='ocrx_word' id='word_1_96' title='bbox 281 1252 351 1330; x_wconf 85' lang='grc' dir='ltr'>ῦπὲρ</span> <span class='ocrx_word' id='word_1_97' title='bbox 371 1257 421 1327; x_wconf 79' lang='grc' dir='ltr'>τῆς</span> <span class='ocrx_word' id='word_1_98' title='bbox 443 1253 597 1328; x_wconf 79' lang='grc' dir='ltr'>θηριώδεος.</span> <span class='ocrx_word' id='word_1_99' title='bbox 631 1253 736 1329; x_wconf 78' lang='grc' dir='ltr'>πρύτοι</span> <span class='ocrx_word' id='word_1_100' title='bbox 756 1255 816 1329; x_wconf 80' lang='grc' dir='ltr'>μὲν,</span> <span class='ocrx_word' id='word_1_101' title='bbox 829 1251 886 1312; x_wconf 81' lang='grc' dir='ltr'>άπὸ</span> 
     </span>
     <span class='ocr_line' id='line_1_15' title="bbox 87 1339 888 1420; baseline 0.004 -21"><span class='ocrx_word' id='word_1_102' title='bbox 87 1342 205 1416; x_wconf 75' lang='grc' dir='ltr'>Θηβέων</span> <span class='ocrx_word' id='word_1_103' title='bbox 226 1341 272 1400; x_wconf 80' lang='grc' dir='ltr'>διὰ</span> <span class='ocrx_word' id='word_1_104' title='bbox 290 1341 356 1399; x_wconf 85' lang='grc' dir='ltr'>δέκα</span> <span class='ocrx_word' id='word_1_105' title='bbox 374 1339 497 1416; x_wconf 84' lang='grc' dir='ltr'>ήμερέων</span> <span class='ocrx_word' id='word_1_106' title='bbox 514 1339 588 1410; x_wconf 84' lang='grc' dir='ltr'>ὁδοῦ,</span> <span class='ocrx_word' id='word_1_107' title='bbox 602 1340 763 1418; x_wconf 77' lang='grc' dir='ltr'>Ἀμμώνιοι,</span> <span class='ocrx_word' id='word_1_108' title='bbox 778 1341 888 1420; x_wconf 80' lang='grc' dir='ltr'>ἔχοντες</span> 
     </span>
     <span class='ocr_line' id='line_1_16' title="bbox 87 1427 888 1510; baseline -0.001 -22"><span class='ocrx_word' id='word_1_109' title='bbox 87 1429 120 1488; x_wconf 80' lang='grc' dir='ltr'>τῦ</span> <span class='ocrx_word' id='word_1_110' title='bbox 144 1428 202 1506; x_wconf 83' lang='grc' dir='ltr'>ἶρῦν</span> <span class='ocrx_word' id='word_1_111' title='bbox 227 1427 283 1489; x_wconf 82' lang='grc' dir='ltr'>οἷπῦ</span> <span class='ocrx_word' id='word_1_112' title='bbox 307 1433 358 1488; x_wconf 90' lang='grc' dir='ltr'>τοῦ</span> <span class='ocrx_word' id='word_1_113' title='bbox 382 1429 523 1504; x_wconf 68' lang='grc' dir='ltr'>Θηβαιέος</span> <span class='ocrx_word' id='word_1_114' title='bbox 547 1428 623 1490; x_wconf 87' lang='grc' dir='ltr'>Διός·</span> <span class='ocrx_word' id='word_1_115' title='bbox 654 1429 699 1486; x_wconf 81' lang='grc' dir='ltr'>καὶ</span> <span class='ocrx_word' id='word_1_116' title='bbox 722 1428 777 1510; x_wconf 69' lang='grc' dir='ltr'>γάρ</span> <span class='ocrx_word' id='word_1_117' title='bbox 800 1427 833 1488; x_wconf 78' lang='grc' dir='ltr'>τῦ</span> <span class='ocrx_word' id='word_1_118' title='bbox 858 1433 888 1487; x_wconf 82' lang='grc' dir='ltr'>ἒν</span> 
     </span>
     <span class='ocr_line' id='line_1_17' title="bbox 87 1516 888 1596; baseline 0 -20"><span class='ocrx_word' id='word_1_119' title='bbox 87 1517 212 1596; x_wconf 83' lang='grc' dir='ltr'>Θήβησι,</span> <span class='ocrx_word' id='word_1_120' title='bbox 228 1516 263 1580; x_wconf 80' lang='grc' dir='ltr'>ὦς</span> <span class='ocrx_word' id='word_1_121' title='bbox 277 1517 322 1576; x_wconf 88' lang='grc' dir='ltr'>καὶ</span> <span class='ocrx_word' id='word_1_122' title='bbox 335 1517 471 1594; x_wconf 88' lang='grc' dir='ltr'>πρότερον</span> <span class='ocrx_word' id='word_1_123' title='bbox 484 1517 592 1594; x_wconf 82' lang='grc' dir='ltr'>εἴρηταί</span> <span class='ocrx_word' id='word_1_124' title='bbox 603 1542 660 1593; x_wconf 87' lang='grc' dir='ltr'>μοι,</span> <span class='ocrx_word' id='word_1_125' title='bbox 675 1516 888 1595; x_wconf 87' lang='grc' dir='ltr'>κριοπρόσωπον</span> 
     </span>
     <span class='ocr_line' id='line_1_18' title="bbox 87 1602 887 1687; baseline -0.001 -23"><span class='ocrx_word' id='word_1_126' title='bbox 87 1609 137 1665; x_wconf 91' lang='grc' dir='ltr'>τοῦ</span> <span class='ocrx_word' id='word_1_127' title='bbox 164 1605 233 1668; x_wconf 83' lang='grc' dir='ltr'>Διῦς</span> <span class='ocrx_word' id='word_1_128' title='bbox 258 1604 395 1687; x_wconf 84' lang='grc' dir='ltr'>τιῦγαλμά</span> <span class='ocrx_word' id='word_1_129' title='bbox 422 1609 493 1664; x_wconf 89' lang='grc' dir='ltr'>ε’στι.</span> <span class='ocrx_word' id='word_1_130' title='bbox 533 1605 664 1685; x_wconf 83' lang='grc' dir='ltr'>τυγχάνει</span> <span class='ocrx_word' id='word_1_131' title='bbox 687 1605 717 1663; x_wconf 83' lang='grc' dir='ltr'>δὲ</span> <span class='ocrx_word' id='word_1_132' title='bbox 743 1605 789 1663; x_wconf 83' lang='grc' dir='ltr'>καὶ</span> <span class='ocrx_word' id='word_1_133' title='bbox 812 1602 887 1663; x_wconf 73' lang='grc' dir='ltr'>ἄλλο</span> 
     </span>
     <span class='ocr_line' id='line_1_19' title="bbox 88 1691 888 1774; baseline -0.001 -22"><span class='ocrx_word' id='word_1_134' title='bbox 88 1701 144 1771; x_wconf 91' lang='grc' dir='ltr'>σφι</span> <span class='ocrx_word' id='word_1_135' title='bbox 160 1694 231 1770; x_wconf 80' lang='grc' dir='ltr'>ὕδωρ</span> <span class='ocrx_word' id='word_1_136' title='bbox 253 1697 384 1772; x_wconf 86' lang='grc' dir='ltr'>κρηναῖον</span> <span class='ocrx_word' id='word_1_137' title='bbox 400 1692 454 1753; x_wconf 86' lang='grc' dir='ltr'>ε’όν·</span> <span class='ocrx_word' id='word_1_138' title='bbox 474 1693 507 1753; x_wconf 84' lang='grc' dir='ltr'>τῦ</span> <span class='ocrx_word' id='word_1_139' title='bbox 528 1692 644 1769; x_wconf 75' lang='grc' dir='ltr'>τὸνμὲν</span> <span class='ocrx_word' id='word_1_140' title='bbox 664 1691 766 1770; x_wconf 80' lang='grc' dir='ltr'>ὄρθρον</span> <span class='ocrx_word' id='word_1_141' title='bbox 782 1695 888 1774; x_wconf 88' lang='grc' dir='ltr'>γίνεται</span> 
     </span>
     <span class='ocr_line' id='line_1_20' title="bbox 86 1780 887 1863; baseline -0.002 -23"><span class='ocrx_word' id='word_1_142' title='bbox 86 1781 216 1860; x_wconf 81' lang='grc' dir='ltr'>χλιαρῦν,</span> <span class='ocrx_word' id='word_1_143' title='bbox 227 1782 331 1863; x_wconf 79' lang='grc' dir='ltr'>ἀγορῆς</span> <span class='ocrx_word' id='word_1_144' title='bbox 343 1781 374 1840; x_wconf 83' lang='grc' dir='ltr'>δὲ</span> <span class='ocrx_word' id='word_1_145' title='bbox 386 1780 569 1857; x_wconf 87' lang='grc' dir='ltr'>πληθυούσης</span> <span class='ocrx_word' id='word_1_146' title='bbox 582 1780 764 1860; x_wconf 86' lang='grc' dir='ltr'>ψυχρότερον·</span> <span class='ocrx_word' id='word_1_147' title='bbox 778 1807 887 1858; x_wconf 88' lang='grc' dir='ltr'>μεσαμ-</span> 
     </span>
     <span class='ocr_line' id='line_1_21' title="bbox 87 1868 885 1950; baseline -0.004 -20"><span class='ocrx_word' id='word_1_148' title='bbox 87 1872 157 1948; x_wconf 86' lang='grc' dir='ltr'>βρίη</span> <span class='ocrx_word' id='word_1_149' title='bbox 181 1872 213 1929; x_wconf 87' lang='grc' dir='ltr'>τέ</span> <span class='ocrx_word' id='word_1_150' title='bbox 234 1876 304 1940; x_wconf 87' lang='grc' dir='ltr'>ε’στι,</span> <span class='ocrx_word' id='word_1_151' title='bbox 321 1871 367 1928; x_wconf 85' lang='grc' dir='ltr'>καὶ</span> <span class='ocrx_word' id='word_1_152' title='bbox 387 1869 420 1928; x_wconf 84' lang='grc' dir='ltr'>τὸ</span> <span class='ocrx_word' id='word_1_153' title='bbox 443 1868 531 1946; x_wconf 88' lang='grc' dir='ltr'>κάρτα</span> <span class='ocrx_word' id='word_1_154' title='bbox 551 1870 657 1950; x_wconf 85' lang='grc' dir='ltr'>γίνεται</span> <span class='ocrx_word' id='word_1_155' title='bbox 674 1869 791 1948; x_wconf 91' lang='grc' dir='ltr'>ψυχρόν·</span> <span class='ocrx_word' id='word_1_156' title='bbox 812 1894 885 1944; x_wconf 88' lang='grc' dir='ltr'>τηνι-</span> 
     </span>
     <span class='ocr_line' id='line_1_22' title="bbox 88 1957 888 2035; baseline -0.004 -16"><span class='ocrx_word' id='word_1_157' title='bbox 88 1964 176 2019; x_wconf 89' lang='grc' dir='ltr'>καῦτα</span> <span class='ocrx_word' id='word_1_158' title='bbox 196 1961 226 2018; x_wconf 79' lang='grc' dir='ltr'>δὲ</span> <span class='ocrx_word' id='word_1_159' title='bbox 246 1959 363 2035; x_wconf 80' lang='grc' dir='ltr'>ἄρδουσι</span> <span class='ocrx_word' id='word_1_160' title='bbox 383 1958 447 2021; x_wconf 87' lang='grc' dir='ltr'>τοῦς</span> <span class='ocrx_word' id='word_1_161' title='bbox 468 1957 581 2033; x_wconf 88' lang='grc' dir='ltr'>κήπους·</span> <span class='ocrx_word' id='word_1_162' title='bbox 614 1957 835 2035; x_wconf 82' lang='grc' dir='ltr'>α’ποκλινομένης</span> <span class='ocrx_word' id='word_1_163' title='bbox 858 1958 888 2017; x_wconf 80' lang='grc' dir='ltr'>δὲ</span> 
     </span>
     <span class='ocr_line' id='line_1_23' title="bbox 87 2043 888 2125; baseline -0.001 -20"><span class='ocrx_word' id='word_1_164' title='bbox 87 2053 138 2124; x_wconf 82' lang='grc' dir='ltr'>τῆς</span> <span class='ocrx_word' id='word_1_165' title='bbox 157 2048 262 2125; x_wconf 81' lang='grc' dir='ltr'>ἡμέρης</span> <span class='ocrx_word' id='word_1_166' title='bbox 284 2048 393 2106; x_wconf 76' lang='grc' dir='ltr'>ὑπίεται</span> <span class='ocrx_word' id='word_1_167' title='bbox 416 2050 465 2105; x_wconf 88' lang='grc' dir='ltr'>τοῦ</span> <span class='ocrx_word' id='word_1_168' title='bbox 490 2050 608 2125; x_wconf 81' lang='grc' dir='ltr'>ψυχροῦ,</span> <span class='ocrx_word' id='word_1_169' title='bbox 634 2051 661 2108; x_wconf 80' lang='grc' dir='ltr'>ἐς</span> <span class='ocrx_word' id='word_1_170' title='bbox 685 2043 717 2105; x_wconf 84' lang='grc' dir='ltr'>οῦ</span> <span class='ocrx_word' id='word_1_171' title='bbox 741 2045 836 2105; x_wconf 87' lang='grc' dir='ltr'>δύεταί</span> <span class='ocrx_word' id='word_1_172' title='bbox 857 2071 888 2106; x_wconf 90' lang='grc' dir='ltr'>τε</span> 
     </span>
     <span class='ocr_line' id='line_1_24' title="bbox 89 2133 889 2216; baseline -0.001 -21"><span class='ocrx_word' id='word_1_173' title='bbox 89 2136 105 2196; x_wconf 80' lang='grc' dir='ltr'>ὅ</span> <span class='ocrx_word' id='word_1_174' title='bbox 118 2136 197 2212; x_wconf 82' lang='grc' dir='ltr'>ἥλιος</span> <span class='ocrx_word' id='word_1_175' title='bbox 212 2137 258 2194; x_wconf 85' lang='grc' dir='ltr'>καὶ</span> <span class='ocrx_word' id='word_1_176' title='bbox 271 2135 303 2195; x_wconf 78' lang='grc' dir='ltr'>τῦ</span> <span class='ocrx_word' id='word_1_177' title='bbox 317 2135 388 2212; x_wconf 82' lang='grc' dir='ltr'>ὕδωρ</span> <span class='ocrx_word' id='word_1_178' title='bbox 402 2136 508 2216; x_wconf 88' lang='grc' dir='ltr'>γίνεται</span> <span class='ocrx_word' id='word_1_179' title='bbox 520 2133 649 2213; x_wconf 85' lang='grc' dir='ltr'>χλιαρόν·</span> <span class='ocrx_word' id='word_1_180' title='bbox 672 2135 718 2194; x_wconf 78' lang='grc' dir='ltr'>ἐπὶ</span> <span class='ocrx_word' id='word_1_181' title='bbox 731 2134 761 2194; x_wconf 82' lang='grc' dir='ltr'>δὲ</span> <span class='ocrx_word' id='word_1_182' title='bbox 774 2138 889 2211; x_wconf 74' lang='grc' dir='ltr'>μᾶλλον</span> 
     </span>
     <span class='ocr_line' id='line_1_25' title="bbox 90 2223 888 2301; baseline -0.001 -17"><span class='ocrx_word' id='word_1_183' title='bbox 90 2224 131 2284; x_wconf 61' lang='lat' dir='ltr'>{av</span> <span class='ocrx_word' id='word_1_184' title='bbox 155 2230 182 2288; x_wconf 81' lang='grc' dir='ltr'>ἐς</span> <span class='ocrx_word' id='word_1_185' title='bbox 203 2224 236 2284; x_wconf 79' lang='grc' dir='ltr'>τῦ</span> <span class='ocrx_word' id='word_1_186' title='bbox 260 2224 363 2301; x_wconf 78' lang='grc' dir='ltr'>θερμὸν</span> <span class='ocrx_word' id='word_1_187' title='bbox 381 2228 408 2286; x_wconf 80' lang='grc' dir='ltr'>ἐς</span> <span class='ocrx_word' id='word_1_188' title='bbox 427 2225 516 2300; x_wconf 85' lang='grc' dir='ltr'>μέσας</span> <span class='ocrx_word' id='word_1_189' title='bbox 540 2223 638 2287; x_wconf 86' lang='grc' dir='ltr'>νύκτας</span> <span class='ocrx_word' id='word_1_190' title='bbox 660 2224 784 2294; x_wconf 86' lang='grc' dir='ltr'>πελάζει·</span> <span class='ocrx_word' id='word_1_191' title='bbox 816 2249 888 2299; x_wconf 85' lang='grc' dir='ltr'>τηνι·</span> 
     </span>
     <span class='ocr_line' id='line_1_26' title="bbox 89 2311 889 2390; baseline -0.003 -18"><span class='ocrx_word' id='word_1_192' title='bbox 89 2317 177 2373; x_wconf 88' lang='grc' dir='ltr'>καῦτα</span> <span class='ocrx_word' id='word_1_193' title='bbox 197 2313 227 2371; x_wconf 83' lang='grc' dir='ltr'>δὲ</span> <span class='ocrx_word' id='word_1_194' title='bbox 248 2313 301 2383; x_wconf 84' lang='grc' dir='ltr'>ζέει</span> <span class='ocrx_word' id='word_1_195' title='bbox 322 2311 500 2388; x_wconf 73' lang='grc' dir='ltr'>ἀμβολάδην·</span> <span class='ocrx_word' id='word_1_196' title='bbox 537 2311 726 2390; x_wconf 87' lang='grc' dir='ltr'>παρέρχονταί</span> <span class='ocrx_word' id='word_1_197' title='bbox 747 2336 778 2370; x_wconf 92' lang='grc' dir='ltr'>τε</span> <span class='ocrx_word' id='word_1_198' title='bbox 802 2312 889 2387; x_wconf 90' lang='grc' dir='ltr'>μέσαι</span> 
     </span>
     <span class='ocr_line' id='line_1_27' title="bbox 89 2397 890 2479; baseline -0.006 -18"><span class='ocrx_word' id='word_1_199' title='bbox 89 2400 184 2464; x_wconf 86' lang='grc' dir='ltr'>νύκτες</span> <span class='ocrx_word' id='word_1_200' title='bbox 202 2402 248 2461; x_wconf 82' lang='grc' dir='ltr'>καὶ</span> <span class='ocrx_word' id='word_1_201' title='bbox 264 2400 383 2479; x_wconf 81' lang='grc' dir='ltr'>ψύχεται</span> <span class='ocrx_word' id='word_1_202' title='bbox 398 2400 482 2476; x_wconf 90' lang='grc' dir='ltr'>μέχρι</span> <span class='ocrx_word' id='word_1_203' title='bbox 498 2403 526 2461; x_wconf 82' lang='grc' dir='ltr'>ές</span> <span class='ocrx_word' id='word_1_204' title='bbox 541 2397 592 2474; x_wconf 82' lang='grc' dir='ltr'>ήιῦ·</span> <span class='ocrx_word' id='word_1_205' title='bbox 613 2400 761 2473; x_wconf 79' lang='grc' dir='ltr'>ἐπίκλησιν</span> <span class='ocrx_word' id='word_1_206' title='bbox 778 2398 807 2457; x_wconf 79' lang='grc' dir='ltr'>δὲ</span> <span class='ocrx_word' id='word_1_207' title='bbox 820 2398 890 2476; x_wconf 84' lang='grc' dir='ltr'>αῦτη</span> 
     </span>
     <span class='ocr_line' id='line_1_28' title="bbox 89 2487 476 2566; baseline -0.01 -18"><span class='ocrx_word' id='word_1_208' title='bbox 89 2489 108 2565; x_wconf 81' lang='grc' dir='ltr'><strong><em>ἡ</em></strong></span> <span class='ocrx_word' id='word_1_209' title='bbox 122 2489 209 2566; x_wconf 85' lang='grc' dir='ltr'>κρήνη</span> <span class='ocrx_word' id='word_1_210' title='bbox 223 2490 353 2548; x_wconf 87' lang='grc' dir='ltr'>καλέεται</span> <span class='ocrx_word' id='word_1_211' title='bbox 364 2487 476 2546; x_wconf 89' lang='grc' dir='ltr'>Ἡλίου.</span> 
     </span>
    </p>

    <p class='ocr_par' dir='ltr' id='par_1_3' title="bbox 83 2573 949 3365">
     <span class='ocr_line' id='line_1_29' title="bbox 130 2573 937 2653; baseline -0.004 -16"><span class='ocrx_word' id='word_1_212' title='bbox 130 2577 212 2637; x_wconf 80' lang='grc' dir='ltr'>Μετιὶ</span> <span class='ocrx_word' id='word_1_213' title='bbox 232 2577 262 2636; x_wconf 80' lang='grc' dir='ltr'>δὲ</span> <span class='ocrx_word' id='word_1_214' title='bbox 274 2576 455 2653; x_wconf 86' lang='grc' dir='ltr'>Ἀμμωνίους,</span> <span class='ocrx_word' id='word_1_215' title='bbox 470 2573 515 2633; x_wconf 73' lang='grc' dir='ltr'>διὰ</span> <span class='ocrx_word' id='word_1_216' title='bbox 535 2578 586 2649; x_wconf 82' lang='grc' dir='ltr'>τῆς</span> <span class='ocrx_word' id='word_1_217' title='bbox 605 2573 713 2649; x_wconf 77' lang='grc' dir='ltr'>ὀφρύης</span> <span class='ocrx_word' id='word_1_218' title='bbox 727 2577 779 2649; x_wconf 81' lang='grc' dir='ltr'>τῆς</span> <span class='ocrx_word' id='word_1_219' title='bbox 795 2574 870 2653; x_wconf 87' lang='grc' dir='ltr'>ψάμ·</span> <span class='ocrx_word' id='word_1_220' title='bbox 881 2577 937 2634; x_wconf 79' lang='grc'>182</span> 
     </span>
     <span class='ocr_line' id='line_1_30' title="bbox 85 2662 890 2744; baseline -0.006 -17"><span class='ocrx_word' id='word_1_221' title='bbox 85 2681 152 2744; x_wconf 80' lang='grc' dir='ltr'>μου,</span> <span class='ocrx_word' id='word_1_222' title='bbox 177 2665 211 2726; x_wconf 84' lang='grc' dir='ltr'>δι’</span> <span class='ocrx_word' id='word_1_223' title='bbox 235 2665 345 2724; x_wconf 70' lang='grc' dir='ltr'>ἀλλέων</span> <span class='ocrx_word' id='word_1_224' title='bbox 371 2664 437 2722; x_wconf 88' lang='grc' dir='ltr'>δέκα</span> <span class='ocrx_word' id='word_1_225' title='bbox 464 2663 587 2740; x_wconf 79' lang='grc' dir='ltr'>ἡμερέων</span> <span class='ocrx_word' id='word_1_226' title='bbox 613 2663 687 2732; x_wconf 86' lang='grc' dir='ltr'>ὁδοῦ,</span> <span class='ocrx_word' id='word_1_227' title='bbox 712 2662 833 2727; x_wconf 80' lang='grc' dir='ltr'>κολωνός</span> <span class='ocrx_word' id='word_1_228' title='bbox 858 2689 890 2725; x_wconf 94' lang='grc' dir='ltr'>τε</span> 
     </span>
     <span class='ocr_line' id='line_1_31' title="bbox 89 2749 889 2831; baseline -0.004 -16"><span class='ocrx_word' id='word_1_229' title='bbox 89 2754 159 2817; x_wconf 77' lang='grc' dir='ltr'>άλός</span> <span class='ocrx_word' id='word_1_230' title='bbox 173 2760 235 2814; x_wconf 87' lang='grc' dir='ltr'>ε’στι</span> <span class='ocrx_word' id='word_1_231' title='bbox 249 2753 345 2830; x_wconf 79' lang='grc' dir='ltr'>ὁμοῖος</span> <span class='ocrx_word' id='word_1_232' title='bbox 357 2757 396 2831; x_wconf 77' lang='grc' dir='ltr'>τῷ</span> <span class='ocrx_word' id='word_1_233' title='bbox 407 2749 555 2831; x_wconf 78' lang='grc' dir='ltr'>Ἀμμωνίῳ</span> <span class='ocrx_word' id='word_1_234' title='bbox 568 2753 614 2810; x_wconf 90' lang='grc' dir='ltr'>καὶ</span> <span class='ocrx_word' id='word_1_235' title='bbox 627 2750 707 2826; x_wconf 77' lang='grc' dir='ltr'>ὕδωρ·</span> <span class='ocrx_word' id='word_1_236' title='bbox 727 2752 773 2810; x_wconf 87' lang='grc' dir='ltr'>καὶ</span> <span class='ocrx_word' id='word_1_237' title='bbox 786 2750 889 2829; x_wconf 82' lang='grc' dir='ltr'>ἅνθρω-</span> 
     </span>
     <span class='ocr_line' id='line_1_32' title="bbox 88 2839 891 2919; baseline -0.002 -18"><span class='ocrx_word' id='word_1_238' title='bbox 88 2869 139 2902; x_wconf 92' lang='grc' dir='ltr'>ποι</span> <span class='ocrx_word' id='word_1_239' title='bbox 156 2844 220 2919; x_wconf 84' lang='grc' dir='ltr'>περὶ</span> <span class='ocrx_word' id='word_1_240' title='bbox 238 2840 322 2901; x_wconf 78' lang='grc' dir='ltr'>αῦτῦν</span> <span class='ocrx_word' id='word_1_241' title='bbox 340 2841 470 2899; x_wconf 86' lang='grc' dir='ltr'>οἰκέουσι·</span> <span class='ocrx_word' id='word_1_242' title='bbox 492 2844 530 2918; x_wconf 81' lang='grc' dir='ltr'>τῷ</span> <span class='ocrx_word' id='word_1_243' title='bbox 548 2840 578 2898; x_wconf 78' lang='grc' dir='ltr'>δὲ</span> <span class='ocrx_word' id='word_1_244' title='bbox 591 2839 670 2917; x_wconf 77' lang='grc' dir='ltr'>χώρῳ</span> <span class='ocrx_word' id='word_1_245' title='bbox 683 2839 772 2918; x_wconf 83' lang='grc' dir='ltr'>τούτῳ</span> <span class='ocrx_word' id='word_1_246' title='bbox 785 2839 891 2917; x_wconf 74' lang='grc' dir='ltr'>οὕνομα</span> 
     </span>
     <span class='ocr_line' id='line_1_33' title="bbox 90 2927 890 3011; baseline 0 -20"><span class='ocrx_word' id='word_1_247' title='bbox 90 2930 201 3011; x_wconf 83' lang='grc' dir='ltr'>Αύγιλιί</span> <span class='ocrx_word' id='word_1_248' title='bbox 223 2937 294 2990; x_wconf 86' lang='grc' dir='ltr'>ε’στι.</span> <span class='ocrx_word' id='word_1_249' title='bbox 329 2929 369 3008; x_wconf 82' lang='grc' dir='ltr'>(ἐς</span> <span class='ocrx_word' id='word_1_250' title='bbox 387 2932 487 2988; x_wconf 91' lang='grc' dir='ltr'>τοῦτον</span> <span class='ocrx_word' id='word_1_251' title='bbox 504 2927 554 2987; x_wconf 82' lang='grc' dir='ltr'>τῦν</span> <span class='ocrx_word' id='word_1_252' title='bbox 570 2932 660 3006; x_wconf 82' lang='grc' dir='ltr'>χῶρον</span> <span class='ocrx_word' id='word_1_253' title='bbox 675 2930 701 2985; x_wconf 83' lang='grc' dir='ltr'>οἱ</span> <span class='ocrx_word' id='word_1_254' title='bbox 715 2932 890 3003; x_wconf 80' lang='grc' dir='ltr'>Νασαμῶνες</span> 
     </span>
     <span class='ocr_line' id='line_1_34' title="bbox 91 3014 938 3096; baseline -0.004 -17"><span class='ocrx_word' id='word_1_255' title='bbox 91 3019 270 3096; x_wconf 82' lang='grc' dir='ltr'>ὀπωριεῦντες</span> <span class='ocrx_word' id='word_1_256' title='bbox 296 3017 362 3080; x_wconf 87' lang='grc' dir='ltr'>τοῦς</span> <span class='ocrx_word' id='word_1_257' title='bbox 389 3016 516 3092; x_wconf 90' lang='grc' dir='ltr'>φοίνικας</span> <span class='ocrx_word' id='word_1_258' title='bbox 540 3015 708 3095; x_wconf 88' lang='grc' dir='ltr'>φοιτέουσι.)</span> <span class='ocrx_word' id='word_1_259' title='bbox 742 3014 814 3075; x_wconf 81' lang='grc' dir='ltr'>Ἀπό</span> <span class='ocrx_word' id='word_1_260' title='bbox 842 3017 938 3076; x_wconf 80' lang='grc' dir='ltr'>δὲ183</span> 
     </span>
     <span class='ocr_line' id='line_1_35' title="bbox 91 3102 894 3189; baseline -0.002 -22"><span class='ocrx_word' id='word_1_261' title='bbox 91 3107 228 3189; x_wconf 84' lang='grc' dir='ltr'>Λῦγίλων,</span> <span class='ocrx_word' id='word_1_262' title='bbox 253 3106 298 3166; x_wconf 71' lang='grc' dir='ltr'>διὰ</span> <span class='ocrx_word' id='word_1_263' title='bbox 325 3106 391 3165; x_wconf 88' lang='grc' dir='ltr'>δέκα</span> <span class='ocrx_word' id='word_1_264' title='bbox 417 3103 541 3181; x_wconf 73' lang='grc' dir='ltr'>ἡμερέων</span> <span class='ocrx_word' id='word_1_265' title='bbox 564 3102 674 3162; x_wconf 77' lang='grc' dir='ltr'>άλλέων</span> <span class='ocrx_word' id='word_1_266' title='bbox 700 3103 774 3173; x_wconf 87' lang='grc' dir='ltr'>ὁδοῦ,</span> <span class='ocrx_word' id='word_1_267' title='bbox 800 3104 894 3178; x_wconf 80' lang='grc' dir='ltr'>ἔτερος</span> 
     </span>
     <span class='ocr_line' id='line_1_36' title="bbox 91 3187 922 3274; baseline -0.012 -18"><span class='ocrx_word' id='word_1_268' title='bbox 91 3195 160 3258; x_wconf 79' lang='grc' dir='ltr'>άλῦς</span> <span class='ocrx_word' id='word_1_269' title='bbox 181 3195 309 3265; x_wconf 81' lang='grc' dir='ltr'>κολωνῦς,</span> <span class='ocrx_word' id='word_1_270' title='bbox 330 3195 377 3254; x_wconf 80' lang='grc' dir='ltr'>καὶ</span> <span class='ocrx_word' id='word_1_271' title='bbox 401 3192 483 3274; x_wconf 79' lang='grc' dir='ltr'>ὕδωρ,</span> <span class='ocrx_word' id='word_1_272' title='bbox 508 3194 555 3254; x_wconf 70' lang='grc' dir='ltr'>καὶ</span> <span class='ocrx_word' id='word_1_273' title='bbox 578 3192 708 3268; x_wconf 79' lang='grc' dir='ltr'>φοίνικες</span> <span class='ocrx_word' id='word_1_274' title='bbox 731 3187 922 3265; x_wconf 52' lang='grc' dir='ltr'>καρποφὶιυυκ</span> 
     </span>
     <span class='ocr_line' id='line_1_37' title="bbox 83 3270 949 3365; baseline 0 -24"><span class='ocrx_word' id='word_1_275' title='bbox 83 3284 196 3354; x_wconf 78' lang='grc' dir='ltr'>πολλοὶ,</span> <span class='ocrx_word' id='word_1_276' title='bbox 211 3285 339 3365; x_wconf 86' lang='grc' dir='ltr'>κατάπερ</span> <span class='ocrx_word' id='word_1_277' title='bbox 356 3287 404 3346; x_wconf 86' lang='grc' dir='ltr'>καὶ</span> <span class='ocrx_word' id='word_1_278' title='bbox 419 3291 452 3346; x_wconf 82' lang='grc' dir='ltr'>ἐν</span> <span class='ocrx_word' id='word_1_279' title='bbox 466 3291 551 3348; x_wconf 84' lang='grc' dir='ltr'>τοῖσι</span> <span class='ocrx_word' id='word_1_280' title='bbox 564 3282 705 3360; x_wconf 74' lang='grc' dir='ltr'>ἑτέροισι·</span> <span class='ocrx_word' id='word_1_281' title='bbox 723 3270 949 3356; x_wconf 47' lang='lat' dir='ltr'>mmmm</span> 
     </span>
    </p>

    <p class='ocr_par' dir='ltr' id='par_1_4' title="bbox 151 3370 187 3416">
     <span class='ocr_line' id='line_1_38' title="bbox 151 3370 187 3416; baseline -0.028 0"><span class='ocrx_word' id='word_1_282' title='bbox 151 3370 187 3416; x_wconf 82' lang='lat'>28</span> 
     </span>
    </p>
   </div>
   <div class='ocr_carea' id='block_1_2' title="bbox 0 0 1029 3464">
    <p class='ocr_par' dir='ltr' id='par_1_5' title="bbox 0 0 1029 3464">
     <span class='ocr_line' id='line_1_39' title="bbox 0 0 1029 3464; baseline 0 0"><span class='ocrx_word' id='word_1_283' title='bbox 0 0 1029 3464; x_wconf 95' lang='lat' dir='ltr'> </span> 
     </span>
    </p>
   </div>
  </div>
 </body>
</html>
