2040 3464
164 108 212 157 τις
476 109 648 158 ΠΡοΔοτοί
903 109 961 171 [ιν.

164 187 253 246 ούδέν·
274 187 371 260 ἔλεγον
383 186 438 267 γάρ
451 185 485 247 ἂν
499 188 544 245 καὶ
558 187 672 257 Σκύθαι,
688 187 723 251 ῶς
736 188 869 264 περὶτῶν
881 213 960 264 μουν·

164 274 320 350 οφθόλμων
346 277 472 354 λέγουσι.
507 275 572 334 ἀλλ’
596 274 721 355 Ἡσιόδῳ
741 278 793 352 μέν
818 281 881 335 ε’στι
900 280 963 352 περὶ

163 363 356 439 Ὑπερβορέων
373 364 509 440 εἰρημένα,
524 365 585 423 ἑστι
601 363 631 422 δὲ
647 365 693 422 καὶ
711 362 828 441 Ὁμήρῳ
845 368 874 422 ἐν
886 361 962 421 Ἐπι-

162 450 281 532 γόνοισι,
303 455 326 508 εἶ
347 451 380 525 δή
400 455 439 530 τῷ
459 451 531 511 ἐόντι
548 477 582 531 γε
595 449 722 528 Ὅμηρος
738 450 879 510 ταίτατοῖ
898 451 961 508 ἔπεα

115 543 152 600 33
164 541 287 614 ἐποίησε
309 543 417 617 Πολλῷ
438 540 469 598 δέ
484 565 512 598 τι
531 543 655 599 πλεῖστα
670 541 735 616 περὶ
754 538 845 598 αύτῶν
860 537 962 614 Δήλιοι

160 630 286 710 λέγουσι,
301 626 421 703 φάμενοι
440 625 486 704 ἱρά
504 626 663 702 ἐνδεδεμένα
682 632 711 686 ἑν
726 626 840 705 καλάμῃ
860 630 962 702 πυρῶν,

161 718 192 786 ἐξ
211 715 406 791 Ὑπερβορέων
427 714 569 791 φερόμενα
593 713 774 774 ἀπικνέεσθαι
795 719 823 777 ἐς
844 714 974 778 Σκύθας.-

160 804 216 863 άπό
250 808 262 862 ἑ
280 804 406 866 Σκυθέων
425 801 479 878 ήδη
500 803 663 879 δεκομένους
684 804 737 861 αἰεὶ
756 802 822 865 τούς
842 806 963 877 πλησιο·

160 893 266 971 χώρους
288 891 428 960 ἑκάστους,
451 891 572 966 κομίζειν
594 889 664 949 αύτῶ
685 890 718 950 τό
744 890 816 967 πρός
842 890 963 967 ἑσπέρης

162 979 304 1039 ἑκαστάτω
321 979 367 1037 ἐπὶ
379 978 430 1036 τόν
442 977 565 1054 Ἀδρίην·
587 977 713 1037 ἐνθεῦτεν
726 977 755 1036 δέ
768 977 838 1055 πρός
853 1004 962 1054 μεσαμ-

160 1069 245 1145 βρίην
252 1066 474 1144 προπεμπόμενα
487 1066 612 1143 πρώτους
627 1066 805 1129 Δωδωναίους
816 1066 963 1141 Ἑλλήνων

162 1157 300 1216 δέκεσθαι*
322 1154 377 1214 ἀπό
394 1155 424 1212 δὲ
440 1155 544 1214 τούτων
565 1155 743 1230 καταβαίνειν
764 1154 810 1212 ἐπὶ
829 1153 881 1213 τόν
900 1159 962 1229 Μη-

162 1245 225 1304 λιέα
246 1244 361 1313 κόλπον,
376 1243 421 1300 καὶ
440 1242 655 1319 διαπορεύεσθαι
676 1248 703 1304 ἐς
720 1241 858 1318 Εὔβοιαν·
879 1241 963 1302 πόλιν

160 1359 192 1393 τε
216 1338 244 1395 ἐς
263 1332 348 1391 πόλιν
367 1331 495 1407 πέμπειν,
515 1331 600 1408 μέχρι
620 1330 782 1407 Καρύστου·
809 1330 843 1390 τύ
881 1329 962 1390 ὀἷπδ

161 1420 270 1496 ταύτης,
280 1423 402 1478 ἐκλιπεῖν
410 1418 539 1495 Ἀνδρον·
557 1418 733 1494 Καρυστίους
745 1417 800 1498 γάρ
815 1418 886 1478 εἶναι
899 1419 963 1481 τούς

163 1510 324 1582 κομίζοντας
338 1513 365 1568 ἐς
381 1511 479 1581 Τῆνον,
494 1506 609 1582 Τηνίους
623 1506 652 1565 δὲ
666 1510 694 1568 ἐς
707 1510 816 1581 Δῆλον.
853 1506 961 1566 α’πικνέ·

164 1598 245 1655 εσθαι
261 1597 313 1672 μέν
326 1622 373 1654 νυν
387 1599 473 1653 ταῦτα
486 1594 522 1652 τοὶ
538 1594 583 1670 ἱροὶ
597 1593 667 1653 οὕτω
681 1594 799 1674 λέγουσι
814 1599 842 1658 ἐς
856 1601 962 1671 Δῆλον·

162 1689 271 1761 πρῶτον
288 1685 316 1742 δὲ
335 1683 399 1745 τούς
418 1682 623 1758 Ὑπερβορέους
637 1682 747 1759 πέμψαι
764 1682 910 1759 φερούσας
928 1685 962 1744 τά

164 1772 209 1846 ἱρά
226 1772 274 1830 δύο
291 1770 381 1847 κόρας,
394 1769 444 1832 τάς
461 1769 645 1847 ούνομιίζουσι
662 1770 766 1846 Δήλιοι
782 1771 853 1831 εἶναι
865 1771 962 1849 ’Υπερ-

163 1860 232 1936 όχην
254 1885 285 1917 τε
307 1860 353 1916 καὶ
373 1858 522 1933 Λαοδίκην·
552 1858 611 1934 ἅμα
634 1858 664 1917 δέ
686 1857 789 1937 αύτῇσι
816 1858 962 1938 άσφαλίης

164 1949 263 2006 εἵνεκεν
275 1947 385 2022 πέμψαι
398 1946 462 2008 τούς
475 1945 680 2022 Ὑπερβορέους
691 1951 746 2005 τῶν
755 1946 851 2007 οἰστῶν
864 1948 962 2026 ἄνδρας

163 2036 245 2095 πέντε
263 2034 401 2110 πομπούς,
414 2032 529 2096 τούτους
543 2033 568 2092 οἳ
581 2038 629 2093 νῦν
643 2035 802 2110 Περφερέες
816 2036 962 2096 καλέονται

163 2121 244 2199 τιμάς
256 2121 382 2202 μεγάλας
394 2126 422 2180 ἐν
433 2122 519 2200 Δήλῳ
533 2123 651 2200 ἔχοντες·
665 2124 725 2180 ἐπεὶ
736 2122 766 2181 δὲ
776 2127 853 2182 τοῖσι
866 2123 961 2202 ’Υπερ

163 2211 294 2287 βορέοισι
303 2208 367 2272 τούς
375 2207 609 2284 οἷποπεμφθέντας
617 2209 707 2269 ὀπίσω
716 2208 765 2269 ούκ
773 2210 962 2284 ἀπονοστέειν,

164 2297 238 2358 δεινοὶ
254 2299 431 2374 ποιευμένους
446 2302 471 2355 εἰ
489 2299 580 2373 σφέας
598 2299 651 2357 αἰεὶ
668 2297 885 2377 καταλάμψεται
898 2301 963 2361 αἶπο-

163 2389 335 2448 στέλλοντας
355 2385 396 2463 μή
418 2383 612 2456 ἀποδέκεσθαι,
637 2386 708 2446 οὕτω
728 2386 761 2463 δή
783 2389 923 2464 φέροντας
938 2397 963 2454 ἐς

165 2475 229 2537 τούς
243 2474 339 2552 ούρους
351 2474 386 2533 τά
401 2474 446 2549 ἱροὶ
460 2474 618 2550 ἐνδεδεμένα
633 2480 661 2534 ἑν
674 2479 767 2552 πυρῶν
781 2477 898 2556 καλάμῃ
907 2482 963 2543 τοῖς

163 2563 371 2641 πλησιοχώροις
397 2563 577 2637 ἐπισκήπτειν
599 2563 763 2627 κελεύοντας
787 2567 964 2643 προπέμπειν

163 2654 242 2727 σφέα
265 2650 321 2710 ἀπό
345 2654 450 2709 ἑωυτῶν
472 2656 499 2712 ἐς
520 2650 596 2709 ἄλλο
618 2652 704 2714 ἔθνος
734 2652 780 2710 καὶ
802 2656 895 2713 ταῦτα
915 2658 964 2732 μὲν

165 2741 234 2798 οὕτω
250 2739 471 2816 προπεμπόμενα
489 2737 670 2798 α’πικνέεσθαι
683 2739 802 2820 λέγουσι
816 2746 844 2802 ἐς
858 2745 965 2817 Δῆλον·

165 2829 226 2886 οἶδα
246 2828 275 2886 δὲ
291 2827 373 2888 αύτὸς
392 2826 519 2886 τούτοισι
533 2831 611 2886 τοῖσι
626 2831 712 2902 ἱροῖσι
724 2827 787 2887 τόδε
801 2829 965 2906 ποιεύμενον

163 2917 333 2992 προσφερές·
349 2914 399 2976 τάς
413 2915 544 2991 Θρηϊκίας
555 2915 599 2972 καὶ
608 2915 657 2978 τοὶς
666 2915 818 2979 Παιονίδας
824 2923 965 2996 γυναῖκας,

165 3005 247 3062 ἑπειῖν
270 3004 358 3063 θύωσι
379 3007 414 3081 τῇ
435 3002 577 3079 Ἀρτέμιδι
597 3007 633 3082 τῇ
657 3005 809 3082 Βασιληίη,
829 3006 882 3066 ούκ
902 3006 965 3068 ἄνευ

157 3096 255 3170 πυρῶν
269 3091 398 3170 καλάμης
415 3091 536 3153 θυούσας
552 3090 587 3149 τύ
606 3091 660 3166 ἱροί.
703 3092 748 3150 καὶ
763 3097 853 3152 ταῦτα
866 3095 965 3172 μὲνδή

80 3179 216 3255 ,θέοῖδα
234 3182 346 3248 ταύτας
365 3180 514 3245 ποιεύσας.
544 3179 966 3262 Ὕῇσιδὶπαρδὲυωσιταύτησι

144 3275 218 3350 τῇσι
239 3275 278 3346 ἐξ
296 3273 513 3356 Ὑπερβορέων
530 3262 768 3342 τελευτησύοησι
784 3267 814 3318 ἓν
831 3265 984 3339 δύλςςκδε
