2040 3464
83 106 224 172 122—125]
405 107 566 156 ΕΤΤΕΡΠΠ.
834 112 880 158 169

81 191 109 248 οἱ
122 191 174 266 μὲν
187 186 323 264 πρότερον
336 190 363 247 οἱ
376 187 406 246 δέ
418 187 545 264 ὕστερον,
560 186 595 249 οἷς
608 187 666 266 ἰδίῳ
679 189 785 249 έωυτῶν
799 189 879 250 έόντι·

80 280 137 336 τῷν
150 275 204 355 ε’γιδ
218 275 294 338 είδῶς
306 274 342 334 τά
356 274 497 349 οὐνόματα
511 274 543 333 ου’
556 273 667 354 γράφω.

123 363 218 440 Μέχρι
238 363 290 438 μέν
312 387 360 421 νυν
379 360 562 439 Ῥαμψινίτου
583 363 721 434 βασιλέος
742 362 811 423 εἶναι
831 366 928 428 ε’νλδθ

82 448 215 530 Αἰγύπτῳ
230 453 328 509 πᾶσαν
347 447 476 525 εὐνομίην
493 450 598 529 ἔλεγον,
617 451 662 507 καὶ
681 449 817 526 εὐθηνέειν
833 452 882 510 Αἴ-

81 563 189 619 γυπτον
215 537 354 618 μεγάλως·
381 536 452 614 μετά
480 537 509 595 δὲ
535 541 641 607 τοῦτον,
666 539 882 614 βασιλεύσαντά

83 633 180 703 σφεων
201 625 301 684 Χέοπα
319 629 347 687 ές
369 629 466 684 πᾶσαν
485 623 625 699 κακότητα
646 624 758 685 ἐλάσαι.
800 653 882 686 κατα-

83 713 240 787 κληίσαντα
254 711 310 792 γάρ
323 737 372 788 μιν
384 711 476 770 πάντα
491 712 527 769 τά
544 711 598 786 ἱρά,
611 716 709 788 πρῶτα
725 715 777 790 μέν
789 722 882 791 σφεας

83 800 201 860 θυσιέων
214 797 341 877 άπέρξαι·
362 799 433 876 μετά
449 800 486 868 δὲ,
502 796 668 878 ἐργάζεσθαι
687 804 776 880 ἑωυτῷ
789 801 881 861 κελεύ-

84 911 125 946 ειν
141 885 248 949 πάντας
267 887 444 967 Αἰγυπτίους·
465 890 542 945 τοῖσι
562 886 668 961 μὲνδῆ
689 886 882 969 ἀποδεδέχθαι,

84 978 116 1033 εἰε
137 979 193 1033 τῶν
212 973 395 1051 λιθοτομιέων
415 977 470 1032 τῶν
491 978 520 1032 ἐν
542 977 581 1050 τῷ
601 972 728 1054 Ἀραβίῳ
748 975 830 1054 οὔρεϊ,
852 982 883 1037 ἐκ

84 1062 202 1120 τουτέων
215 1061 306 1120 ἕλκειν
319 1061 415 1123 λίθους
427 1061 512 1139 μέχρι
524 1064 574 1119 τοῦ
588 1062 704 1120 Νειλου·
722 1063 882 1141 διαπεραιω·

85 1149 182 1213 θέντας
194 1149 224 1208 δὲ
236 1148 285 1207 τόν
295 1148 422 1224 ποταμόν
434 1149 562 1208 πλοίοισι
574 1148 639 1211 τούς
652 1149 748 1212 λίθους
763 1152 882 1227 ἑτέροισι

86 1235 163 1305 ἔταξε
180 1236 349 1305 ἐκδέκεσθαι,
367 1235 412 1293 καὶ
429 1235 500 1312 πρός
515 1235 550 1294 τδ
566 1235 693 1311 Λιβυκόν
712 1237 883 1313 καλεύμενον

85 1321 157 1400 ὅρος,
178 1322 250 1399 πρός
271 1327 354 1382 τοῦτο
379 1322 479 1382 ἕλκειν·
504 1323 653 1402 ἐργάζοντο
674 1323 704 1381 δὲ
727 1324 798 1383 κατοὶ
817 1324 882 1384 δέκα

84 1411 219 1488 μυριάδας
232 1410 383 1487 ἀνθρώπων
396 1411 450 1469 αἶεὶ
462 1410 514 1484 τὴν
526 1410 658 1486 τρίμηνον
672 1411 800 1487 ἑκάστην·
816 1411 882 1492 χρά-

85 1525 133 1558 νον
147 1499 177 1557 δὲ
187 1499 350 1579 ἐγγενέσθαι
362 1499 520 1577 τριβομένῳ
534 1501 572 1575 τῷ
585 1497 664 1576 ἄλλῳ
674 1503 742 1576 λαῷ,
754 1499 819 1558 δέκα
831 1504 883 1576 μὲν

86 1587 148 1644 ἔτεα
160 1591 211 1660 τῆς
224 1585 289 1644 ὁδοῦ
300 1585 358 1644 κατ’
366 1586 401 1661 ἣν
412 1585 505 1644 εἷλκον
514 1584 579 1647 τούς
588 1586 692 1655 λίθους,
703 1586 755 1661 τήν
765 1587 882 1664 ἔδειμαν,

87 1675 168 1754 ἔργον
181 1673 227 1733 ε’άν
241 1672 273 1732 οὐ
289 1677 389 1752 πολλῷ
400 1674 452 1752 τέῳ
467 1675 593 1732 ἔλασσον
606 1677 655 1748 τῆς
671 1674 833 1750 πυραμίδος,
849 1675 883 1738 ὦς

87 1763 149 1837 ε’μοὶ
162 1761 275 1820 δοκέειν·
292 1760 354 1841 (τῆς
367 1761 422 1841 γάρ
435 1765 524 1837 μῆκος
535 1761 587 1837 μέν
601 1766 656 1820 εἶσι
669 1763 750 1820 πέντε
765 1763 883 1834 στάδιοι,

87 1849 165 1925 εὖρος
182 1849 212 1907 δὲ
229 1849 296 1907 δέκα
312 1848 430 1928 ὀργυιαὶ,
446 1848 516 1926 ὕψος
534 1849 571 1919 δὲ,
588 1853 623 1928 τῇ
641 1848 805 1926 ὕψηλοτοίτη
822 1852 882 1911 ἐστὶ

86 1936 157 2012 αὕτη
171 1941 279 2011 ἑωυτῆς,
290 1935 362 1995 ὄκτώ
376 1935 492 2016 ὀργυιαὶ,
503 1937 585 1995 λίθου
598 1962 629 1996 τε
642 1937 742 2006 ξεστοῦ
753 1939 799 1996 καὶ
810 1939 883 2008 ζώων

88 2023 340 2105 ἐγγεγλυμμένων)
355 2023 441 2102 ταύτῃ
451 2049 482 2082 τε
494 2023 528 2098 δη
542 2024 577 2082 τά
591 2024 657 2083 δέκα
670 2026 731 2083 ἔτεα
740 2027 881 2105 γενέσθαι,

88 2114 200 2171 καὶτῶν
214 2113 259 2170 ἐπὶ
272 2116 322 2171 τοῦ
337 2111 439 2188 λόφου,
454 2111 496 2170 ἐπ’
510 2108 543 2170 οὗ
557 2115 659 2171 ε’στᾶσι
677 2116 706 2171 αἶ
723 2115 883 2191 πυραμίδες,

86 2204 141 2260 τῶν
159 2200 213 2260 ὑπὸ
231 2203 286 2280 γῆν
304 2198 467 2275 οἰκημάτων,
481 2198 531 2261 τάς
549 2199 671 2259 ἐποιέετο
689 2200 775 2275 θήκας
796 2205 885 2280 ἑωυτῷ

88 2292 117 2346 ε’ν
129 2288 205 2366 νήσῳ
219 2287 339 2366 διώρυχα
354 2291 404 2347 τοῦ
420 2287 527 2346 Νείλου
544 2288 699 2367 ἐσαγαγών.
733 2294 769 2366 τῇ
786 2289 816 2347 δὲ
833 2315 883 2347 πυ·

86 2376 182 2453 ραμίδι
195 2375 264 2452 αὐτῇ
274 2375 376 2453 χρόνον
387 2374 520 2456 γενέσθαι
534 2376 637 2433 ἐείκοσι
651 2376 712 2434 ἔτεα
724 2377 882 2455 ποιευμένῃ·

86 2468 136 2538 τῆς
157 2468 219 2522 ε’στι
238 2467 369 2540 πανταχῆ
390 2463 518 2539 μέτωπον
539 2462 658 2521 ἕκαστον
681 2461 753 2522 ὄκτολ
773 2463 884 2540 πλέθρα

86 2550 187 2626 ἐούσης
199 2551 378 2630 τετραγώνου,
393 2551 439 2608 καὶ
455 2548 525 2627 ὕψος
541 2549 614 2609 ἴσον·
636 2549 719 2609 λίθου
735 2550 765 2609 δὲ
783 2550 884 2618 ξεστοῦ

86 2661 118 2698 τε
137 2641 183 2697 καὶ
203 2639 382 2714 ἁρμοσμένου
402 2638 438 2697 τοὶ
457 2637 595 2715 μάλιστα·
617 2635 705 2699 οὐδεὶς
723 2641 778 2696 τῶν
798 2637 885 2697 λίθων

86 2727 235 2802 τριήκοντα
247 2727 339 2786 ποδῶν
353 2725 494 2785 ἐλάσσων.
527 2723 665 2799 Ἐποιήθη
678 2724 708 2783 δὲ
725 2722 776 2783 ὧδε
793 2723 863 2800 αὕτη
874 2725 929 2785 125

86 2815 105 2889 η’
131 2816 260 2893 πυραμὶς,
289 2813 461 2890 ἀναβαθμῶν
487 2812 601 2890 τρόπον·
632 2812 682 2875 τάς
711 2811 883 2889 μετεξέτεροι

87 2903 213 2979 κρόσσας
237 2906 263 2962 οἱ
289 2903 320 2961 δὲ
341 2902 469 2978 βωμίδας
492 2899 672 2976 ὀνομάζουσι·
702 2898 831 2974 τοιαύτην
850 2896 884 2957 τδ

86 2996 196 3067 πρῶτον
209 2991 272 3049 ἐπεί
286 3015 317 3049 τε
331 2990 467 3066 ἐποίησαν
481 2986 576 3063 αθτὴν,
590 2985 684 3064 ἤειρον
699 2986 763 3050 τούς
780 2986 884 3045 ε’πιλοί·

86 3103 157 3142 πους
165 3080 262 3141 λίθους
273 3082 419 3156 μηχανῇσι
429 3077 520 3146 ξύλων
528 3076 660 3156 βραχέων
669 3074 897 3151 πεποιημέυησὴ

84 3166 215 3244 χαμάθεν
222 3168 278 3242 μὲν
287 3167 332 3225 ε’πῖ
341 3165 392 3227 τόν
401 3169 515 3246 πρῶτον
527 3170 650 3247 στοῖχον
661 3167 718 3224 τῶν
731 3158 919 3236 δυοβαδιιῗυ*

76 3251 222 3374 αἐιρηητες,
236 3251 309 3319 ὅκως
321 3253 354 3316 δὲ
367 3254 447 3319 α’νίοι
460 3256 477 3320 ό
491 3258 580 3324 λίθος
596 3255 638 3318 ἑτέ
657 3251 767 3321 αιίτδν,
780 3253 824 3310 εἰς
836 3242 945 3313 ‘istm'
