2040 3464
93 108 236 172 ιιι-ιτα]
439 111 550 158 mm.
860 115 893 165 τε

90 191 215 267 Αἰγαῖαι,
244 187 364 265 Μύρινα,
384 188 512 265 Γρύνεια·
542 186 623 248 οὗτοι
649 189 744 248 ἕνδεκα
769 191 894 251 Αἰολέων

90 273 189 338 πόλιες
209 277 238 334 αἱ
258 274 381 353 οἰρχαῖαι·
408 277 459 350 μία
478 275 534 356 γόρ
555 282 651 351 σφεων
669 277 815 353 παρελύθη
836 278 893 339 ύπό

90 360 197 433 Ἰώνων,
219 362 342 439 Σμύρνη·
362 361 437 438 ἦσαν
455 364 510 444 γυίρ
531 365 576 421 καί
593 361 674 422 αὗται
686 363 807 423 δυιύδεκα
820 369 849 423 αἱ
864 371 894 425 ἐν

91 455 127 528 τῇ
147 450 261 529 ἠπείρῳ.
295 449 372 510 οὗτοι
390 451 420 509 δὲ
441 455 468 510 οἱ
483 452 600 514 Αἰολέες
615 450 710 529 χώρην
725 455 777 528 μὲν
794 454 891 532 ἔτυχον

91 537 236 600 κτίσαντες
261 536 364 612 ἀμείνω
388 536 494 609 Ἰώνων,
523 538 614 614 ὦρέων
640 539 670 597 δὲ
696 538 820 614 ἥκουσαν
842 540 892 600 ούκ

90 624 200 701 ὁμοίως.
235 623 365 701 Σμύρνην
378 625 408 684 δὲ
427 623 479 684 ὦδε
496 625 644 701 ἀπέβαλον
657 627 781 688 Αἰολέες.
815 632 938 690 Κο-Ιδθ

79 714 246 788 ,λοφωνίους
260 711 360 788 ἄνδρας
373 711 461 772 στοίσι
477 715 651 775 ἐσσωθέντας
665 715 711 772 καί
724 715 892 780 ἐκπεσόντας

76 804 121 864 ,ἐκ
133 805 184 876 τῆς
196 801 329 876 πατρίδος
337 800 513 870 ὑπεδέξαντο·
534 801 606 878 μετοὶ
619 802 657 871 δὲ,
668 805 695 860 οἱ
709 802 830 882 φυγάδες
838 808 893 864 τῶν

90 889 282 964 Κολοφωνίων
295 888 471 963 φυλάξαντες
482 888 546 952 τούς
560 891 732 966 Σμυρναίους
744 890 829 966 ὁρτὴν
842 892 893 961 ἔξω

89 977 195 1054 τείχεος
215 978 393 1053 ποιευμένους
415 977 551 1056 Διονύσῳ,
574 977 624 1040 τοίς
644 978 736 1040 πύλας
757 978 892 1054 οἷποκληΐ·

90 1089 191 1126 σαντες
214 1066 299 1142 ἔσχον
318 1064 370 1140 τὴν
385 1065 480 1124 πόλιν·
507 1065 713 1141 βοηθησόντων
732 1065 761 1124 δὲ
781 1066 892 1126 πάντων

89 1152 222 1222 Αἰολέων,
237 1152 376 1232 ὁμολογίῃ
391 1152 603 1230 ἐχρήσαντο,τᾶ
617 1155 722 1211 ἔπιπλα
733 1153 891 1213 ἀποδόντων

89 1245 144 1298 τῶν
163 1239 261 1299 Ἰώνων
278 1245 401 1299 ἐκλιπεῖν
415 1240 547 1317 Σμύρνην
565 1241 694 1303 Αἰολέας·
718 1240 893 1316 ποιησόντων

89 1327 227 1387 δὲταῦτα
248 1329 417 1406 Σμυρναίων,
440 1328 621 1388 ἐπιδιείλοντό
642 1335 734 1403 σφεας
752 1332 781 1386 αἱ
798 1329 893 1387 ἕνδεκα

89 1415 195 1487 πόλιες,
223 1419 268 1475 καὶ
296 1416 466 1490 ἐποιήσαντο
493 1417 589 1491 σφέων
616 1416 719 1475 αὐτέων
745 1416 891 1490 πολιήτας.

89 1501 179 1563 Αὗται
196 1505 248 1581 μέν
261 1531 309 1564 νυν
323 1507 352 1562 αἰ
368 1502 545 1580 ἠπειρώτιδες
561 1504 689 1566 Αἰολίδες
701 1503 807 1573 πόλιες,
822 1504 872 1572 ἔξω
882 1507 936 1564 151

88 1596 144 1651 τῶν
165 1597 193 1651 ἐν
210 1597 247 1671 τῇ
260 1591 323 1671 Ἴδη
343 1593 503 1668 οἰκημένων·
526 1593 707 1671 κεχωρίδαται
725 1592 780 1672 γὰρ
801 1588 891 1650 αὗται·

89 1683 119 1737 αἱ
132 1679 161 1738 δὲ
173 1679 223 1743 τοίς
236 1679 340 1756 νήσους
353 1681 477 1757 ἔχουσαι,
492 1683 573 1739 πέντε
587 1683 638 1756 μὲν
646 1679 743 1742 πόλιες
755 1679 807 1754 τήν
817 1680 892 1739 Λέσ·

88 1769 145 1842 βον
165 1769 307 1844 νέμονται·
333 1766 385 1843 την
403 1768 457 1848 γοίρ
479 1769 560 1843 ἕκτην
578 1773 657 1847 ἐντῇ
678 1768 785 1846 Λέσβῳ
805 1772 891 1827 οἰκεο·

88 1856 175 1931 μένην
195 1855 337 1932 Ἀρίσβαν
357 1854 566 1930 ἠνδραπόδισαν
592 1857 774 1931 Μηθυμναῖοι
797 1849 894 1918 ἐόνταςΙ

88 1943 235 2020 ὁμαίμους·
257 1949 286 2003 ἐν
303 1944 408 2021 Τενέδῳ
427 1944 456 2002 δὲ
474 1945 526 2019 μία
547 1944 665 2002 οἰκέεται
685 1942 776 2013 πόλις,
797 1945 891 2004 καὶέν

88 2036 157 2110 τῇσι
168 2030 402 2107 Ἑκατοννήσοισι
415 2033 602 2110 καλεομένῃσι
616 2032 693 2107 ἄλλη
705 2032 767 2108 μία.

130 2121 287 2196 Λεσβίοισι
299 2119 352 2197 μέν
364 2145 413 2179 νυν
426 2121 472 2178 καὶ
486 2120 647 2190 Τενεδίοισι,
657 2119 780 2195 κατάπερ
793 2118 892 2178 Ἰώνων

88 2212 166 2267 τοῖσι
185 2206 235 2270 τοίς
255 2206 358 2282 νήσους
379 2208 485 2285 έχουσι,
503 2206 538 2282 ἦν
557 2206 645 2266 δεινόν
668 2206 756 2266 ούδέν·
777 2211 846 2285 τῇσι
862 2207 891 2264 δὲ

89 2299 210 2374 λοιπῇσι
225 2295 326 2355 πόλισι
347 2295 409 2353 ἕαδε
426 2300 504 2374 κοινῇ
515 2294 597 2354 Ἴωσι
616 2295 734 2354 ἕπεσθαι
746 2298 782 2372 τῇ
796 2292 830 2353 ἂν
846 2290 891 2352 οὗ·
985 2371 988 2376 Ι

88 2409 134 2443 τοι
152 2383 326 2464 ἐξηγέωνται.
359 2381 408 2444 Ὠς
424 2384 453 2442 δέ
469 2382 603 2442 ἀπικέατο
624 2387 652 2444 ἐς
670 2381 722 2456 την
739 2381 938 2458 ΣπόρτηνΙόδ

88 2475 145 2531 τῶν
164 2470 262 2530 Ἰιύνων
279 2473 325 2528 καὶ
344 2470 468 2529 Αἰολέων
487 2474 514 2529 οἱ
533 2469 659 2551 ἄγγελοι,
681 2469 764 2548 (κατὰ
783 2469 838 2549 γὰρ
857 2467 891 2544 δῆ

88 2559 176 2637 τοίχος
194 2558 230 2633 ἦν
249 2562 335 2618 ταῦτα
356 2557 563 2636 πρησσόμενα)
585 2558 694 2616 εἵλοντο
710 2555 765 2632 πρό
782 2555 892 2614 πάντων

89 2647 184 2726 λέγειν
201 2646 252 2705 τόν
268 2647 391 2716 Φωκαέα,
408 2652 447 2724 τῷ
466 2645 571 2722 ούνομα
591 2645 626 2719 ἢν
648 2643 805 2721 Πύθερμος·
829 2642 892 2702 όδέ

88 2733 250 2811 πορφύρεόν
262 2760 293 2792 τε
306 2735 370 2811 εἷμα
388 2734 613 2810 περιβαλόμενος
628 2732 662 2793 ὥς
675 2730 709 2790 ἂν
722 2729 892 2807 πυνθανόμε-

88 2847 133 2881 νοι
146 2825 279 2880 πλεῖστοι
293 2822 455 2881 συνέλθοιεν
469 2821 672 2898 Σπαρτιητέων,
682 2820 728 2877 καὶ
742 2817 891 2888 καταστὰς,

90 2912 171 2990 ἔλεγε
190 2909 287 2968 πολλοὶ
305 2909 448 2986 τιμωρέειν
472 2912 598 2967 ἑωυτοῖσι
614 2905 731 2985 χρῄζων·
757 2906 892 2966 Λακεδαι·

89 2996 182 3075 μόνιοι
195 2997 225 3056 δέ
238 2996 270 3056 ού
285 3022 337 3058 κως
353 2997 462 3072 ἤκουον,
477 2995 542 3054 ἀλλ’
557 2995 675 3062 ἀπέδοξέ
688 3000 744 3068 σφι
757 2993 796 3069 μη
809 3018 891 3068 τιμω-

89 3084 258 3162 ρέεινἼωσι.
286 3088 313 3143 οἰ
326 3084 419 3161 μὲνδὴ
430 3083 664 3142 ἀπαλλάσσοντο·
678 3079 897 3156 Λακεδαιμόνιοι.

88 3173 121 3230 δέ
131 3172 313 3251 α’πωσοίμενοι
326 3175 383 3235 τῶν
395 3172 497 3236 Ἰώνων
511 3172 580 3238 τοὺς
594 3168 838 3256 ιἰγγέλους,δμως
849 3165 920 3268 {m}-

77 3264 201 3322 στειλαν
222 3265 444 3348 πεντηκοντέρῳ
466 3264 589 3346 ἄνδρας,
610 3263 648 3327 ως
674 3264 724 3339 μὶν
749 3257 821 3320 ἐμοὶ
834 3252 952 3308 Mam,
