2040 3464
131 117 178 164 350
448 112 630 159 ἨΡΟΔΟΤΟΤ
871 112 930 176 [IV.

129 221 175 256 τες
189 194 278 256 ἐόντες
292 192 477 269 καρποφόροι·
494 191 558 253 τοῦς
572 191 600 249 δὲ
611 190 783 266 ἀττελέβους
794 190 876 250 ε’πειὶν
887 194 932 267 θη-

129 282 261 358 ρεύσωσι,
281 281 428 359 αύῄναντες
447 280 517 357 πρός
534 279 585 338 τόν
598 278 679 354 ἥλιον
694 280 873 349 καταλέουσι,
889 282 934 344 καὶ

131 372 224 427 ἔπειτα
239 370 284 427 ἐπὶ
298 369 374 448 γάλα
394 368 599 431 ἐπιπάσσοντες
615 368 739 426 πίνουσι·
760 372 891 446 γυναῖκας
905 370 933 428 δὲ

130 458 286 531 νομίζοντες
306 457 417 518 πολλάς
438 459 510 534 ἔχειν
531 457 655 525 ἕκαστος,
675 457 813 514 ἐπίκοινον
831 455 935 521 αύτέωιε

130 544 181 618 τὴν
208 546 284 620 μίξιν
314 549 455 603 ποιεῦνται
484 543 577 623 τρόπῳ
605 545 795 621 παραπλησίῳ
822 548 861 621 τῷ
887 546 933 610 καὶ

130 633 331 712 Μασσαγέται·
347 631 429 691 ἐπεάν
440 634 566 690 σκίπωνα
576 631 802 708 προστήσωνται,
816 633 932 710 μίσγον,

131 744 186 776 ται·
207 723 318 794 πρῶτον
332 720 365 794 δή
379 721 531 799 γαμέοντος
542 724 721 797 Νασαμῶνος
731 718 837 794 ἀνδρός,
849 719 933 795 νόμος

131 807 193 865 ἐστὶ
205 807 257 882 την
272 807 385 883 νύμφην
398 807 474 866 νυκτὶ
487 833 522 886 τη
536 807 632 885 πριίτῃ
643 806 688 865 διά
702 807 812 864 πάντων
830 808 932 876 διεξελ-

131 895 189 953 θεῖν
202 899 257 954 τιῦν
271 894 441 970 δαιτυμόνων
453 896 637 975 μισγομένην·
654 895 751 952 τῶνδὲ
766 894 800 956 (ῦς
815 896 932 959 ἕκαστός

131 985 157 1039 οἱ
171 983 269 1061 μιχθῇ,
284 983 355 1040 διδοῖ
368 983 455 1058 δῶρον
468 981 500 1041 τό
516 981 550 1041 άν
564 984 613 1061 ἔχη
632 981 786 1058 φερόμενος
800 983 831 1050 ἐξ
844 985 931 1042 οἴκου·

130 1068 252 1144 ὁρκίοισι
270 1070 299 1128 δὲ
318 1071 364 1127 καὶ
382 1074 500 1147 μαντικῇ
518 1071 652 1148 χρέωνται
670 1070 773 1146 τοιῇδε·
796 1069 933 1144 ὀμνύουσι

128 1160 180 1232 μὲν
196 1157 259 1220 τοῦς
277 1157 354 1234 παρά
370 1157 458 1232 σφίσι
477 1157 576 1233 ἄνδρας
589 1156 777 1219 δικαιοτάτους
791 1158 837 1215 καὶ
851 1157 930 1233 α’ρίσ-

129 1271 193 1307 τους
206 1248 374 1326 λεγομένους
387 1246 526 1325 γενέσθαι,
540 1244 661 1312 τούτους,
675 1249 730 1303 τῶν
749 1244 866 1320 τύμβων
880 1246 930 1305 άπ-

128 1333 250 1408 τόμενοι·
270 1328 452 1409 μαντεύονται
466 1332 495 1390 δέ
510 1333 554 1391 ἐπὶ
569 1337 625 1391 τιῦν
642 1332 786 1410 προγόνων
805 1335 932 1408 φοιτέον-

130 1447 175 1482 τες
187 1422 222 1479 τά
236 1422 360 1496 σήματα,
372 1420 417 1478 καὶ
431 1420 627 1496 κατευξάμενοι
640 1422 930 1496 ἐπικατακοιμέωνται·

129 1509 161 1567 τό
176 1510 199 1567 δ’
213 1509 246 1568 ἂν
260 1511 304 1588 ἴδῃ
318 1515 346 1569 ἐν
359 1514 394 1587 τῇ
408 1508 471 1586 ὄψει
483 1509 616 1578 ἐνύπνιον,
630 1509 717 1586 τούτῳ
730 1514 843 1587 χρᾶται·
865 1513 930 1570 πίσ-

127 1623 187 1655 τισι
201 1599 230 1656 δὲ
243 1598 367 1676 τοιησίδε
385 1599 529 1674 χρέωνται·
551 1602 580 1655 ἐκ
593 1601 643 1671 τῆς
656 1598 749 1675 χειρός
763 1596 835 1656 διδοῖ
847 1605 929 1669 πιεῖν,

129 1687 175 1742 καὶ
191 1685 274 1749 αὐτός
291 1691 320 1744 ἐκ
336 1689 386 1760 τῆς
404 1690 453 1744 τοῦ
472 1687 565 1760 ἐτέρου
583 1685 665 1743 πίνει·
689 1682 723 1759 ἢν
739 1684 768 1741 δὲ
784 1684 824 1759 μη
843 1688 930 1765 ἔχωσι

127 1772 213 1851 ῦγρόν
233 1775 327 1849 μηδὲν,
349 1777 375 1832 οἱ
395 1773 425 1831 δὲ
444 1777 494 1847 τῆς
513 1772 640 1850 χαμάθεν
661 1773 771 1830 σποδοῦ
789 1775 930 1848 λαβόντες

128 1863 267 1938 λείχουσι.

80 1949 137 2005 173
181 1953 344 2025 Νασαμῶσι
363 1948 392 2006 δὲ
410 1948 606 2025 προσόμουροί
619 1952 675 2007 εἰσι
688 1948 808 2007 Ψύλλοι.
852 1948 930 2011 οὗτοι

127 2036 326 2103 ἐξαπολώλασι
353 2034 447 2114 τρόπῳ
470 2037 575 2112 τοιῷδε·
607 2035 624 2095 ὁ
650 2036 729 2098 νότος
756 2042 812 2110 σφι
839 2040 930 2099 πνέων

126 2123 226 2200 άνεμος
245 2123 280 2182 τά
302 2124 403 2200 ἔλυτρα
423 2128 478 2184 τιῦν
496 2123 602 2183 ῦδάτων
621 2122 742 2200 ἐξηύηνε·
766 2123 785 2198 ἦ
804 2125 834 2183 δὲ
850 2127 929 2204 χιόρη

127 2219 183 2287 σφι
201 2216 282 2270 πᾶσα
301 2210 377 2274 ἐντός
396 2216 483 2270 ἐοῦσα
500 2216 551 2285 τῆς
569 2211 693 2289 Σύρτιος,
707 2210 742 2286 ἦν
755 2212 880 2290 ἄνυδρος·
902 2218 929 2274 οἱ

126 2300 163 2368 δὲ,
178 2298 410 2376 βουλευσάμενοι,
426 2304 506 2377 κοινῷ
518 2299 593 2378 λόγω
607 2299 805 2375 ἐστρατεύοντο
820 2302 866 2359 ἐπὶ
877 2303 929 2362 τόν

127 2388 219 2447 νότον·
241 2388 326 2467 (λέγω
340 2387 369 2445 δὲ
382 2392 470 2445 ταῦτα
483 2387 519 2446 τά
532 2389 651 2468 λέγουσι
664 2389 791 2467 Λίβυες)
809 2390 857 2446 καὶ
868 2393 931 2450 ἐπεί

126 2503 156 2534 τε
171 2477 292 2555 ἐγίνοντο
308 2480 336 2534 ἐν
349 2501 384 2552 τη
399 2475 512 2553 ψάμμῳ,
523 2475 645 2538 πνεύσας
660 2475 675 2534 ό
689 2474 769 2537 νότος
782 2477 929 2555 κατέχωσέ

125 2570 226 2637 σφεας·
248 2562 459 2637 ἐξαπολομένων
478 2563 507 2621 δὲ
525 2561 636 2633 τούτων,
650 2563 747 2641 έχουσι
763 2563 817 2636 τήν
833 2565 928 2642 χώρην

81 2654 172 2710 174οἶ
191 2655 374 2724 Νασαμῶνες.
415 2650 525 2709 Τούτων
543 2651 573 2708 δὲ
591 2651 744 2727 κατύπερθε
760 2651 832 2726 πρός
845 2651 927 2712 νότον

124 2737 233 2813 ἄνεμον,
261 2743 290 2796 ἐν
315 2741 351 2815 τῇ
378 2737 505 2813 θηριιόδεϊ
530 2738 653 2798 οἰκέουσι
676 2736 865 2814 Γαράμαντες·
900 2740 927 2799 οἳ

126 2825 216 2884 πάντα
235 2825 379 2901 άνθρωπον
399 2825 538 2906 φεύγουσι
551 2827 597 2885 καὶ
614 2825 718 2888 παντός
731 2826 856 2902 ὁμιλίην·
879 2829 926 2887 καὶ

126 2913 188 2971 οὔτε
212 2912 303 2972 ὅπλον
325 2915 451 2972 ἐκτέαται
469 2913 566 2990 άρήῖον
585 2913 663 2973 οὐδὲν
684 2913 747 2973 οῦτε
769 2913 926 2990 άμύνεσθαι

77 3003 133 3061 175
145 3001 315 3059 ἐπιστέαται.
369 2999 455 3059 Οὗτοι
481 3003 532 3077 μέν
559 3001 593 3076 δὴ
621 3001 775 3079 κατύπερθε
802 3004 926 3062 οἰκέουσι

116 3086 319 3168 Νασαμώνων·
340 3087 373 3150 τό
393 3088 422 3148 δὲ
439 3089 516 3167 παρὰ
532 3089 584 3164 τὴν
602 3088 753 3150 θάλασσαν
767 3089 880 3168 ἔχονται
891 3089 925 3150 τό

37 3208 48 3236 ι
103 3179 181 3256 πρός
211 3181 341 3260 ἑσπέρης
361 3177 474 3240 Μάκαι·
497 3176 653 3252 όὶλόφους
672 3177 860 3251 stimma&
877 3180 927 3252 μὲν

88 3270 200 3339 μέσον
214 3275 276 3334 τιῦν
290 3275 411 3334 τοινῶν
429 3269 557 3332 ἀνιέντες
571 3263 711 3330 αῦξεσθῦν
720 3259 759 3318 z&
766 3260 887 3318 82wa
902 3263 947 3313 *ὣ
